Timestamp,ask1,bid1,VWAP
20230705093000000,6.72,6.7,6.71
20230705093000020,6.72,6.7,6.71
20230705093000030,6.72,6.7,6.71
20230705093000040,6.72,6.71,6.71
20230705093000050,6.72,6.7,6.71
20230705093000060,6.71,6.7,6.71
20230705093000070,6.71,6.7,6.71
20230705093000210,6.71,6.7,6.71
20230705093000220,6.71,6.7,6.71
20230705093000230,6.71,6.7,6.71
20230705093000240,6.71,6.7,6.71
20230705093000260,6.71,6.7,6.71
20230705093000270,6.71,6.7,6.71
20230705093000280,6.71,6.7,6.71
20230705093000290,6.71,6.71,6.71
20230705093000300,6.71,6.71,6.71
20230705093000310,6.71,6.71,6.71
20230705093000320,6.71,6.71,6.71
20230705093000350,6.71,6.71,6.71
20230705093000390,6.71,6.71,6.71
20230705093000760,6.71,6.71,6.71
20230705093000770,6.71,6.71,6.71
20230705093000780,6.71,6.71,6.71
20230705093000790,6.71,6.71,6.71
20230705093000800,6.72,6.71,6.71
20230705093000810,6.71,6.71,6.71
20230705093000830,6.71,6.71,6.71
20230705093000840,6.71,6.71,6.71
20230705093000850,6.71,6.71,6.71
20230705093000860,6.71,6.71,6.71
20230705093000870,6.71,6.71,6.71
20230705093000890,6.71,6.71,6.71
20230705093000900,6.71,6.71,6.71
20230705093000910,6.71,6.71,6.71
20230705093000920,6.71,6.71,6.71
20230705093000930,6.71,6.71,6.71
20230705093000950,6.71,6.71,6.71
20230705093000960,6.71,6.7,6.709791154791155
20230705093000970,6.71,6.7,6.709791154791155
20230705093000980,6.71,6.7,6.709791154791155
20230705093000990,6.71,6.7,6.709791154791155
20230705093001000,6.71,6.7,6.709791154791155
20230705093001020,6.71,6.7,6.709796163069544
20230705093001030,6.71,6.7,6.709796163069544
20230705093001050,6.71,6.7,6.709796163069544
20230705093001090,6.71,6.7,6.709796163069544
20230705093001110,6.7,6.7,6.70968009478673
20230705093001120,6.7,6.7,6.70968009478673
20230705093001130,6.7,6.7,6.70968009478673
20230705093001140,6.7,6.7,6.70968009478673
20230705093001150,6.7,6.7,6.70968009478673
20230705093001160,6.7,6.7,6.70968009478673
20230705093001170,6.7,6.7,6.70968009478673
20230705093001180,6.7,6.7,6.70936
20230705093001190,6.7,6.7,6.70936
20230705093001210,6.7,6.7,6.70936
20230705093001940,6.7,6.7,6.709360730593607
20230705093001950,6.7,6.7,6.709360730593607
20230705093002000,6.7,6.7,6.709360730593607
20230705093002020,6.7,6.7,6.709360730593607
20230705093002030,6.7,6.7,6.709360730593607
20230705093002040,6.7,6.7,6.709360730593607
20230705093002050,6.71,6.7,6.709366515837104
20230705093002060,6.71,6.7,6.709366515837104
20230705093002070,6.71,6.7,6.709366515837104
20230705093002110,6.71,6.7,6.709366515837104
20230705093002130,6.71,6.7,6.709366515837104
20230705093002150,6.71,6.7,6.709366515837104
20230705093002180,6.71,6.7,6.709366515837104
20230705093002190,6.71,6.7,6.709366515837104
20230705093002210,6.71,6.7,6.709366515837104
20230705093002220,6.71,6.7,6.709366515837104
20230705093002270,6.71,6.7,6.709366515837104
20230705093002290,6.71,6.7,6.709366515837104
20230705093002330,6.71,6.7,6.709366515837104
20230705093002350,6.71,6.7,6.709366515837104
20230705093002380,6.71,6.7,6.709366515837104
20230705093002400,6.71,6.7,6.709366515837104
20230705093002420,6.71,6.7,6.709461020211742
20230705093002430,6.71,6.7,6.709461020211742
20230705093002450,6.71,6.7,6.709461020211742
20230705093002460,6.71,6.7,6.709461020211742
20230705093002490,6.71,6.7,6.709461020211742
20230705093002540,6.71,6.7,6.709461020211742
20230705093002560,6.71,6.7,6.709461020211742
20230705093002570,6.71,6.7,6.709461020211742
20230705093002580,6.71,6.7,6.709461020211742
20230705093002600,6.71,6.7,6.709461020211742
20230705093002620,6.71,6.7,6.709461020211742
20230705093002630,6.71,6.7,6.709461020211742
20230705093002640,6.71,6.7,6.709461020211742
20230705093002650,6.71,6.7,6.709461020211742
20230705093002690,6.71,6.7,6.709461020211742
20230705093002700,6.71,6.7,6.709461020211742
20230705093003880,6.71,6.7,6.709461020211742
20230705093003900,6.71,6.7,6.709461020211742
20230705093003940,6.71,6.7,6.709461020211742
20230705093003950,6.71,6.7,6.709461020211742
20230705093003960,6.71,6.7,6.709461020211742
20230705093004010,6.71,6.7,6.709461020211742
20230705093004030,6.71,6.7,6.709461020211742
20230705093004060,6.71,6.7,6.7094736842105265
20230705093004070,6.71,6.7,6.7094736842105265
20230705093004130,6.71,6.7,6.709293577981652
20230705093004140,6.71,6.7,6.709044642857143
20230705093004150,6.71,6.7,6.709044642857143
20230705093004170,6.71,6.7,6.709044642857143
20230705093004180,6.71,6.7,6.709044642857143
20230705093004200,6.71,6.7,6.709044642857143
20230705093004220,6.71,6.7,6.708993821712268
20230705093004230,6.7,6.7,6.708938596491228
20230705093004310,6.7,6.7,6.708938596491228
20230705093004330,6.7,6.7,6.708938596491228
20230705093004360,6.7,6.7,6.708930762489045
20230705093004400,6.7,6.7,6.708930762489045
20230705093004460,6.7,6.7,6.708930762489045
20230705093004540,6.7,6.7,6.708930762489045
20230705093004560,6.7,6.7,6.708922942206655
20230705093004600,6.7,6.7,6.708922942206655
20230705093004690,6.7,6.7,6.708922942206655
20230705093004710,6.7,6.7,6.708922942206655
20230705093004790,6.7,6.7,6.708922942206655
20230705093004810,6.7,6.7,6.708922942206655
20230705093004850,6.7,6.7,6.708884045335658
20230705093004910,6.7,6.7,6.708837814397224
20230705093004940,6.7,6.7,6.708837814397224
20230705093004950,6.7,6.7,6.708837814397224
20230705093004960,6.7,6.7,6.708837814397224
20230705093005010,6.7,6.7,6.708837814397224
20230705093005020,6.7,6.7,6.708807260155575
20230705093005030,6.7,6.7,6.708807260155575
20230705093007670,6.7,6.7,6.708807260155575
20230705093007700,6.7,6.7,6.708807260155575
20230705093007860,6.7,6.7,6.708807260155575
20230705093007940,6.7,6.7,6.708807260155575
20230705093008250,6.7,6.7,6.708807260155575
20230705093008350,6.7,6.7,6.708807260155575
20230705093009040,6.7,6.7,6.708807260155575
20230705093009060,6.7,6.7,6.708807260155575
20230705093009140,6.7,6.7,6.708807260155575
20230705093009250,6.7,6.7,6.708799654576857
20230705093009320,6.7,6.7,6.708799654576857
20230705093010100,6.69,6.7,6.708637532133676
20230705093010110,6.69,6.7,6.708637532133676
20230705093010120,6.69,6.7,6.708637532133676
20230705093010160,6.69,6.7,6.708621575342466
20230705093010220,6.69,6.7,6.708621575342466
20230705093010230,6.69,6.7,6.708621575342466
20230705093010250,6.69,6.7,6.708621575342466
20230705093010270,6.69,6.7,6.708621575342466
20230705093010340,6.69,6.7,6.708621575342466
20230705093010350,6.69,6.7,6.708621575342466
20230705093010450,6.69,6.7,6.708621575342466
20230705093010460,6.69,6.7,6.708621575342466
20230705093014610,6.69,6.7,6.708621575342466
20230705093015020,6.69,6.7,6.708621575342466
20230705093015120,6.69,6.7,6.708621575342466
20230705093015130,6.69,6.7,6.708621575342466
20230705093015150,6.69,6.7,6.708621575342466
20230705093015180,6.69,6.7,6.708621575342466
20230705093015510,6.69,6.68,6.706076443057722
20230705093015730,6.69,6.68,6.7059147286821705
20230705093015910,6.69,6.68,6.705782575173477
20230705093015940,6.69,6.68,6.7057582755966125
20230705093015960,6.69,6.68,6.7057582755966125
20230705093016000,6.69,6.68,6.7057582755966125
20230705093016160,6.69,6.68,6.705746153846154
20230705093016260,6.69,6.68,6.705746153846154
20230705093016320,6.69,6.68,6.705746153846154
20230705093016410,6.69,6.68,6.704450109249818
20230705093016420,6.69,6.68,6.704450109249818
20230705093016540,6.69,6.68,6.704450109249818
20230705093016630,6.69,6.68,6.704345625451916
20230705093018520,6.69,6.68,6.704345625451916
20230705093019080,6.69,6.68,6.704345625451916
20230705093019110,6.69,6.68,6.704345625451916
20230705093019120,6.69,6.68,6.704345625451916
20230705093019140,6.69,6.68,6.704345625451916
20230705093019160,6.69,6.68,6.704345625451916
20230705093019170,6.69,6.68,6.704345625451916
20230705093019190,6.69,6.68,6.704345625451916
20230705093019430,6.69,6.68,6.704345625451916
20230705093019490,6.69,6.68,6.704345625451916
20230705093019510,6.69,6.68,6.704345625451916
20230705093019570,6.69,6.68,6.704345625451916
20230705093021510,6.69,6.68,6.704345625451916
20230705093021520,6.69,6.68,6.704345625451916
20230705093021540,6.69,6.68,6.704345625451916
20230705093021590,6.69,6.68,6.704345625451916
20230705093021970,6.69,6.68,6.704345625451916
20230705093022030,6.69,6.68,6.704345625451916
20230705093022070,6.69,6.68,6.704345625451916
20230705093022300,6.69,6.68,6.704345625451916
20230705093024000,6.69,6.68,6.704345625451916
20230705093024080,6.69,6.68,6.704345625451916
20230705093024090,6.69,6.67,6.701149497487437
20230705093024100,6.69,6.67,6.701004366812227
20230705093024110,6.69,6.67,6.700005941770647
20230705093024120,6.69,6.67,6.700005941770647
20230705093024130,6.69,6.67,6.700005941770647
20230705093024220,6.69,6.68,6.700005941770647
20230705093024230,6.69,6.68,6.700005941770647
20230705093024440,6.69,6.68,6.700005941770647
20230705093024450,6.69,6.68,6.700005941770647
20230705093024460,6.69,6.68,6.700005941770647
20230705093024560,6.69,6.68,6.700005941770647
20230705093025010,6.69,6.68,6.698810055865922
20230705093025020,6.69,6.68,6.698810055865922
20230705093025030,6.69,6.68,6.69871270718232
20230705093025050,6.69,6.68,6.69871270718232
20230705093025080,6.69,6.68,6.698692052980133
20230705093025090,6.68,6.67,6.697531055900621
20230705093025110,6.68,6.67,6.697531055900621
20230705093025130,6.68,6.67,6.697531055900621
20230705093025140,6.68,6.67,6.697531055900621
20230705093026790,6.68,6.67,6.697531055900621
20230705093027090,6.68,6.67,6.697516813243663
20230705093027140,6.68,6.67,6.697516813243663
20230705093027400,6.68,6.67,6.697516813243663
20230705093027460,6.68,6.67,6.697516813243663
20230705093029400,6.68,6.67,6.697489669421488
20230705093029460,6.68,6.67,6.697489669421488
20230705093029500,6.68,6.67,6.697489669421488
20230705093029770,6.68,6.67,6.697489669421488
20230705093029780,6.68,6.67,6.697489669421488
20230705093030000,6.68,6.67,6.69707513867877
20230705093030010,6.68,6.67,6.696671590349582
20230705093030020,6.68,6.67,6.696647000983284
20230705093030030,6.68,6.67,6.696325940212151
20230705093030050,6.68,6.67,6.696224245328223
20230705093030130,6.68,6.67,6.696070242050308
20230705093030180,6.68,6.67,6.696062618595826
20230705093030300,6.68,6.67,6.696062618595826
20230705093030390,6.68,6.67,6.696062618595826
20230705093032030,6.68,6.67,6.696062618595826
20230705093032070,6.68,6.67,6.696039791567977
20230705093032230,6.68,6.67,6.696039791567977
20230705093032520,6.68,6.67,6.696039791567977
20230705093032560,6.68,6.67,6.696039791567977
20230705093032860,6.68,6.67,6.696039791567977
20230705093032930,6.68,6.67,6.696039791567977
20230705093033010,6.68,6.67,6.696039791567977
20230705093033030,6.68,6.67,6.696039791567977
20230705093035140,6.68,6.67,6.696039791567977
20230705093035480,6.68,6.67,6.696039791567977
20230705093035560,6.68,6.67,6.695964167845356
20230705093035810,6.68,6.67,6.695964167845356
20230705093037380,6.68,6.67,6.695964167845356
20230705093037420,6.68,6.67,6.695964167845356
20230705093037450,6.68,6.67,6.695964167845356
20230705093037500,6.68,6.67,6.695964167845356
20230705093038010,6.68,6.67,6.695964167845356
20230705093038020,6.68,6.67,6.695964167845356
20230705093038070,6.68,6.67,6.695858348968105
20230705093038080,6.68,6.67,6.695843486410497
20230705093038150,6.68,6.67,6.695843486410497
20230705093038230,6.68,6.67,6.695843486410497
20230705093038420,6.68,6.67,6.695843486410497
20230705093040140,6.68,6.67,6.695843486410497
20230705093040440,6.68,6.67,6.695799065420561
20230705093040510,6.68,6.67,6.695799065420561
20230705093040610,6.68,6.67,6.695799065420561
20230705093040620,6.68,6.67,6.695799065420561
20230705093040630,6.68,6.67,6.695799065420561
20230705093040680,6.68,6.67,6.695799065420561
20230705093041030,6.68,6.67,6.695799065420561
20230705093041160,6.68,6.67,6.695799065420561
20230705093041200,6.68,6.67,6.695799065420561
20230705093043120,6.68,6.67,6.695791686127977
20230705093043150,6.68,6.67,6.695791686127977
20230705093043180,6.68,6.67,6.695791686127977
20230705093043510,6.68,6.67,6.695791686127977
20230705093045580,6.68,6.67,6.695791686127977
20230705093045610,6.68,6.67,6.695791686127977
20230705093045830,6.68,6.67,6.695791686127977
20230705093046100,6.68,6.67,6.695791686127977
20230705093046120,6.68,6.67,6.695791686127977
20230705093046220,6.68,6.67,6.695791686127977
20230705093046730,6.68,6.67,6.695791686127977
20230705093048450,6.68,6.67,6.695791686127977
20230705093048560,6.68,6.67,6.695791686127977
20230705093049190,6.68,6.67,6.695791686127977
20230705093049370,6.68,6.67,6.695791686127977
20230705093051250,6.68,6.67,6.695791686127977
20230705093051270,6.68,6.67,6.695791686127977
20230705093051500,6.68,6.67,6.695791686127977
20230705093051660,6.68,6.67,6.695791686127977
20230705093051780,6.68,6.67,6.695791686127977
20230705093051920,6.68,6.67,6.695791686127977
20230705093052140,6.68,6.67,6.695791686127977
20230705093054130,6.68,6.67,6.693598290598291
20230705093054390,6.68,6.67,6.693598290598291
20230705093054440,6.68,6.67,6.693598290598291
20230705093054640,6.68,6.67,6.693598290598291
20230705093054760,6.68,6.67,6.693598290598291
20230705093057190,6.68,6.67,6.693299578059071
20230705093057240,6.68,6.67,6.693201680672269
20230705093057370,6.68,6.67,6.693201680672269
20230705093057490,6.68,6.67,6.693201680672269
20230705093058990,6.68,6.67,6.692960498960499
20230705093059050,6.68,6.67,6.692960498960499
20230705093059080,6.68,6.67,6.692950955943474
20230705093059130,6.68,6.67,6.692950955943474
20230705093059420,6.68,6.67,6.692950955943474
20230705093059520,6.68,6.67,6.692950955943474
20230705093059530,6.68,6.67,6.692950955943474
20230705093059540,6.68,6.67,6.6928748964374485
20230705093059800,6.68,6.67,6.692865424430642
20230705093059870,6.68,6.67,6.692865424430642
20230705093100000,6.68,6.67,6.692865424430642
20230705093100010,6.68,6.67,6.692865424430642
20230705093100020,6.68,6.67,6.692865424430642
20230705093100030,6.68,6.67,6.692865424430642
20230705093100040,6.68,6.67,6.692752369180058
20230705093100050,6.68,6.67,6.692752369180058
20230705093101820,6.68,6.67,6.692752369180058
20230705093102320,6.68,6.67,6.692752369180058
20230705093102490,6.68,6.67,6.692752369180058
20230705093102500,6.68,6.67,6.692752369180058
20230705093102520,6.67,6.67,6.692752369180058
20230705093102530,6.67,6.67,6.692752369180058
20230705093102560,6.67,6.67,6.692752369180058
20230705093102610,6.67,6.67,6.692752369180058
20230705093102730,6.68,6.67,6.692752369180058
20230705093102750,6.68,6.67,6.692752369180058
20230705093102760,6.68,6.67,6.692752369180058
20230705093102820,6.67,6.67,6.692752369180058
20230705093102830,6.68,6.67,6.692752369180058
20230705093102860,6.68,6.67,6.692752369180058
20230705093104420,6.68,6.67,6.692752369180058
20230705093104480,6.68,6.67,6.692752369180058
20230705093104500,6.68,6.67,6.692752369180058
20230705093104930,6.68,6.67,6.692752369180058
20230705093105400,6.67,6.67,6.692752369180058
20230705093105430,6.67,6.67,6.692752369180058
20230705093105470,6.68,6.67,6.692752369180058
20230705093105630,6.67,6.67,6.692752369180058
20230705093107070,6.67,6.67,6.692752369180058
20230705093107080,6.67,6.67,6.692752369180058
20230705093107090,6.67,6.67,6.692752369180058
20230705093107130,6.67,6.67,6.692752369180058
20230705093107170,6.67,6.67,6.692752369180058
20230705093107480,6.67,6.67,6.692752369180058
20230705093107720,6.67,6.67,6.692752369180058
20230705093108320,6.67,6.67,6.692752369180058
20230705093110090,6.67,6.67,6.692752369180058
20230705093110130,6.67,6.67,6.692752369180058
20230705093110240,6.67,6.67,6.6900805270863835
20230705093110340,6.67,6.67,6.689333808336302
20230705093110350,6.67,6.67,6.689333808336302
20230705093110410,6.67,6.67,6.689333808336302
20230705093110610,6.67,6.67,6.689333808336302
20230705093110630,6.67,6.67,6.689333808336302
20230705093110660,6.67,6.67,6.689333808336302
20230705093110680,6.67,6.67,6.689333808336302
20230705093110700,6.67,6.67,6.689333808336302
20230705093110900,6.67,6.67,6.689333808336302
20230705093110940,6.67,6.67,6.689333808336302
20230705093112540,6.67,6.67,6.689281905439033
20230705093112670,6.67,6.67,6.689281905439033
20230705093112680,6.67,6.67,6.689281905439033
20230705093112770,6.67,6.67,6.689281905439033
20230705093112850,6.67,6.67,6.689281905439033
20230705093112940,6.67,6.67,6.689281905439033
20230705093113080,6.67,6.67,6.689281905439033
20230705093113090,6.67,6.67,6.689281905439033
20230705093113150,6.67,6.67,6.689281905439033
20230705093113230,6.67,6.67,6.689281905439033
20230705093113270,6.67,6.67,6.689281905439033
20230705093113650,6.67,6.67,6.68909636427815
20230705093113700,6.67,6.67,6.68909636427815
20230705093115210,6.67,6.67,6.68909636427815
20230705093115220,6.67,6.67,6.68909636427815
20230705093115540,6.67,6.67,6.68909636427815
20230705093115600,6.67,6.67,6.6889634574841885
20230705093116030,6.67,6.67,6.6889634574841885
20230705093116080,6.67,6.67,6.6889634574841885
20230705093116090,6.67,6.67,6.6889634574841885
20230705093116110,6.67,6.67,6.6889634574841885
20230705093116150,6.67,6.67,6.6889634574841885
20230705093116190,6.67,6.67,6.6889634574841885
20230705093116400,6.67,6.67,6.6889634574841885
20230705093117900,6.67,6.67,6.6889634574841885
20230705093118000,6.67,6.67,6.6889634574841885
20230705093118330,6.67,6.67,6.686990831696137
20230705093118370,6.67,6.67,6.686990831696137
20230705093118530,6.67,6.67,6.686990831696137
20230705093118630,6.67,6.67,6.686990831696137
20230705093118660,6.67,6.67,6.686990831696137
20230705093118680,6.67,6.67,6.686990831696137
20230705093118820,6.67,6.67,6.686990831696137
20230705093118960,6.67,6.67,6.686990831696137
20230705093119070,6.67,6.67,6.686990831696137
20230705093119120,6.67,6.67,6.686990831696137
20230705093120720,6.67,6.67,6.686990831696137
20230705093120730,6.67,6.67,6.686990831696137
20230705093121220,6.67,6.67,6.686990831696137
20230705093121420,6.67,6.67,6.686990831696137
20230705093123590,6.67,6.67,6.686990831696137
20230705093123880,6.67,6.67,6.686990831696137
20230705093124260,6.67,6.67,6.686990831696137
20230705093124340,6.67,6.67,6.686990831696137
20230705093124520,6.67,6.67,6.686990831696137
20230705093126290,6.67,6.67,6.686990831696137
20230705093126430,6.67,6.67,6.686990831696137
20230705093126590,6.67,6.67,6.686990831696137
20230705093126900,6.67,6.67,6.686990831696137
20230705093126980,6.67,6.67,6.686990831696137
20230705093128710,6.67,6.67,6.685472805933251
20230705093128780,6.67,6.67,6.685433508176489
20230705093128950,6.67,6.67,6.685433508176489
20230705093129180,6.67,6.67,6.685433508176489
20230705093129220,6.67,6.67,6.685433508176489
20230705093129230,6.67,6.67,6.685433508176489
20230705093129590,6.67,6.67,6.685433508176489
20230705093129720,6.67,6.67,6.685386510625192
20230705093129810,6.67,6.67,6.685386510625192
20230705093131440,6.67,6.67,6.685386510625192
20230705093131590,6.67,6.67,6.685386510625192
20230705093132010,6.67,6.67,6.685386510625192
20230705093132630,6.67,6.67,6.685322481572482
20230705093134090,6.67,6.67,6.685322481572482
20230705093134110,6.67,6.67,6.685322481572482
20230705093134170,6.67,6.67,6.685322481572482
20230705093134230,6.67,6.67,6.685322481572482
20230705093134800,6.67,6.67,6.685322481572482
20230705093135080,6.67,6.67,6.685322481572482
20230705093135180,6.67,6.67,6.685322481572482
20230705093136960,6.67,6.67,6.685322481572482
20230705093136970,6.67,6.67,6.685322481572482
20230705093137090,6.67,6.67,6.685322481572482
20230705093137780,6.67,6.67,6.685322481572482
20230705093139650,6.67,6.67,6.685322481572482
20230705093139660,6.67,6.67,6.685322481572482
20230705093139750,6.67,6.67,6.685322481572482
20230705093140040,6.67,6.67,6.685322481572482
20230705093140270,6.67,6.67,6.685322481572482
20230705093142390,6.67,6.67,6.685322481572482
20230705093142480,6.67,6.67,6.685322481572482
20230705093142500,6.67,6.67,6.685322481572482
20230705093142530,6.67,6.67,6.685322481572482
20230705093142590,6.67,6.67,6.685322481572482
20230705093142810,6.67,6.67,6.685322481572482
20230705093143140,6.67,6.67,6.685163259078426
20230705093143230,6.67,6.67,6.685163259078426
20230705093143260,6.67,6.67,6.685163259078426
20230705093143290,6.67,6.67,6.685163259078426
20230705093145290,6.67,6.67,6.685163259078426
20230705093145300,6.67,6.67,6.685163259078426
20230705093145410,6.67,6.67,6.685163259078426
20230705093145420,6.67,6.67,6.685163259078426
20230705093145490,6.67,6.67,6.685163259078426
20230705093145650,6.67,6.67,6.685163259078426
20230705093145730,6.67,6.67,6.685163259078426
20230705093146110,6.67,6.67,6.685163259078426
20230705093147740,6.67,6.67,6.685163259078426
20230705093147770,6.67,6.67,6.685163259078426
20230705093147930,6.67,6.67,6.685163259078426
20230705093148040,6.67,6.67,6.685163259078426
20230705093148130,6.67,6.67,6.685163259078426
20230705093148270,6.67,6.67,6.685163259078426
20230705093148290,6.67,6.67,6.685163259078426
20230705093148420,6.67,6.67,6.685163259078426
20230705093148780,6.67,6.67,6.685163259078426
20230705093150450,6.67,6.67,6.685163259078426
20230705093150760,6.67,6.67,6.685163259078426
20230705093150970,6.67,6.67,6.685163259078426
20230705093150980,6.67,6.67,6.685163259078426
20230705093151090,6.67,6.67,6.685163259078426
20230705093153310,6.67,6.67,6.685163259078426
20230705093153380,6.67,6.67,6.685163259078426
20230705093153410,6.67,6.67,6.685163259078426
20230705093153440,6.67,6.67,6.685163259078426
20230705093153540,6.67,6.67,6.685163259078426
20230705093153650,6.67,6.67,6.685163259078426
20230705093156070,6.67,6.67,6.685163259078426
20230705093156240,6.67,6.66,6.684241726618705
20230705093156250,6.67,6.67,6.684241726618705
20230705093156310,6.67,6.67,6.684241726618705
20230705093156430,6.67,6.67,6.684241726618705
20230705093156660,6.67,6.67,6.684241726618705
20230705093156930,6.67,6.67,6.684241726618705
20230705093158560,6.67,6.67,6.684241726618705
20230705093158960,6.67,6.67,6.684241726618705
20230705093159160,6.67,6.67,6.684241726618705
20230705093159600,6.67,6.67,6.684241726618705
20230705093201080,6.67,6.67,6.684241726618705
20230705093201090,6.67,6.67,6.684241726618705
20230705093201100,6.67,6.67,6.684241726618705
20230705093201190,6.67,6.67,6.684241726618705
20230705093201220,6.67,6.67,6.684241726618705
20230705093201360,6.67,6.67,6.684241726618705
20230705093201440,6.67,6.67,6.684241726618705
20230705093201610,6.67,6.67,6.684241726618705
20230705093201770,6.67,6.67,6.684241726618705
20230705093201850,6.67,6.67,6.684241726618705
20230705093202020,6.67,6.67,6.684241726618705
20230705093202120,6.67,6.67,6.684241726618705
20230705093204070,6.67,6.67,6.684241726618705
20230705093204090,6.67,6.67,6.684241726618705
20230705093204110,6.67,6.67,6.684241726618705
20230705093204190,6.67,6.67,6.684241726618705
20230705093204590,6.67,6.67,6.684241726618705
20230705093204900,6.67,6.67,6.684241726618705
20230705093206480,6.67,6.67,6.684241726618705
20230705093206750,6.67,6.67,6.684241726618705
20230705093207090,6.67,6.67,6.684241726618705
20230705093207110,6.67,6.67,6.684241726618705
20230705093207150,6.67,6.67,6.684241726618705
20230705093207160,6.67,6.67,6.684241726618705
20230705093207730,6.67,6.67,6.684241726618705
20230705093209350,6.67,6.67,6.684241726618705
20230705093209520,6.67,6.67,6.684241726618705
20230705093209630,6.67,6.67,6.684241726618705
20230705093209720,6.67,6.67,6.684241726618705
20230705093209740,6.67,6.67,6.684241726618705
20230705093209960,6.67,6.67,6.684241726618705
20230705093210080,6.67,6.67,6.684241726618705
20230705093210110,6.67,6.67,6.684241726618705
20230705093212010,6.67,6.67,6.684241726618705
20230705093212100,6.67,6.67,6.684241726618705
20230705093212130,6.67,6.67,6.684241726618705
20230705093212470,6.67,6.66,6.683819307627357
20230705093212770,6.67,6.66,6.683819307627357
20230705093213080,6.67,6.66,6.683701842546063
20230705093214670,6.67,6.66,6.683701842546063
20230705093215200,6.67,6.66,6.683701842546063
20230705093215220,6.67,6.66,6.683701842546063
20230705093215290,6.67,6.66,6.683701842546063
20230705093215550,6.67,6.66,6.683701842546063
20230705093215640,6.67,6.66,6.683701842546063
20230705093217440,6.67,6.66,6.683701842546063
20230705093217480,6.67,6.66,6.683701842546063
20230705093217490,6.67,6.66,6.683701842546063
20230705093217780,6.67,6.66,6.683701842546063
20230705093217970,6.67,6.66,6.683701842546063
20230705093220020,6.67,6.66,6.683701842546063
20230705093220040,6.67,6.66,6.683701842546063
20230705093220180,6.67,6.66,6.683701842546063
20230705093220270,6.67,6.66,6.683701842546063
20230705093220470,6.67,6.66,6.683701842546063
20230705093220720,6.67,6.66,6.683701842546063
20230705093220730,6.67,6.66,6.683701842546063
20230705093221110,6.67,6.66,6.683701842546063
20230705093222730,6.67,6.66,6.683701842546063
20230705093223120,6.67,6.66,6.683701842546063
20230705093223330,6.67,6.66,6.683701842546063
20230705093223360,6.67,6.66,6.683701842546063
20230705093223760,6.67,6.66,6.683701842546063
20230705093223890,6.67,6.66,6.683701842546063
20230705093225640,6.67,6.66,6.683701842546063
20230705093225790,6.67,6.66,6.683701842546063
20230705093226110,6.67,6.66,6.683701842546063
20230705093226220,6.67,6.66,6.683701842546063
20230705093226250,6.67,6.66,6.683701842546063
20230705093228080,6.67,6.66,6.683701842546063
20230705093228090,6.67,6.66,6.683701842546063
20230705093228440,6.67,6.66,6.683701842546063
20230705093228700,6.67,6.66,6.683701842546063
20230705093228740,6.67,6.66,6.683701842546063
20230705093228760,6.67,6.66,6.682641962143428
20230705093228810,6.67,6.66,6.682641962143428
20230705093228940,6.67,6.66,6.682641962143428
20230705093228960,6.67,6.66,6.682641962143428
20230705093229080,6.67,6.66,6.682641962143428
20230705093229150,6.67,6.66,6.682641962143428
20230705093229300,6.67,6.66,6.682641962143428
20230705093230810,6.67,6.66,6.682641962143428
20230705093231060,6.67,6.66,6.682641962143428
20230705093231090,6.67,6.66,6.682641962143428
20230705093231150,6.67,6.66,6.682641962143428
20230705093231320,6.67,6.66,6.682641962143428
20230705093231630,6.67,6.66,6.682641962143428
20230705093232020,6.67,6.66,6.682641962143428
20230705093233620,6.67,6.66,6.682641962143428
20230705093233900,6.67,6.66,6.682641962143428
20230705093233970,6.67,6.66,6.682641962143428
20230705093234090,6.67,6.66,6.682641962143428
20230705093234120,6.67,6.66,6.682641962143428
20230705093234150,6.67,6.66,6.682641962143428
20230705093234210,6.67,6.66,6.682641962143428
20230705093234340,6.67,6.66,6.682641962143428
20230705093234490,6.67,6.66,6.682641962143428
20230705093234700,6.67,6.66,6.682641962143428
20230705093236180,6.67,6.66,6.682641962143428
20230705093236500,6.67,6.66,6.682641962143428
20230705093236520,6.67,6.66,6.682641962143428
20230705093236870,6.67,6.66,6.682641962143428
20230705093236940,6.67,6.66,6.682641962143428
20230705093237030,6.67,6.66,6.682641962143428
20230705093237040,6.67,6.66,6.682641962143428
20230705093237080,6.67,6.66,6.682641962143428
20230705093237090,6.67,6.66,6.682641962143428
20230705093237100,6.67,6.66,6.682641962143428
20230705093237330,6.67,6.66,6.682641962143428
20230705093237400,6.67,6.66,6.682641962143428
20230705093239030,6.67,6.66,6.682641962143428
20230705093239080,6.67,6.66,6.682641962143428
20230705093239210,6.67,6.66,6.682641962143428
20230705093240080,6.67,6.66,6.682641962143428
20230705093240090,6.67,6.66,6.682641962143428
20230705093241680,6.67,6.66,6.682641962143428
20230705093241760,6.67,6.66,6.682641962143428
20230705093241850,6.67,6.66,6.682641962143428
20230705093242130,6.67,6.66,6.682641962143428
20230705093242160,6.67,6.66,6.681999484004128
20230705093242450,6.67,6.66,6.681999484004128
20230705093242460,6.67,6.66,6.68196446961895
20230705093244960,6.67,6.66,6.68196446961895
20230705093245220,6.67,6.66,6.68196446961895
20230705093245300,6.67,6.66,6.68196446961895
20230705093245350,6.67,6.66,6.68196446961895
20230705093247090,6.67,6.66,6.68196446961895
20230705093247620,6.67,6.66,6.68181283559192
20230705093247660,6.67,6.66,6.681807259713701
20230705093247880,6.67,6.66,6.681790549169859
20230705093248220,6.67,6.66,6.681790549169859
20230705093249690,6.67,6.66,6.681790549169859
20230705093249820,6.67,6.66,6.681790549169859
20230705093249860,6.67,6.66,6.681790549169859
20230705093249890,6.67,6.66,6.681790549169859
20230705093250250,6.67,6.66,6.681790549169859
20230705093250610,6.67,6.66,6.681790549169859
20230705093250690,6.67,6.66,6.681790549169859
20230705093252460,6.67,6.66,6.681790549169859
20230705093252480,6.67,6.66,6.681790549169859
20230705093252620,6.67,6.66,6.681790549169859
20230705093252810,6.67,6.66,6.681790549169859
20230705093252920,6.67,6.66,6.681790549169859
20230705093253220,6.67,6.66,6.681790549169859
20230705093253300,6.67,6.66,6.681790549169859
20230705093255110,6.67,6.66,6.681790549169859
20230705093255240,6.67,6.66,6.681790549169859
20230705093256060,6.67,6.66,6.681790549169859
20230705093256220,6.67,6.66,6.681790549169859
20230705093256230,6.67,6.66,6.681790549169859
20230705093257810,6.67,6.66,6.681790549169859
20230705093257880,6.67,6.66,6.681790549169859
20230705093258230,6.67,6.66,6.681790549169859
20230705093258370,6.67,6.66,6.681638389465688
20230705093258470,6.67,6.66,6.681638389465688
20230705093258570,6.67,6.66,6.681638389465688
20230705093258850,6.67,6.66,6.681638389465688
20230705093258930,6.67,6.66,6.679223847019123
20230705093301000,6.67,6.66,6.679223847019123
20230705093301140,6.67,6.66,6.679223847019123
20230705093301190,6.67,6.66,6.679223847019123
20230705093301380,6.67,6.66,6.679223847019123
20230705093301550,6.67,6.66,6.679223847019123
20230705093301620,6.67,6.66,6.679223847019123
20230705093301630,6.67,6.66,6.679223847019123
20230705093304160,6.67,6.66,6.679223847019123
20230705093305980,6.67,6.66,6.679223847019123
20230705093305990,6.67,6.66,6.679223847019123
20230705093306510,6.67,6.66,6.679223847019123
20230705093306820,6.67,6.66,6.679223847019123
20230705093308710,6.67,6.66,6.679223847019123
20230705093309250,6.67,6.66,6.679223847019123
20230705093309290,6.67,6.66,6.679223847019123
20230705093309350,6.67,6.66,6.679223847019123
20230705093309360,6.67,6.66,6.679223847019123
20230705093309400,6.67,6.66,6.679223847019123
20230705093309580,6.67,6.66,6.679223847019123
20230705093309640,6.67,6.66,6.679223847019123
20230705093309740,6.67,6.65,6.678422753716871
20230705093309830,6.67,6.65,6.678422753716871
20230705093311320,6.67,6.65,6.678422753716871
20230705093311330,6.67,6.66,6.678422753716871
20230705093311410,6.67,6.66,6.678422753716871
20230705093311440,6.67,6.66,6.678422753716871
20230705093311630,6.67,6.66,6.678422753716871
20230705093311970,6.67,6.66,6.678422753716871
20230705093312080,6.67,6.66,6.678422753716871
20230705093312200,6.67,6.66,6.678422753716871
20230705093312210,6.67,6.65,6.678268370607029
20230705093312360,6.67,6.65,6.678268370607029
20230705093314230,6.67,6.65,6.678268370607029
20230705093314510,6.67,6.65,6.678268370607029
20230705093314650,6.67,6.65,6.678256704980843
20230705093315060,6.67,6.66,6.678256704980843
20230705093316760,6.67,6.65,6.678225669358266
20230705093316890,6.67,6.65,6.678225669358266
20230705093317240,6.67,6.66,6.678225669358266
20230705093317510,6.67,6.66,6.678225669358266
20230705093317520,6.67,6.66,6.678225669358266
20230705093317680,6.67,6.66,6.678225669358266
20230705093319790,6.67,6.66,6.678225669358266
20230705093319890,6.67,6.66,6.678225669358266
20230705093320350,6.67,6.66,6.678225669358266
20230705093320440,6.67,6.66,6.678225669358266
20230705093320580,6.67,6.66,6.678225669358266
20230705093322340,6.67,6.66,6.678225669358266
20230705093322620,6.67,6.66,6.678225669358266
20230705093323270,6.67,6.66,6.678225669358266
20230705093324800,6.67,6.66,6.678225669358266
20230705093324830,6.67,6.66,6.678225669358266
20230705093325120,6.67,6.66,6.678225669358266
20230705093325130,6.67,6.66,6.678225669358266
20230705093325350,6.67,6.66,6.678225669358266
20230705093325420,6.67,6.66,6.678225669358266
20230705093325480,6.67,6.66,6.678225669358266
20230705093325740,6.67,6.66,6.678225669358266
20230705093325840,6.67,6.66,6.678225669358266
20230705093325860,6.67,6.66,6.678225669358266
20230705093325940,6.67,6.67,6.677869086460032
20230705093325950,6.67,6.67,6.677869086460032
20230705093325970,6.67,6.67,6.677869086460032
20230705093326030,6.67,6.67,6.677869086460032
20230705093327720,6.67,6.67,6.677869086460032
20230705093328070,6.67,6.67,6.677869086460032
20230705093328080,6.67,6.67,6.677869086460032
20230705093328100,6.67,6.67,6.677869086460032
20230705093328110,6.67,6.67,6.677869086460032
20230705093328350,6.67,6.67,6.677869086460032
20230705093328580,6.67,6.67,6.677869086460032
20230705093328710,6.67,6.67,6.677869086460032
20230705093330540,6.67,6.67,6.677869086460032
20230705093330550,6.67,6.67,6.677869086460032
20230705093330630,6.67,6.67,6.677869086460032
20230705093330690,6.67,6.67,6.677869086460032
20230705093330870,6.67,6.67,6.677869086460032
20230705093331060,6.67,6.67,6.677869086460032
20230705093331090,6.67,6.67,6.677869086460032
20230705093331180,6.67,6.67,6.677479387514723
20230705093331290,6.67,6.67,6.677479387514723
20230705093333060,6.67,6.65,6.676870026525199
20230705093333070,6.67,6.66,6.676870026525199
20230705093333090,6.67,6.66,6.676870026525199
20230705093333530,6.67,6.66,6.676870026525199
20230705093333650,6.67,6.66,6.676870026525199
20230705093333900,6.67,6.66,6.676870026525199
20230705093334090,6.67,6.66,6.676870026525199
20230705093334110,6.67,6.66,6.676870026525199
20230705093335790,6.67,6.66,6.676870026525199
20230705093336130,6.67,6.66,6.676870026525199
20230705093336270,6.67,6.66,6.676870026525199
20230705093336310,6.67,6.66,6.676870026525199
20230705093336330,6.67,6.66,6.676870026525199
20230705093336520,6.67,6.66,6.676870026525199
20230705093336620,6.67,6.66,6.676870026525199
20230705093336680,6.67,6.66,6.676870026525199
20230705093338510,6.67,6.66,6.676870026525199
20230705093338520,6.67,6.66,6.676870026525199
20230705093338860,6.67,6.66,6.676870026525199
20230705093339200,6.67,6.66,6.676870026525199
20230705093339220,6.67,6.66,6.676870026525199
20230705093341230,6.67,6.66,6.676870026525199
20230705093341340,6.67,6.66,6.676870026525199
20230705093341420,6.67,6.66,6.676870026525199
20230705093341520,6.67,6.66,6.676870026525199
20230705093341550,6.67,6.66,6.676870026525199
20230705093341830,6.67,6.66,6.676870026525199
20230705093341870,6.67,6.66,6.676870026525199
20230705093341970,6.67,6.66,6.676870026525199
20230705093342210,6.67,6.66,6.676870026525199
20230705093343690,6.67,6.66,6.676870026525199
20230705093344480,6.67,6.66,6.676870026525199
20230705093344580,6.67,6.66,6.676870026525199
20230705093344760,6.67,6.66,6.676870026525199
20230705093346450,6.67,6.66,6.676870026525199
20230705093346670,6.67,6.66,6.676870026525199
20230705093346970,6.67,6.66,6.676870026525199
20230705093347070,6.67,6.66,6.676740423949424
20230705093347110,6.67,6.66,6.676740423949424
20230705093347620,6.67,6.66,6.676740423949424
20230705093349080,6.67,6.66,6.676740423949424
20230705093349090,6.67,6.66,6.676707994078461
20230705093349120,6.67,6.66,6.676707994078461
20230705093349140,6.67,6.66,6.676707994078461
20230705093349180,6.67,6.66,6.676707994078461
20230705093349210,6.67,6.66,6.676707994078461
20230705093349370,6.67,6.66,6.676695603989656
20230705093349420,6.67,6.66,6.676695603989656
20230705093349820,6.67,6.66,6.676695603989656
20230705093349840,6.67,6.66,6.676695603989656
20230705093350170,6.67,6.66,6.676675874769797
20230705093350190,6.67,6.66,6.676669733210671
20230705093350320,6.67,6.66,6.676669733210671
20230705093351920,6.67,6.66,6.676596446235575
20230705093351930,6.67,6.66,6.676596446235575
20230705093351960,6.67,6.66,6.676596446235575
20230705093351970,6.67,6.66,6.676596446235575
20230705093352080,6.67,6.66,6.676596446235575
20230705093352090,6.67,6.66,6.6765952380952385
20230705093352250,6.67,6.66,6.676594030397363
20230705093352390,6.67,6.66,6.676594030397363
20230705093352440,6.67,6.66,6.67650036416606
20230705093352790,6.67,6.66,6.67650036416606
20230705093352860,6.67,6.66,6.67650036416606
20230705093354640,6.67,6.66,6.67650036416606
20230705093355070,6.67,6.66,6.67650036416606
20230705093355120,6.67,6.66,6.67650036416606
20230705093355530,6.67,6.66,6.67650036416606
20230705093357290,6.67,6.66,6.67650036416606
20230705093357740,6.67,6.66,6.67650036416606
20230705093357780,6.67,6.66,6.67650036416606
20230705093358160,6.67,6.66,6.67650036416606
20230705093358410,6.67,6.66,6.67650036416606
20230705093359970,6.67,6.66,6.676428959276018
20230705093400020,6.67,6.66,6.676367873789889
20230705093400080,6.68,6.66,6.676189231573445
20230705093400180,6.68,6.66,6.676189231573445
20230705093400360,6.67,6.66,6.676189231573445
20230705093401040,6.67,6.66,6.676185997910136
20230705093401050,6.68,6.66,6.676175243393602
20230705093401070,6.68,6.66,6.676165596250651
20230705093401080,6.68,6.66,6.676161318300086
20230705093402820,6.68,6.66,6.676161318300086
20230705093403090,6.68,6.66,6.676161318300086
20230705093403180,6.68,6.66,6.676161318300086
20230705093403210,6.68,6.66,6.676161318300086
20230705093403320,6.68,6.66,6.676161318300086
20230705093403350,6.68,6.66,6.676161318300086
20230705093403610,6.68,6.66,6.676104141605086
20230705093403620,6.68,6.67,6.675509539320614
20230705093403630,6.68,6.67,6.675509539320614
20230705093403660,6.68,6.67,6.675509539320614
20230705093403700,6.68,6.67,6.675509539320614
20230705093403780,6.68,6.67,6.675509539320614
20230705093405930,6.68,6.67,6.675509539320614
20230705093406150,6.68,6.67,6.675499303297724
20230705093408480,6.68,6.67,6.675499303297724
20230705093408500,6.68,6.67,6.675499303297724
20230705093408800,6.68,6.67,6.675499303297724
20230705093408860,6.68,6.67,6.675499303297724
20230705093409180,6.68,6.67,6.675499303297724
20230705093411240,6.68,6.67,6.675499303297724
20230705093411550,6.68,6.67,6.675499303297724
20230705093411720,6.68,6.67,6.675499303297724
20230705093413510,6.68,6.67,6.675499303297724
20230705093413530,6.68,6.67,6.675499303297724
20230705093413550,6.68,6.67,6.675499303297724
20230705093413610,6.68,6.67,6.675499303297724
20230705093413640,6.68,6.67,6.675499303297724
20230705093414420,6.68,6.67,6.675499303297724
20230705093416150,6.68,6.67,6.675499303297724
20230705093416180,6.68,6.67,6.675498143564356
20230705093416220,6.68,6.67,6.675498143564356
20230705093416640,6.68,6.67,6.675499536034643
20230705093416840,6.68,6.67,6.675499536034643
20230705093416850,6.68,6.67,6.675499536034643
20230705093416900,6.68,6.67,6.675499536034643
20230705093417080,6.68,6.67,6.675499536034643
20230705093417110,6.68,6.67,6.675499536034643
20230705093417150,6.68,6.67,6.675499536034643
20230705093418810,6.68,6.67,6.675499536034643
20230705093419070,6.68,6.67,6.675499536034643
20230705093419120,6.68,6.67,6.675499536034643
20230705093419210,6.68,6.67,6.675499536034643
20230705093419430,6.68,6.67,6.675499536034643
20230705093419560,6.68,6.67,6.675499536034643
20230705093419630,6.68,6.67,6.675499536034643
20230705093419750,6.68,6.67,6.675499536034643
20230705093419890,6.68,6.67,6.675528131227963
20230705093421740,6.68,6.67,6.675528131227963
20230705093421850,6.68,6.67,6.675528131227963
20230705093421890,6.68,6.67,6.675528131227963
20230705093421900,6.68,6.67,6.675528131227963
20230705093421920,6.68,6.67,6.675528131227963
20230705093422090,6.68,6.67,6.675528131227963
20230705093422150,6.68,6.67,6.675528131227963
20230705093422240,6.68,6.67,6.675528131227963
20230705093422350,6.68,6.67,6.675528131227963
20230705093424270,6.68,6.67,6.675528131227963
20230705093424300,6.68,6.67,6.675488676090591
20230705093424610,6.68,6.67,6.675488676090591
20230705093424790,6.68,6.67,6.675488676090591
20230705093425000,6.68,6.67,6.675488676090591
20230705093425080,6.68,6.67,6.675488676090591
20230705093426970,6.68,6.67,6.675488676090591
20230705093427310,6.68,6.67,6.675488676090591
20230705093427650,6.68,6.67,6.675457980652962
20230705093427660,6.68,6.67,6.675453858933696
20230705093427810,6.68,6.67,6.675453858933696
20230705093427860,6.68,6.67,6.675453858933696
20230705093427900,6.68,6.67,6.675453858933696
20230705093430010,6.68,6.67,6.675453858933696
20230705093430020,6.68,6.67,6.675453858933696
20230705093430060,6.68,6.67,6.675453858933696
20230705093430300,6.68,6.67,6.675453858933696
20230705093432580,6.68,6.67,6.675343296833383
20230705093432700,6.68,6.67,6.675344674556213
20230705093432780,6.68,6.67,6.675344674556213
20230705093432800,6.68,6.67,6.675344674556213
20230705093433040,6.68,6.67,6.675344674556213
20230705093435780,6.68,6.67,6.675344674556213
20230705093436130,6.68,6.67,6.675344674556213
20230705093438100,6.68,6.67,6.675344674556213
20230705093438290,6.68,6.67,6.675344674556213
20230705093438630,6.68,6.67,6.675344674556213
20230705093438710,6.68,6.67,6.675344674556213
20230705093438730,6.68,6.67,6.675344674556213
20230705093440370,6.68,6.67,6.675344674556213
20230705093440540,6.68,6.67,6.675344674556213
20230705093440830,6.68,6.67,6.675344674556213
20230705093441040,6.68,6.67,6.675346637102734
20230705093441050,6.68,6.67,6.675346637102734
20230705093441160,6.68,6.67,6.675346637102734
20230705093441420,6.68,6.67,6.675367181751287
20230705093441550,6.68,6.67,6.675433710472875
20230705093441560,6.68,6.68,6.675763122476447
20230705093441600,6.68,6.68,6.675763122476447
20230705093441610,6.68,6.68,6.675763122476447
20230705093443110,6.68,6.68,6.675765971755212
20230705093443160,6.68,6.68,6.675765971755212
20230705093443200,6.68,6.68,6.675765971755212
20230705093443370,6.68,6.68,6.675765971755212
20230705093443920,6.68,6.68,6.675765971755212
20230705093444240,6.68,6.68,6.675765971755212
20230705093445890,6.68,6.68,6.675765971755212
20230705093445970,6.68,6.68,6.675765971755212
20230705093445980,6.68,6.68,6.675765971755212
20230705093446150,6.68,6.68,6.675766541151156
20230705093446380,6.68,6.68,6.675777896995708
20230705093446550,6.68,6.68,6.67577846318895
20230705093448820,6.68,6.68,6.67577846318895
20230705093448850,6.68,6.68,6.67577846318895
20230705093449090,6.68,6.68,6.67577846318895
20230705093449100,6.68,6.68,6.67577846318895
20230705093449370,6.68,6.68,6.67577846318895
20230705093451720,6.68,6.68,6.67577846318895
20230705093452040,6.68,6.68,6.67577846318895
20230705093452260,6.68,6.68,6.67577846318895
20230705093454230,6.68,6.68,6.67577846318895
20230705093454500,6.68,6.68,6.67577846318895
20230705093454530,6.68,6.68,6.67577846318895
20230705093454790,6.68,6.68,6.67577846318895
20230705093455000,6.68,6.68,6.67577846318895
20230705093455010,6.68,6.68,6.67577846318895
20230705093456910,6.68,6.68,6.67577846318895
20230705093457150,6.68,6.68,6.67577846318895
20230705093457170,6.68,6.68,6.67577846318895
20230705093457620,6.68,6.68,6.67577846318895
20230705093457820,6.68,6.68,6.67577846318895
20230705093459580,6.68,6.68,6.67577846318895
20230705093459760,6.68,6.68,6.67577846318895
20230705093500010,6.68,6.68,6.67577846318895
20230705093500020,6.68,6.68,6.675905115292871
20230705093500030,6.68,6.68,6.676034663865546
20230705093500040,6.68,6.68,6.676034663865546
20230705093500050,6.68,6.68,6.67617624122693
20230705093500060,6.68,6.68,6.67617624122693
20230705093500290,6.68,6.68,6.67617624122693
20230705093500400,6.68,6.68,6.67617624122693
20230705093500440,6.68,6.68,6.67617624122693
20230705093500490,6.68,6.68,6.67617624122693
20230705093502010,6.68,6.68,6.67617624122693
20230705093502120,6.68,6.68,6.67617624122693
20230705093502170,6.68,6.68,6.67617624122693
20230705093502480,6.68,6.68,6.67617624122693
20230705093502500,6.68,6.68,6.67617624122693
20230705093502510,6.68,6.68,6.67617624122693
20230705093502730,6.68,6.68,6.67617624122693
20230705093502960,6.68,6.68,6.67617624122693
20230705093503160,6.68,6.68,6.67617624122693
20230705093504680,6.68,6.68,6.67617624122693
20230705093504690,6.68,6.68,6.67617624122693
20230705093504700,6.68,6.69,6.67617624122693
20230705093505030,6.68,6.69,6.676189301480135
20230705093505150,6.68,6.69,6.676189301480135
20230705093505410,6.68,6.69,6.676189301480135
20230705093508550,6.68,6.69,6.676189301480135
20230705093510070,6.68,6.69,6.676189301480135
20230705093510180,6.68,6.69,6.676189301480135
20230705093510210,6.68,6.68,6.676189301480135
20230705093510270,6.68,6.69,6.676189301480135
20230705093510280,6.68,6.68,6.676189301480135
20230705093510290,6.68,6.69,6.676189301480135
20230705093510470,6.68,6.69,6.676189301480135
20230705093510700,6.68,6.69,6.676189301480135
20230705093513050,6.68,6.69,6.676189301480135
20230705093513200,6.68,6.69,6.676189301480135
20230705093513220,6.68,6.69,6.676189301480135
20230705093513260,6.68,6.69,6.676189301480135
20230705093513320,6.68,6.69,6.676189301480135
20230705093513420,6.68,6.69,6.676189301480135
20230705093513470,6.68,6.69,6.676189301480135
20230705093513910,6.68,6.69,6.676189301480135
20230705093513920,6.68,6.69,6.676189301480135
20230705093515500,6.68,6.69,6.676189301480135
20230705093515630,6.68,6.69,6.676189301480135
20230705093515840,6.68,6.69,6.676189301480135
20230705093516050,6.68,6.69,6.676189301480135
20230705093516090,6.68,6.69,6.676189301480135
20230705093516220,6.68,6.69,6.676189301480135
20230705093518240,6.68,6.69,6.676189301480135
20230705093518300,6.68,6.69,6.676189301480135
20230705093518390,6.69,6.68,6.676189301480135
20230705093518540,6.69,6.68,6.676189301480135
20230705093518640,6.69,6.68,6.676796384634698
20230705093518840,6.69,6.68,6.676796384634698
20230705093521000,6.69,6.68,6.677214003944774
20230705093521550,6.69,6.68,6.677214003944774
20230705093521760,6.69,6.68,6.6772336494642195
20230705093522060,6.69,6.68,6.6772336494642195
20230705093523610,6.69,6.68,6.6772336494642195
20230705093523700,6.69,6.69,6.6772336494642195
20230705093523720,6.69,6.69,6.6772336494642195
20230705093523900,6.69,6.69,6.6772336494642195
20230705093523920,6.69,6.69,6.6772336494642195
20230705093524100,6.69,6.68,6.6772336494642195
20230705093524350,6.69,6.68,6.6772336494642195
20230705093526510,6.69,6.68,6.6772336494642195
20230705093526710,6.69,6.68,6.677762691853601
20230705093526720,6.69,6.68,6.677764136465589
20230705093526880,6.69,6.68,6.677764136465589
20230705093526970,6.69,6.68,6.677764136465589
20230705093527390,6.69,6.68,6.677771354412458
20230705093527400,6.69,6.68,6.677771354412458
20230705093527410,6.69,6.68,6.677771354412458
20230705093527460,6.69,6.68,6.677771354412458
20230705093529290,6.69,6.68,6.677771354412458
20230705093529320,6.69,6.68,6.67777397664268
20230705093529370,6.69,6.69,6.67777397664268
20230705093529390,6.69,6.69,6.67777397664268
20230705093529590,6.69,6.69,6.67777397664268
20230705093529850,6.69,6.69,6.677776598254305
20230705093529890,6.69,6.69,6.677776598254305
20230705093532540,6.69,6.69,6.677776598254305
20230705093534500,6.69,6.69,6.677776598254305
20230705093534580,6.69,6.69,6.677776598254305
20230705093535320,6.69,6.69,6.677776598254305
20230705093537090,6.69,6.69,6.677776598254305
20230705093537110,6.69,6.69,6.677776598254305
20230705093537160,6.69,6.69,6.677776598254305
20230705093537260,6.69,6.69,6.677776598254305
20230705093537510,6.69,6.69,6.677805768098882
20230705093538110,6.69,6.69,6.677805768098882
20230705093538260,6.69,6.69,6.677805768098882
20230705093539850,6.69,6.69,6.677805768098882
20230705093539950,6.69,6.69,6.677805768098882
20230705093540060,6.69,6.69,6.677813603200753
20230705093540070,6.69,6.69,6.677818823529412
20230705093540080,6.69,6.69,6.677818823529412
20230705093540090,6.69,6.69,6.677857897827363
20230705093540100,6.69,6.69,6.677857897827363
20230705093540110,6.69,6.69,6.677857897827363
20230705093540120,6.69,6.69,6.677857897827363
20230705093540250,6.69,6.69,6.677857897827363
20230705093540360,6.69,6.69,6.67789424317036
20230705093540830,6.69,6.69,6.67789424317036
20230705093541010,6.69,6.69,6.67789424317036
20230705093542680,6.69,6.69,6.67789424317036
20230705093542770,6.69,6.69,6.67789424317036
20230705093542830,6.69,6.69,6.67789424317036
20230705093543080,6.69,6.69,6.67789424317036
20230705093543670,6.69,6.69,6.67789424317036
20230705093545450,6.69,6.69,6.67789424317036
20230705093545670,6.69,6.69,6.67789424317036
20230705093546110,6.69,6.69,6.677896834701055
20230705093547860,6.69,6.69,6.677896834701055
20230705093548160,6.69,6.69,6.677896834701055
20230705093548950,6.69,6.69,6.677896834701055
20230705093548960,6.69,6.69,6.677896834701055
20230705093549110,6.69,6.69,6.677896834701055
20230705093550630,6.69,6.69,6.677896834701055
20230705093550960,6.69,6.69,6.677896834701055
20230705093551070,6.69,6.69,6.677896834701055
20230705093551100,6.69,6.69,6.677896834701055
20230705093551130,6.69,6.69,6.677896834701055
20230705093551140,6.69,6.69,6.677939252336449
20230705093551150,6.69,6.69,6.67795213076474
20230705093551220,6.69,6.69,6.67795213076474
20230705093551270,6.69,6.69,6.677975274084441
20230705093551350,6.69,6.69,6.677975274084441
20230705093553320,6.69,6.69,6.677977842565598
20230705093553450,6.69,6.69,6.677977842565598
20230705093556100,6.69,6.69,6.677977842565598
20230705093556170,6.69,6.69,6.677977842565598
20230705093556510,6.69,6.69,6.677980410447761
20230705093557100,6.69,6.69,6.677980410447761
20230705093557120,6.69,6.69,6.677980410447761
20230705093602030,6.69,6.69,6.677980410447761
20230705093602250,6.69,6.69,6.6779855444159475
20230705093604060,6.69,6.69,6.6779855444159475
20230705093604080,6.69,6.69,6.6779855444159475
20230705093604300,6.69,6.69,6.6779855444159475
20230705093604560,6.69,6.69,6.6779855444159475
20230705093605000,6.69,6.69,6.6779855444159475
20230705093605290,6.69,6.69,6.6779855444159475
20230705093607530,6.69,6.69,6.6779855444159475
20230705093607650,6.69,6.69,6.6779855444159475
20230705093610120,6.69,6.69,6.6779855444159475
20230705093610130,6.69,6.69,6.6779855444159475
20230705093610150,6.69,6.69,6.67799394221808
20230705093610250,6.69,6.69,6.678042543298849
20230705093610280,6.69,6.69,6.678042543298849
20230705093610290,6.69,6.69,6.678042543298849
20230705093610310,6.69,6.69,6.678042543298849
20230705093612200,6.69,6.69,6.678042543298849
20230705093612780,6.69,6.69,6.678113775923995
20230705093612810,6.69,6.69,6.678113775923995
20230705093613210,6.69,6.69,6.678113775923995
20230705093616070,6.69,6.69,6.678113775923995
20230705093618490,6.69,6.69,6.678113775923995
20230705093618660,6.69,6.69,6.678116311399444
20230705093618690,6.69,6.69,6.678116311399444
20230705093620870,6.69,6.69,6.678116311399444
20230705093620910,6.69,6.69,6.678116311399444
20230705093621210,6.69,6.69,6.678116311399444
20230705093621220,6.69,6.69,6.678116311399444
20230705093621300,6.69,6.69,6.678116311399444
20230705093623970,6.69,6.69,6.678116311399444
20230705093624070,6.69,6.69,6.678116311399444
20230705093626490,6.69,6.69,6.678116311399444
20230705093626710,6.69,6.69,6.678173852893705
20230705093628920,6.69,6.69,6.678173852893705
20230705093629000,6.69,6.69,6.678173852893705
20230705093631050,6.69,6.69,6.678173852893705
20230705093631120,6.69,6.69,6.678173852893705
20230705093631130,6.69,6.69,6.678173852893705
20230705093631160,6.69,6.69,6.678173852893705
20230705093631420,6.69,6.69,6.678173852893705
20230705093631510,6.69,6.69,6.678173852893705
20230705093631520,6.69,6.69,6.678173852893705
20230705093631720,6.69,6.69,6.678180456326342
20230705093631980,6.69,6.69,6.678180456326342
20230705093632120,6.69,6.69,6.678187996774565
20230705093632140,6.69,6.69,6.678187996774565
20230705093633810,6.69,6.69,6.678187996774565
20230705093634130,6.69,6.69,6.678187996774565
20230705093634370,6.69,6.69,6.678187996774565
20230705093634800,6.69,6.69,6.678187996774565
20230705093634870,6.69,6.69,6.678187996774565
20230705093636460,6.69,6.69,6.678187996774565
20230705093636570,6.69,6.69,6.678187996774565
20230705093637150,6.69,6.69,6.678187996774565
20230705093637330,6.69,6.69,6.678187996774565
20230705093637360,6.69,6.69,6.678187996774565
20230705093637520,6.69,6.69,6.678187996774565
20230705093639430,6.69,6.69,6.678187996774565
20230705093640100,6.69,6.69,6.678187996774565
20230705093640300,6.69,6.69,6.678187996774565
20230705093642410,6.69,6.69,6.678366274420199
20230705093644730,6.69,6.69,6.678366274420199
20230705093644790,6.69,6.69,6.678366274420199
20230705093644840,6.69,6.69,6.678366274420199
20230705093645130,6.69,6.69,6.678366274420199
20230705093645510,6.69,6.69,6.678366274420199
20230705093645700,6.69,6.69,6.678366274420199
20230705093648010,6.69,6.69,6.678366274420199
20230705093648150,6.69,6.69,6.678376156217883
20230705093648420,6.69,6.69,6.678376156217883
20230705093650240,6.69,6.69,6.678376156217883
20230705093650260,6.69,6.69,6.678376156217883
20230705093650510,6.69,6.69,6.678376156217883
20230705093650630,6.69,6.69,6.678376156217883
20230705093650710,6.69,6.69,6.678376156217883
20230705093650990,6.69,6.69,6.678376156217883
20230705093651150,6.69,6.69,6.678376156217883
20230705093653470,6.69,6.69,6.678376156217883
20230705093653660,6.69,6.69,6.678376156217883
20230705093653700,6.69,6.69,6.678376156217883
20230705093655520,6.69,6.69,6.678376156217883
20230705093655570,6.69,6.69,6.678376156217883
20230705093655750,6.69,6.69,6.678376156217883
20230705093656170,6.69,6.69,6.678376156217883
20230705093656300,6.69,6.69,6.678376156217883
20230705093658140,6.69,6.69,6.678398312813497
20230705093658420,6.69,6.69,6.67841307814992
20230705093658560,6.69,6.69,6.67841307814992
20230705093658570,6.69,6.69,6.67841307814992
20230705093658610,6.69,6.69,6.67841307814992
20230705093658720,6.69,6.69,6.67841307814992
20230705093658990,6.69,6.69,6.67841307814992
20230705093659220,6.69,6.69,6.67841307814992
20230705093700760,6.69,6.69,6.67841307814992
20230705093701150,6.69,6.69,6.67841307814992
20230705093701160,6.69,6.69,6.67841307814992
20230705093701190,6.69,6.69,6.67841307814992
20230705093701210,6.69,6.69,6.67841307814992
20230705093701760,6.69,6.69,6.67841307814992
20230705093701810,6.69,6.69,6.67841307814992
20230705093703460,6.69,6.69,6.67841307814992
20230705093703470,6.69,6.69,6.67841307814992
20230705093704430,6.69,6.69,6.67841307814992
20230705093704470,6.69,6.69,6.67841307814992
20230705093704480,6.69,6.69,6.67841307814992
20230705093704550,6.69,6.69,6.67841307814992
20230705093704560,6.69,6.69,6.67841307814992
20230705093706870,6.69,6.69,6.67841307814992
20230705093707130,6.69,6.69,6.67841307814992
20230705093707260,6.69,6.69,6.67841307814992
20230705093707350,6.69,6.69,6.67841307814992
20230705093709060,6.69,6.69,6.67841307814992
20230705093709630,6.69,6.69,6.678445984323526
20230705093709760,6.69,6.69,6.678445984323526
20230705093709810,6.69,6.69,6.678445984323526
20230705093711830,6.69,6.69,6.678445984323526
20230705093712000,6.69,6.69,6.678449920508744
20230705093712420,6.69,6.69,6.678449920508744
20230705093712480,6.69,6.69,6.678449920508744
20230705093712600,6.69,6.69,6.678460403902882
20230705093712710,6.69,6.69,6.678460403902882
20230705093714820,6.69,6.69,6.678460403902882
20230705093714950,6.69,6.69,6.678460403902882
20230705093715020,6.69,6.69,6.678461712989223
20230705093715330,6.69,6.69,6.678461712989223
20230705093715440,6.69,6.69,6.678461712989223
20230705093717820,6.69,6.69,6.678461712989223
20230705093717970,6.69,6.69,6.678461712989223
20230705093718030,6.69,6.69,6.678461712989223
20230705093718160,6.69,6.69,6.678472174997166
20230705093719660,6.69,6.69,6.678480009061049
20230705093719760,6.69,6.69,6.678493042199344
20230705093719960,6.69,6.69,6.678493042199344
20230705093719980,6.69,6.69,6.678493042199344
20230705093720240,6.69,6.69,6.678493042199344
20230705093720340,6.69,6.69,6.678493042199344
20230705093720360,6.69,6.69,6.67852420173756
20230705093720370,6.69,6.69,6.678652236974227
20230705093720530,6.69,6.69,6.678652236974227
20230705093722400,6.69,6.69,6.678652236974227
20230705093722450,6.69,6.69,6.678652236974227
20230705093723200,6.69,6.69,6.678707921342073
20230705093723450,6.69,6.69,6.678707921342073
20230705093725100,6.69,6.69,6.678707921342073
20230705093725120,6.69,6.69,6.678707921342073
20230705093725340,6.69,6.69,6.6787102866029775
20230705093725590,6.69,6.69,6.678712651338443
20230705093726100,6.69,6.69,6.678712651338443
20230705093727760,6.69,6.69,6.678712651338443
20230705093728120,6.69,6.69,6.678712651338443
20230705093728640,6.69,6.69,6.678712651338443
20230705093728930,6.69,6.69,6.678712651338443
20230705093728990,6.69,6.69,6.678712651338443
20230705093730470,6.69,6.69,6.678712651338443
20230705093730610,6.69,6.69,6.678712651338443
20230705093730640,6.69,6.69,6.678712651338443
20230705093730810,6.69,6.69,6.678712651338443
20230705093731210,6.69,6.69,6.678712651338443
20230705093733180,6.69,6.69,6.678712651338443
20230705093733530,6.69,6.69,6.678712651338443
20230705093733640,6.69,6.69,6.678712651338443
20230705093734090,6.69,6.69,6.678712651338443
20230705093734150,6.69,6.69,6.678712651338443
20230705093734200,6.69,6.69,6.678712651338443
20230705093736140,6.69,6.69,6.678712651338443
20230705093736600,6.69,6.69,6.678712651338443
20230705093736640,6.69,6.69,6.678712651338443
20230705093736670,6.69,6.69,6.678712651338443
20230705093739070,6.69,6.69,6.678712651338443
20230705093739080,6.69,6.69,6.678712651338443
20230705093739580,6.69,6.69,6.678712651338443
20230705093741830,6.69,6.69,6.678712651338443
20230705093742200,6.69,6.69,6.678712651338443
20230705093744410,6.69,6.69,6.678712651338443
20230705093744550,6.69,6.69,6.678712651338443
20230705093744630,6.69,6.69,6.678758574905952
20230705093745080,6.69,6.69,6.678758574905952
20230705093747260,6.69,6.7,6.679943585457584
20230705093747270,6.69,6.7,6.679943585457584
20230705093747280,6.69,6.7,6.679943585457584
20230705093747290,6.69,6.7,6.679943585457584
20230705093747300,6.69,6.7,6.679943585457584
20230705093747320,6.69,6.7,6.679943585457584
20230705093747330,6.69,6.7,6.679943585457584
20230705093747560,6.69,6.7,6.679943585457584
20230705093747700,6.69,6.7,6.679943585457584
20230705093747710,6.69,6.7,6.679943585457584
20230705093750470,6.69,6.7,6.680053014553015
20230705093750480,6.69,6.7,6.680053014553015
20230705093752460,6.69,6.7,6.680053014553015
20230705093752470,6.69,6.7,6.680063376623377
20230705093752500,6.69,6.7,6.680063376623377
20230705093752890,6.69,6.7,6.680063376623377
20230705093755150,6.69,6.7,6.680063376623377
20230705093755160,6.69,6.7,6.680063376623377
20230705093755320,6.69,6.7,6.680063376623377
20230705093755790,6.69,6.7,6.680063376623377
20230705093757710,6.69,6.7,6.680063376623377
20230705093757870,6.69,6.7,6.680063376623377
20230705093758050,6.69,6.7,6.680063376623377
20230705093758100,6.69,6.7,6.680087173100872
20230705093758120,6.69,6.7,6.680087173100872
20230705093758140,6.69,6.7,6.680087173100872
20230705093758150,6.69,6.7,6.680087173100872
20230705093758550,6.69,6.7,6.680091305250052
20230705093800440,6.69,6.7,6.680091305250052
20230705093801090,6.69,6.7,6.680091305250052
20230705093801100,6.69,6.7,6.680091305250052
20230705093801120,6.69,6.7,6.680091305250052
20230705093801130,6.69,6.7,6.680091305250052
20230705093801140,6.69,6.7,6.680091305250052
20230705093801160,6.69,6.7,6.680091305250052
20230705093801170,6.69,6.7,6.680091305250052
20230705093803210,6.69,6.7,6.680091305250052
20230705093803540,6.69,6.7,6.680091305250052
20230705093803760,6.69,6.7,6.68019921552436
20230705093803800,6.69,6.7,6.680205345165618
20230705093803840,6.69,6.7,6.680205345165618
20230705093804090,6.69,6.7,6.680205345165618
20230705093805610,6.69,6.7,6.680205345165618
20230705093808310,6.69,6.7,6.680276578243882
20230705093808910,6.69,6.7,6.680276578243882
20230705093812170,6.69,6.69,6.680636923387504
20230705093812180,6.69,6.69,6.680799719747773
20230705093813810,6.69,6.69,6.680799719747773
20230705093814450,6.69,6.69,6.680799719747773
20230705093816380,6.69,6.69,6.680799719747773
20230705093816420,6.69,6.69,6.680799719747773
20230705093816450,6.69,6.69,6.680799719747773
20230705093816510,6.69,6.69,6.680799719747773
20230705093816590,6.69,6.7,6.680799719747773
20230705093816740,6.69,6.7,6.680799719747773
20230705093817270,6.69,6.7,6.680799719747773
20230705093817540,6.69,6.7,6.680799719747773
20230705093819110,6.69,6.7,6.680799719747773
20230705093819300,6.69,6.7,6.680799719747773
20230705093819600,6.69,6.7,6.680799719747773
20230705093820120,6.69,6.7,6.680799719747773
20230705093821790,6.69,6.7,6.680799719747773
20230705093821800,6.7,6.69,6.680799719747773
20230705093821920,6.7,6.69,6.680799719747773
20230705093821980,6.7,6.69,6.680799719747773
20230705093822160,6.7,6.7,6.680799719747773
20230705093822340,6.7,6.7,6.680799719747773
20230705093822770,6.7,6.7,6.680799719747773
20230705093822950,6.7,6.7,6.680799719747773
20230705093822990,6.7,6.7,6.680799719747773
20230705093824550,6.7,6.7,6.680799719747773
20230705093824890,6.7,6.7,6.680799719747773
20230705093825060,6.7,6.7,6.680799719747773
20230705093825150,6.7,6.7,6.680799719747773
20230705093825160,6.7,6.7,6.680799719747773
20230705093825360,6.7,6.7,6.680799719747773
20230705093827360,6.7,6.7,6.680799719747773
20230705093827380,6.7,6.7,6.680799719747773
20230705093827500,6.7,6.7,6.680799719747773
20230705093828270,6.7,6.7,6.680799719747773
20230705093830170,6.7,6.7,6.680799719747773
20230705093832540,6.7,6.7,6.680799719747773
20230705093832830,6.7,6.7,6.680799719747773
20230705093835710,6.7,6.7,6.680799719747773
20230705093835800,6.7,6.7,6.680799719747773
20230705093836010,6.7,6.7,6.680799719747773
20230705093836090,6.7,6.7,6.680799719747773
20230705093836480,6.7,6.7,6.681020408163265
20230705093838160,6.7,6.7,6.681020408163265
20230705093838360,6.7,6.7,6.681020408163265
20230705093838840,6.7,6.7,6.681020408163265
20230705093840640,6.7,6.7,6.681020408163265
20230705093840720,6.7,6.7,6.681020408163265
20230705093841390,6.7,6.7,6.681020408163265
20230705093841480,6.7,6.7,6.681020408163265
20230705093841510,6.7,6.7,6.681020408163265
20230705093843380,6.7,6.7,6.681020408163265
20230705093844120,6.7,6.7,6.681020408163265
20230705093844130,6.7,6.7,6.681020408163265
20230705093844170,6.7,6.7,6.681020408163265
20230705093844430,6.7,6.7,6.681020408163265
20230705093846640,6.7,6.7,6.681020408163265
20230705093846730,6.7,6.7,6.681020408163265
20230705093847010,6.7,6.7,6.681020408163265
20230705093849120,6.7,6.7,6.681020408163265
20230705093849660,6.7,6.7,6.681020408163265
20230705093849710,6.7,6.7,6.681020408163265
20230705093854760,6.7,6.7,6.681020408163265
20230705093855060,6.7,6.7,6.681020408163265
20230705093857040,6.7,6.7,6.681020408163265
20230705093857460,6.7,6.7,6.681020408163265
20230705093858090,6.7,6.7,6.681020408163265
20230705093859560,6.7,6.7,6.681020408163265
20230705093859840,6.7,6.7,6.681020408163265
20230705093900720,6.7,6.7,6.681020408163265
20230705093900730,6.7,6.7,6.681020408163265
20230705093902340,6.7,6.7,6.681020408163265
20230705093902400,6.7,6.7,6.681020408163265
20230705093903200,6.7,6.7,6.681020408163265
20230705093903230,6.7,6.7,6.681020408163265
20230705093903240,6.7,6.7,6.681020408163265
20230705093903290,6.7,6.7,6.681020408163265
20230705093903300,6.7,6.7,6.681020408163265
20230705093905270,6.7,6.7,6.681020408163265
20230705093905670,6.7,6.7,6.681020408163265
20230705093908050,6.7,6.7,6.681020408163265
20230705093908290,6.7,6.7,6.681020408163265
20230705093908340,6.7,6.7,6.681020408163265
20230705093908610,6.7,6.7,6.681020408163265
20230705093910340,6.7,6.7,6.681020408163265
20230705093910590,6.7,6.7,6.681020408163265
20230705093910620,6.7,6.7,6.681020408163265
20230705093911520,6.7,6.7,6.681020408163265
20230705093913550,6.7,6.7,6.681020408163265
20230705093913780,6.7,6.7,6.681020408163265
20230705093915740,6.7,6.7,6.681130958255205
20230705093915860,6.7,6.7,6.6812105107764985
20230705093915870,6.7,6.7,6.6812105107764985
20230705093915910,6.7,6.7,6.6812105107764985
20230705093916070,6.7,6.7,6.6812105107764985
20230705093916220,6.7,6.7,6.6812105107764985
20230705093916260,6.7,6.7,6.6812105107764985
20230705093916360,6.7,6.7,6.6812105107764985
20230705093916620,6.7,6.7,6.6812105107764985
20230705093918550,6.7,6.7,6.6812105107764985
20230705093918770,6.7,6.7,6.681212359771698
20230705093918870,6.7,6.7,6.681212359771698
20230705093919050,6.7,6.7,6.681212359771698
20230705093919090,6.7,6.7,6.681212359771698
20230705093919100,6.7,6.7,6.681212359771698
20230705093919250,6.7,6.7,6.681212359771698
20230705093923870,6.7,6.7,6.681212359771698
20230705093923990,6.7,6.7,6.681212359771698
20230705093924130,6.7,6.7,6.681212359771698
20230705093924320,6.7,6.7,6.681212359771698
20230705093927000,6.7,6.7,6.68126803415448
20230705093927120,6.7,6.7,6.68126803415448
20230705093927430,6.7,6.7,6.681270853778214
20230705093927470,6.7,6.7,6.681270853778214
20230705093930330,6.7,6.7,6.681270853778214
20230705093930360,6.7,6.7,6.681270853778214
20230705093932420,6.7,6.7,6.681270853778214
20230705093932680,6.7,6.7,6.681270853778214
20230705093934920,6.7,6.7,6.681270853778214
20230705093935080,6.7,6.7,6.681270853778214
20230705093935340,6.7,6.7,6.681270853778214
20230705093935790,6.7,6.7,6.681270853778214
20230705093937670,6.7,6.7,6.681270853778214
20230705093937760,6.7,6.7,6.681270853778214
20230705093938370,6.7,6.7,6.681270853778214
20230705093940150,6.7,6.7,6.681270853778214
20230705093940950,6.7,6.7,6.681270853778214
20230705093941130,6.7,6.7,6.681270853778214
20230705093941150,6.7,6.7,6.681270853778214
20230705093943570,6.7,6.7,6.681270853778214
20230705093943630,6.7,6.7,6.681270853778214
20230705093943810,6.7,6.7,6.681270853778214
20230705093945810,6.7,6.7,6.681270853778214
20230705093946080,6.7,6.7,6.681270853778214
20230705093946180,6.7,6.7,6.681270853778214
20230705093946620,6.7,6.7,6.681270853778214
20230705093948370,6.7,6.7,6.681270853778214
20230705093948460,6.7,6.7,6.681270853778214
20230705093949070,6.7,6.7,6.681270853778214
20230705093951770,6.7,6.7,6.681861783929258
20230705093951810,6.7,6.7,6.681872598001537
20230705093951820,6.7,6.7,6.681872598001537
20230705093951860,6.7,6.7,6.681872598001537
20230705093952090,6.7,6.7,6.681880703102488
20230705093953700,6.7,6.7,6.681883403764886
20230705093953770,6.7,6.7,6.681883403764886
20230705093953820,6.7,6.7,6.681883403764886
20230705093953870,6.7,6.7,6.6818861039085755
20230705093954520,6.7,6.7,6.6818861039085755
20230705093956580,6.7,6.7,6.6818861039085755
20230705093956650,6.7,6.7,6.6818861039085755
20230705093957080,6.7,6.7,6.6818861039085755
20230705093959540,6.7,6.7,6.6818861039085755
20230705094000020,6.7,6.7,6.6818861039085755
20230705094000130,6.7,6.7,6.6818861039085755
20230705094000180,6.7,6.7,6.6818861039085755
20230705094001660,6.7,6.7,6.6818861039085755
20230705094001810,6.7,6.7,6.6818861039085755
20230705094001840,6.7,6.7,6.6818861039085755
20230705094001880,6.7,6.7,6.6818861039085755
20230705094001920,6.7,6.7,6.6818861039085755
20230705094002060,6.7,6.7,6.6818861039085755
20230705094002160,6.7,6.7,6.6818861039085755
20230705094002530,6.7,6.7,6.682087212616379
20230705094002540,6.7,6.7,6.682087212616379
20230705094002560,6.7,6.7,6.682087212616379
20230705094002700,6.7,6.7,6.682087212616379
20230705094002710,6.7,6.7,6.682087212616379
20230705094004400,6.7,6.7,6.682087212616379
20230705094004560,6.7,6.7,6.682100465292945
20230705094004580,6.7,6.7,6.682100465292945
20230705094004650,6.7,6.71,6.6822270535967485
20230705094004730,6.7,6.71,6.682229678638941
20230705094005000,6.7,6.71,6.682234927234927
20230705094005030,6.7,6.71,6.682237550789001
20230705094005150,6.7,6.71,6.682237550789001
20230705094005170,6.7,6.71,6.682237550789001
20230705094005330,6.7,6.71,6.682237550789001
20230705094005360,6.7,6.7,6.68241220657277
20230705094005570,6.7,6.7,6.68241220657277
20230705094007140,6.7,6.7,6.68241220657277
20230705094007260,6.7,6.7,6.68241220657277
20230705094007320,6.7,6.7,6.68241220657277
20230705094007690,6.7,6.7,6.68241220657277
20230705094010090,6.7,6.71,6.68241220657277
20230705094010110,6.7,6.7,6.68241220657277
20230705094010120,6.7,6.7,6.68241220657277
20230705094010150,6.7,6.7,6.68241220657277
20230705094010270,6.7,6.7,6.68241220657277
20230705094010620,6.7,6.7,6.68241997559373
20230705094010990,6.7,6.7,6.68241997559373
20230705094013080,6.7,6.71,6.68241997559373
20230705094013100,6.7,6.71,6.68241997559373
20230705094013120,6.7,6.71,6.68241997559373
20230705094015180,6.7,6.71,6.682435500515996
20230705094015220,6.7,6.71,6.682451007969996
20230705094015260,6.7,6.7,6.682463917525773
20230705094015330,6.7,6.7,6.682463917525773
20230705094015480,6.7,6.7,6.682463917525773
20230705094015500,6.7,6.7,6.682463917525773
20230705094015900,6.7,6.7,6.682463917525773
20230705094015930,6.7,6.7,6.682463917525773
20230705094016000,6.7,6.7,6.682471657453387
20230705094016050,6.7,6.7,6.682487124262571
20230705094016090,6.7,6.7,6.682489700374532
20230705094016110,6.7,6.71,6.682510291916167
20230705094016150,6.7,6.7,6.682525715354404
20230705094017900,6.7,6.71,6.682525715354404
20230705094017920,6.7,6.71,6.682525715354404
20230705094018180,6.7,6.71,6.682525715354404
20230705094018850,6.7,6.71,6.682525715354404
20230705094021440,6.7,6.71,6.682525715354404
20230705094021470,6.7,6.71,6.682525715354404
20230705094021510,6.7,6.71,6.682525715354404
20230705094023680,6.7,6.71,6.682525715354404
20230705094024020,6.7,6.71,6.682525715354404
20230705094024090,6.7,6.71,6.682525715354404
20230705094024130,6.7,6.71,6.682525715354404
20230705094026070,6.7,6.71,6.682525715354404
20230705094026320,6.7,6.71,6.682525715354404
20230705094026620,6.7,6.71,6.682525715354404
20230705094026640,6.7,6.71,6.682525715354404
20230705094028890,6.7,6.71,6.682525715354404
20230705094028900,6.7,6.71,6.682525715354404
20230705094029420,6.7,6.71,6.682525715354404
20230705094029740,6.7,6.71,6.682525715354404
20230705094029780,6.7,6.71,6.682525715354404
20230705094032440,6.7,6.71,6.682525715354404
20230705094032460,6.7,6.71,6.682525715354404
20230705094034470,6.7,6.71,6.682525715354404
20230705094034890,6.7,6.71,6.682525715354404
20230705094034950,6.7,6.71,6.682525715354404
20230705094035160,6.7,6.71,6.682525715354404
20230705094036950,6.7,6.71,6.682525715354404
20230705094037140,6.7,6.71,6.682525715354404
20230705094037250,6.7,6.71,6.682525715354404
20230705094037480,6.7,6.71,6.682525715354404
20230705094037620,6.7,6.71,6.682525715354404
20230705094037650,6.7,6.71,6.682525715354404
20230705094037810,6.7,6.71,6.682525715354404
20230705094039510,6.7,6.71,6.682525715354404
20230705094039830,6.7,6.71,6.682525715354404
20230705094040070,6.7,6.7,6.682525715354404
20230705094042270,6.7,6.71,6.682525715354404
20230705094042380,6.7,6.71,6.682525715354404
20230705094042400,6.7,6.71,6.682525715354404
20230705094042460,6.7,6.71,6.682525715354404
20230705094043040,6.7,6.7,6.683106858346306
20230705094043110,6.7,6.71,6.683106858346306
20230705094043150,6.7,6.71,6.683109320637246
20230705094044870,6.7,6.71,6.683109320637246
20230705094044900,6.7,6.71,6.683109320637246
20230705094044910,6.7,6.71,6.683109320637246
20230705094044920,6.7,6.71,6.683109320637246
20230705094044930,6.7,6.71,6.683109320637246
20230705094045460,6.7,6.71,6.683109320637246
20230705094045550,6.7,6.71,6.683109320637246
20230705094046070,6.7,6.71,6.68312900274474
20230705094046080,6.7,6.7,6.683180531458314
20230705094047990,6.7,6.7,6.683180531458314
20230705094048070,6.7,6.7,6.683180531458314
20230705094048330,6.7,6.7,6.683180531458314
20230705094048650,6.7,6.7,6.683180531458314
20230705094048660,6.7,6.7,6.683182980277575
20230705094051340,6.7,6.7,6.683182980277575
20230705094051410,6.7,6.7,6.683182980277575
20230705094051420,6.7,6.7,6.683182980277575
20230705094053040,6.7,6.71,6.683182980277575
20230705094053210,6.7,6.71,6.683182980277575
20230705094053240,6.7,6.71,6.683182980277575
20230705094053440,6.7,6.71,6.683182980277575
20230705094053510,6.7,6.71,6.683182980277575
20230705094053850,6.7,6.71,6.683182980277575
20230705094054080,6.7,6.71,6.683182980277575
20230705094055950,6.7,6.71,6.683182980277575
20230705094056720,6.7,6.71,6.683182980277575
20230705094058620,6.7,6.71,6.683182980277575
20230705094058920,6.7,6.71,6.683182980277575
20230705094058960,6.7,6.71,6.683182980277575
20230705094059190,6.7,6.71,6.683182980277575
20230705094059510,6.7,6.71,6.683182980277575
20230705094101190,6.7,6.71,6.683182980277575
20230705094101210,6.7,6.71,6.683182980277575
20230705094101500,6.7,6.71,6.683182980277575
20230705094101570,6.7,6.71,6.683182980277575
20230705094101680,6.7,6.71,6.683182980277575
20230705094101970,6.7,6.71,6.683182980277575
20230705094102190,6.7,6.71,6.683182980277575
20230705094103790,6.7,6.71,6.683182980277575
20230705094103800,6.7,6.71,6.683182980277575
20230705094103830,6.7,6.71,6.683182980277575
20230705094103880,6.7,6.71,6.683182980277575
20230705094103910,6.7,6.71,6.683182980277575
20230705094104010,6.7,6.71,6.683182980277575
20230705094104160,6.7,6.71,6.683182980277575
20230705094104330,6.7,6.71,6.683182980277575
20230705094104360,6.7,6.71,6.683182980277575
20230705094104420,6.7,6.71,6.683182980277575
20230705094104670,6.7,6.71,6.683182980277575
20230705094104720,6.7,6.71,6.683182980277575
20230705094106690,6.7,6.71,6.683182980277575
20230705094107470,6.7,6.71,6.683182980277575
20230705094109310,6.7,6.71,6.683182980277575
20230705094109440,6.7,6.71,6.683182980277575
20230705094109970,6.7,6.71,6.683182980277575
20230705094110300,6.7,6.71,6.683182980277575
20230705094111930,6.7,6.71,6.683182980277575
20230705094112060,6.7,6.71,6.683182980277575
20230705094112130,6.7,6.71,6.683182980277575
20230705094112600,6.7,6.71,6.683182980277575
20230705094114620,6.7,6.71,6.683182980277575
20230705094114660,6.7,6.71,6.683182980277575
20230705094114860,6.7,6.71,6.683182980277575
20230705094114870,6.7,6.71,6.683182980277575
20230705094115070,6.7,6.71,6.683182980277575
20230705094115210,6.7,6.71,6.683182980277575
20230705094115410,6.7,6.71,6.683182980277575
20230705094115510,6.7,6.71,6.683182980277575
20230705094115520,6.7,6.71,6.683182980277575
20230705094115610,6.7,6.71,6.683182980277575
20230705094117720,6.7,6.71,6.684059221056375
20230705094117960,6.7,6.71,6.684059221056375
20230705094120170,6.7,6.71,6.6840783860647
20230705094120290,6.7,6.71,6.6840783860647
20230705094120700,6.7,6.71,6.6840783860647
20230705094120850,6.7,6.71,6.6840783860647
20230705094120870,6.7,6.71,6.6840783860647
20230705094121020,6.7,6.71,6.684084769859606
20230705094121090,6.7,6.71,6.684084769859606
20230705094122620,6.7,6.71,6.684084769859606
20230705094122640,6.7,6.71,6.684084769859606
20230705094122800,6.7,6.71,6.684084769859606
20230705094123050,6.7,6.71,6.684084769859606
20230705094123080,6.7,6.71,6.684084769859606
20230705094123820,6.7,6.71,6.684084769859606
20230705094125410,6.7,6.71,6.684084769859606
20230705094125770,6.7,6.71,6.684084769859606
20230705094126350,6.7,6.71,6.684084769859606
20230705094126380,6.7,6.71,6.684084769859606
20230705094128440,6.7,6.71,6.684084769859606
20230705094128500,6.7,6.71,6.684084769859606
20230705094129000,6.7,6.71,6.684084769859606
20230705094129010,6.7,6.71,6.684084769859606
20230705094129100,6.7,6.71,6.684084769859606
20230705094129140,6.7,6.71,6.684084769859606
20230705094129210,6.7,6.71,6.684084769859606
20230705094131000,6.7,6.71,6.684084769859606
20230705094131240,6.7,6.71,6.684084769859606
20230705094134120,6.7,6.71,6.684084769859606
20230705094136220,6.7,6.71,6.684084769859606
20230705094137250,6.7,6.71,6.684084769859606
20230705094137260,6.7,6.71,6.684084769859606
20230705094139190,6.7,6.71,6.684084769859606
20230705094139770,6.7,6.71,6.684084769859606
20230705094139890,6.7,6.71,6.684084769859606
20230705094141790,6.7,6.71,6.684084769859606
20230705094145320,6.7,6.71,6.684084769859606
20230705094145370,6.7,6.71,6.684084769859606
20230705094147280,6.7,6.71,6.684084769859606
20230705094147710,6.7,6.71,6.684084769859606
20230705094147860,6.7,6.71,6.684084769859606
20230705094149910,6.7,6.71,6.684084769859606
20230705094150000,6.7,6.71,6.684084769859606
20230705094150120,6.7,6.71,6.684084769859606
20230705094150200,6.7,6.71,6.684084769859606
20230705094150370,6.7,6.71,6.684209082057183
20230705094150680,6.7,6.71,6.684209082057183
20230705094152370,6.7,6.71,6.684209082057183
20230705094152400,6.7,6.71,6.684209082057183
20230705094153280,6.7,6.71,6.684209082057183
20230705094155110,6.7,6.71,6.684209082057183
20230705094155460,6.7,6.71,6.684209082057183
20230705094156060,6.7,6.71,6.684209082057183
20230705094156130,6.7,6.71,6.684209082057183
20230705094157810,6.7,6.71,6.684209082057183
20230705094158040,6.7,6.71,6.684209082057183
20230705094158270,6.7,6.71,6.684209082057183
20230705094158690,6.7,6.71,6.684209082057183
20230705094158720,6.7,6.71,6.684209082057183
20230705094203990,6.7,6.71,6.684209082057183
20230705094204040,6.7,6.71,6.684209082057183
20230705094204090,6.7,6.71,6.684209082057183
20230705094204230,6.7,6.71,6.684209082057183
20230705094204370,6.7,6.71,6.684209082057183
20230705094205860,6.7,6.71,6.684209082057183
20230705094205870,6.7,6.71,6.684209082057183
20230705094205930,6.7,6.71,6.684209082057183
20230705094206190,6.7,6.71,6.684209082057183
20230705094206270,6.7,6.71,6.684209082057183
20230705094206330,6.7,6.71,6.684209082057183
20230705094206930,6.7,6.71,6.684209082057183
20230705094208720,6.7,6.71,6.684381824586122
20230705094208760,6.7,6.71,6.684381824586122
20230705094209110,6.7,6.71,6.684381824586122
20230705094209160,6.7,6.71,6.684381824586122
20230705094209210,6.7,6.71,6.684381824586122
20230705094209230,6.7,6.71,6.684381824586122
20230705094211330,6.7,6.71,6.684381824586122
20230705094211410,6.7,6.71,6.684381824586122
20230705094211770,6.7,6.71,6.684381824586122
20230705094213970,6.7,6.71,6.684381824586122
20230705094214250,6.7,6.71,6.685031984785615
20230705094214500,6.7,6.71,6.685035007347221
20230705094214580,6.7,6.71,6.685035007347221
20230705094214610,6.7,6.71,6.685035007347221
20230705094214750,6.7,6.71,6.685035007347221
20230705094214830,6.7,6.71,6.685035007347221
20230705094214920,6.7,6.71,6.685035007347221
20230705094215150,6.7,6.71,6.685035007347221
20230705094216770,6.71,6.71,6.685110306790762
20230705094216950,6.71,6.71,6.68513173755812
20230705094217110,6.71,6.71,6.685146742404682
20230705094217250,6.71,6.71,6.685149741824441
20230705094217570,6.71,6.71,6.685149741824441
20230705094217790,6.71,6.71,6.685149741824441
20230705094219520,6.71,6.71,6.685152740727992
20230705094219700,6.71,6.71,6.685152740727992
20230705094220030,6.71,6.71,6.685152740727992
20230705094220100,6.71,6.71,6.685170723316419
20230705094220150,6.71,6.71,6.685170723316419
20230705094222360,6.71,6.71,6.685170723316419
20230705094222940,6.71,6.71,6.685170723316419
20230705094224790,6.71,6.71,6.685185694635488
20230705094225360,6.71,6.71,6.685334702961821
20230705094225520,6.71,6.71,6.68534953366989
20230705094225690,6.71,6.71,6.68534953366989
20230705094225850,6.71,6.71,6.685352498288843
20230705094225900,6.71,6.71,6.685352498288843
20230705094227690,6.71,6.71,6.685352498288843
20230705094227760,6.71,6.71,6.685352498288843
20230705094227880,6.71,6.71,6.685352498288843
20230705094227910,6.71,6.71,6.685352498288843
20230705094228280,6.71,6.71,6.685363037714872
20230705094228470,6.71,6.71,6.685374882448491
20230705094230220,6.71,6.71,6.685374882448491
20230705094230730,6.71,6.71,6.685374882448491
20230705094231050,6.71,6.71,6.685374882448491
20230705094231150,6.71,6.71,6.685374882448491
20230705094233030,6.71,6.71,6.685374882448491
20230705094233570,6.73,6.71,6.686519798297098
20230705094233750,6.73,6.71,6.686519798297098
20230705094233830,6.73,6.71,6.6865253326721215
20230705094235760,6.73,6.71,6.6865253326721215
20230705094235990,6.73,6.71,6.68653086521775
20230705094236000,6.73,6.71,6.686572301089469
20230705094238360,6.73,6.71,6.686572301089469
20230705094238900,6.73,6.71,6.686597411163327
20230705094239150,6.73,6.71,6.686597411163327
20230705094239170,6.73,6.71,6.686597411163327
20230705094239300,6.73,6.71,6.686597411163327
20230705094239380,6.73,6.71,6.686597411163327
20230705094241030,6.73,6.71,6.686597411163327
20230705094241620,6.73,6.71,6.686597411163327
20230705094241850,6.73,6.71,6.686710699048244
20230705094243710,6.73,6.71,6.686710699048244
20230705094244240,6.73,6.71,6.686710699048244
20230705094244320,6.72,6.71,6.686710699048244
20230705094246760,6.72,6.71,6.686710699048244
20230705094246970,6.72,6.71,6.686710699048244
20230705094247190,6.73,6.71,6.686710699048244
20230705094249090,6.73,6.71,6.686710699048244
20230705094249170,6.73,6.71,6.686710699048244
20230705094249220,6.73,6.71,6.686710699048244
20230705094249590,6.73,6.71,6.686710699048244
20230705094251890,6.73,6.71,6.686710699048244
20230705094252000,6.73,6.71,6.686710699048244
20230705094252050,6.72,6.71,6.686710699048244
20230705094252080,6.72,6.71,6.686733623022055
20230705094252190,6.72,6.71,6.686733623022055
20230705094252430,6.72,6.71,6.686733623022055
20230705094252560,6.72,6.71,6.686733623022055
20230705094252660,6.72,6.71,6.686733623022055
20230705094252670,6.72,6.71,6.686733623022055
20230705094254730,6.72,6.71,6.686747254548434
20230705094254850,6.72,6.71,6.686747254548434
20230705094255030,6.73,6.71,6.687451467992941
20230705094255290,6.73,6.71,6.687451467992941
20230705094255330,6.73,6.71,6.687451467992941
20230705094257130,6.73,6.71,6.687537402992239
20230705094257290,6.73,6.71,6.687537402992239
20230705094257340,6.73,6.71,6.687537402992239
20230705094257680,6.73,6.71,6.687537402992239
20230705094258000,6.73,6.71,6.687537402992239
20230705094258170,6.73,6.71,6.68754
20230705094258190,6.73,6.71,6.687550383877159
20230705094258280,6.73,6.71,6.687589264318237
20230705094300010,6.73,6.71,6.687589264318237
20230705094300020,6.73,6.71,6.687589264318237
20230705094300030,6.73,6.71,6.687589264318237
20230705094300050,6.73,6.71,6.687589264318237
20230705094300090,6.73,6.71,6.687589264318237
20230705094300110,6.73,6.71,6.687589264318237
20230705094300180,6.73,6.71,6.687589264318237
20230705094300190,6.73,6.71,6.687589264318237
20230705094300450,6.73,6.71,6.687589264318237
20230705094300460,6.73,6.71,6.687589264318237
20230705094300810,6.73,6.71,6.687589264318237
20230705094301010,6.73,6.71,6.687589264318237
20230705094301030,6.73,6.71,6.687589264318237
20230705094301050,6.73,6.71,6.687589264318237
20230705094301060,6.73,6.71,6.688048665249232
20230705094301070,6.73,6.71,6.688056211620217
20230705094302520,6.73,6.72,6.688056211620217
20230705094302820,6.73,6.72,6.688056211620217
20230705094303160,6.73,6.71,6.688056211620217
20230705094303180,6.73,6.71,6.688056211620217
20230705094303190,6.73,6.72,6.688056211620217
20230705094303430,6.73,6.71,6.688056211620217
20230705094303770,6.73,6.71,6.688056211620217
20230705094305320,6.73,6.71,6.688056211620217
20230705094305340,6.73,6.71,6.688056211620217
20230705094305920,6.73,6.71,6.688056211620217
20230705094306180,6.73,6.71,6.688056211620217
20230705094307930,6.73,6.71,6.688056211620217
20230705094307950,6.73,6.71,6.6882334977683815
20230705094308230,6.73,6.71,6.6882334977683815
20230705094308740,6.73,6.72,6.6882334977683815
20230705094308940,6.72,6.71,6.688347507216977
20230705094308980,6.72,6.71,6.688349976595413
20230705094309000,6.73,6.72,6.688357382419468
20230705094309060,6.73,6.72,6.688357382419468
20230705094309090,6.73,6.72,6.688357382419468
20230705094309100,6.73,6.72,6.688357382419468
20230705094310800,6.73,6.72,6.688357382419468
20230705094311550,6.73,6.72,6.688357382419468
20230705094311600,6.73,6.72,6.688357382419468
20230705094311640,6.73,6.72,6.688357382419468
20230705094311670,6.73,6.72,6.688357382419468
20230705094311730,6.73,6.72,6.688357382419468
20230705094313620,6.73,6.72,6.688357382419468
20230705094313970,6.73,6.72,6.688357382419468
20230705094314420,6.73,6.72,6.688357382419468
20230705094314510,6.73,6.72,6.688357382419468
20230705094314550,6.73,6.72,6.688357382419468
20230705094316080,6.73,6.72,6.688419003115265
20230705094316110,6.73,6.72,6.688419003115265
20230705094316540,6.73,6.72,6.688419003115265
20230705094316830,6.73,6.72,6.688419003115265
20230705094317030,6.73,6.72,6.688419003115265
20230705094318770,6.73,6.72,6.688419003115265
20230705094319160,6.73,6.72,6.688419003115265
20230705094319190,6.73,6.72,6.688541505042669
20230705094319560,6.73,6.72,6.688541505042669
20230705094319600,6.73,6.72,6.688541505042669
20230705094319720,6.73,6.72,6.688541505042669
20230705094319810,6.73,6.72,6.6885447211232645
20230705094319850,6.73,6.72,6.6885447211232645
20230705094321870,6.73,6.72,6.6885447211232645
20230705094321920,6.73,6.72,6.688547936704933
20230705094322020,6.73,6.72,6.688547936704933
20230705094322320,6.73,6.72,6.688547936704933
20230705094322390,6.73,6.72,6.688547936704933
20230705094324920,6.73,6.72,6.688547936704933
20230705094326840,6.73,6.72,6.688547936704933
20230705094327350,6.73,6.72,6.688618553507821
20230705094327700,6.73,6.72,6.688618553507821
20230705094327750,6.73,6.72,6.68896175702657
20230705094327830,6.73,6.72,6.68898380535728
20230705094329650,6.73,6.72,6.68899953966549
20230705094329710,6.73,6.72,6.68899953966549
20230705094332200,6.73,6.72,6.68899953966549
20230705094332530,6.73,6.72,6.68899953966549
20230705094332730,6.73,6.72,6.68904353157572
20230705094334910,6.73,6.72,6.68904353157572
20230705094335440,6.73,6.72,6.68904353157572
20230705094336030,6.73,6.72,6.68904353157572
20230705094337620,6.73,6.72,6.68904353157572
20230705094337740,6.73,6.72,6.68904353157572
20230705094337870,6.73,6.72,6.689059220102658
20230705094337930,6.73,6.72,6.689059220102658
20230705094337960,6.73,6.72,6.689059220102658
20230705094338090,6.73,6.72,6.689059220102658
20230705094338610,6.73,6.72,6.689059220102658
20230705094338730,6.73,6.72,6.689059220102658
20230705094340300,6.73,6.72,6.689059220102658
20230705094340390,6.73,6.72,6.689071762273111
20230705094341190,6.73,6.72,6.689071762273111
20230705094343110,6.73,6.72,6.689071762273111
20230705094343120,6.73,6.72,6.689071762273111
20230705094343230,6.73,6.72,6.689071762273111
20230705094343310,6.73,6.72,6.689071762273111
20230705094343320,6.73,6.72,6.689071762273111
20230705094343750,6.73,6.72,6.689071762273111
20230705094343820,6.73,6.72,6.689074896615102
20230705094344000,6.73,6.72,6.689074896615102
20230705094344130,6.73,6.72,6.689074896615102
20230705094344160,6.73,6.72,6.689093692590324
20230705094346630,6.73,6.72,6.689093692590324
20230705094346920,6.73,6.72,6.689093692590324
20230705094348530,6.73,6.72,6.689093692590324
20230705094348720,6.73,6.72,6.689093692590324
20230705094348980,6.73,6.72,6.689149977067727
20230705094349180,6.73,6.72,6.689149977067727
20230705094351220,6.73,6.72,6.689149977067727
20230705094351830,6.73,6.72,6.689149977067727
20230705094352340,6.73,6.72,6.689149977067727
20230705094353850,6.73,6.72,6.689149977067727
20230705094354070,6.73,6.72,6.689149977067727
20230705094354170,6.73,6.72,6.68984973703982
20230705094354930,6.73,6.72,6.6898527533618815
20230705094354950,6.73,6.72,6.6898527533618815
20230705094355020,6.73,6.72,6.689858784646586
20230705094356600,6.73,6.72,6.689861799609433
20230705094357060,6.73,6.72,6.689861799609433
20230705094357110,6.73,6.72,6.689861799609433
20230705094357540,6.73,6.72,6.689861799609433
20230705094359690,6.73,6.72,6.689861799609433
20230705094400390,6.73,6.72,6.689876867632705
20230705094402000,6.73,6.72,6.689876867632705
20230705094402060,6.73,6.72,6.689876867632705
20230705094402140,6.73,6.72,6.689876867632705
20230705094402410,6.73,6.72,6.689876867632705
20230705094402730,6.73,6.72,6.689876867632705
20230705094402750,6.73,6.72,6.689876867632705
20230705094405130,6.73,6.72,6.689876867632705
20230705094405160,6.73,6.72,6.689876867632705
20230705094405480,6.73,6.72,6.689876867632705
20230705094405820,6.73,6.72,6.690268386714116
20230705094407750,6.73,6.72,6.6905607889314105
20230705094407820,6.73,6.72,6.6905607889314105
20230705094410000,6.73,6.72,6.6905607889314105
20230705094410080,6.73,6.72,6.6905607889314105
20230705094410100,6.73,6.72,6.6905607889314105
20230705094410500,6.73,6.72,6.690589792616561
20230705094410740,6.73,6.72,6.690589792616561
20230705094411110,6.73,6.72,6.690589792616561
20230705094411160,6.73,6.72,6.690589792616561
20230705094412740,6.73,6.72,6.690625229593711
20230705094413010,6.73,6.72,6.690625229593711
20230705094413220,6.73,6.72,6.690625229593711
20230705094413740,6.73,6.72,6.690625229593711
20230705094416550,6.73,6.72,6.690625229593711
20230705094418300,6.73,6.72,6.690628122245078
20230705094418560,6.73,6.72,6.690628122245078
20230705094418580,6.73,6.72,6.690628122245078
20230705094418720,6.73,6.72,6.690628122245078
20230705094418750,6.73,6.72,6.690628122245078
20230705094418900,6.73,6.72,6.690628122245078
20230705094418940,6.73,6.72,6.690628122245078
20230705094420810,6.73,6.72,6.690645469231899
20230705094420980,6.73,6.72,6.690645469231899
20230705094421140,6.73,6.72,6.690645469231899
20230705094421360,6.73,6.72,6.690645469231899
20230705094421710,6.73,6.72,6.690645469231899
20230705094423510,6.73,6.72,6.690645469231899
20230705094423910,6.73,6.72,6.690645469231899
20230705094424100,6.73,6.72,6.690645469231899
20230705094424170,6.73,6.72,6.690645469231899
20230705094426300,6.73,6.72,6.690645469231899
20230705094426640,6.73,6.72,6.690645469231899
20230705094426660,6.73,6.72,6.690645469231899
20230705094426830,6.73,6.72,6.690645469231899
20230705094428910,6.73,6.72,6.690645469231899
20230705094429270,6.73,6.72,6.690645469231899
20230705094429610,6.73,6.72,6.690762866974156
20230705094430090,6.73,6.72,6.690762866974156
20230705094431920,6.73,6.72,6.690762866974156
20230705094432000,6.73,6.72,6.690762866974156
20230705094432130,6.73,6.72,6.690762866974156
20230705094432150,6.73,6.72,6.690762866974156
20230705094432370,6.73,6.72,6.690762866974156
20230705094434350,6.73,6.72,6.690762866974156
20230705094434390,6.73,6.72,6.690762866974156
20230705094434480,6.73,6.72,6.690762866974156
20230705094434580,6.73,6.72,6.690762866974156
20230705094434740,6.73,6.72,6.690762866974156
20230705094434770,6.73,6.72,6.690762866974156
20230705094435520,6.73,6.72,6.690762866974156
20230705094437270,6.73,6.72,6.690762866974156
20230705094437560,6.73,6.72,6.690762866974156
20230705094437700,6.73,6.72,6.690762866974156
20230705094437880,6.73,6.72,6.690762866974156
20230705094439960,6.73,6.72,6.690762866974156
20230705094440460,6.73,6.72,6.690762866974156
20230705094440480,6.73,6.72,6.690762866974156
20230705094440550,6.73,6.72,6.690762866974156
20230705094440620,6.73,6.72,6.690762866974156
20230705094440650,6.73,6.72,6.690762866974156
20230705094440660,6.73,6.72,6.690762866974156
20230705094440680,6.73,6.72,6.690762866974156
20230705094440750,6.73,6.72,6.690762866974156
20230705094440800,6.73,6.72,6.690762866974156
20230705094442700,6.73,6.72,6.690762866974156
20230705094443140,6.73,6.72,6.690762866974156
20230705094443150,6.73,6.72,6.690762866974156
20230705094443230,6.73,6.72,6.690762866974156
20230705094445190,6.73,6.72,6.690762866974156
20230705094445210,6.73,6.72,6.690804211141979
20230705094445220,6.73,6.72,6.690808479532164
20230705094445820,6.73,6.72,6.690808479532164
20230705094446150,6.73,6.72,6.690810613259265
20230705094448200,6.73,6.72,6.690810613259265
20230705094448490,6.73,6.72,6.690810613259265
20230705094448550,6.72,6.72,6.690810613259265
20230705094448750,6.72,6.72,6.690810613259265
20230705094449020,6.72,6.72,6.690810613259265
20230705094450710,6.72,6.72,6.690810613259265
20230705094450840,6.72,6.72,6.690810613259265
20230705094450880,6.72,6.72,6.690810613259265
20230705094451070,6.72,6.72,6.690810613259265
20230705094451120,6.72,6.72,6.690810613259265
20230705094451330,6.72,6.72,6.690810613259265
20230705094451360,6.72,6.72,6.690810613259265
20230705094451630,6.72,6.72,6.690810613259265
20230705094453420,6.72,6.72,6.690810613259265
20230705094453610,6.72,6.72,6.690810613259265
20230705094453830,6.72,6.72,6.690810613259265
20230705094454020,6.72,6.72,6.690810613259265
20230705094454160,6.72,6.72,6.690810613259265
20230705094454280,6.72,6.72,6.690810613259265
20230705094455910,6.72,6.72,6.690810613259265
20230705094456810,6.72,6.72,6.690810613259265
20230705094458630,6.72,6.72,6.690810613259265
20230705094458660,6.72,6.72,6.69088556851312
20230705094458700,6.72,6.72,6.69088556851312
20230705094458920,6.72,6.72,6.69088556851312
20230705094459120,6.72,6.72,6.69088556851312
20230705094459340,6.72,6.72,6.69088556851312
20230705094501380,6.72,6.72,6.69088556851312
20230705094501600,6.72,6.72,6.69088556851312
20230705094501920,6.72,6.72,6.69088556851312
20230705094501930,6.72,6.72,6.690951065222134
20230705094501950,6.72,6.72,6.690951065222134
20230705094502030,6.72,6.72,6.690951065222134
20230705094502080,6.72,6.72,6.690951065222134
20230705094504510,6.72,6.72,6.690951065222134
20230705094504730,6.72,6.72,6.690951065222134
20230705094504780,6.72,6.72,6.690951065222134
20230705094505020,6.72,6.72,6.690951065222134
20230705094506780,6.72,6.72,6.690951065222134
20230705094506850,6.72,6.72,6.690951065222134
20230705094506910,6.72,6.72,6.690951065222134
20230705094506980,6.72,6.72,6.690973200668168
20230705094507400,6.72,6.72,6.691007684500508
20230705094507530,6.72,6.72,6.691007684500508
20230705094507550,6.72,6.72,6.691007684500508
20230705094507720,6.72,6.72,6.691007684500508
20230705094509790,6.72,6.72,6.691007684500508
20230705094509800,6.72,6.72,6.691007684500508
20230705094509820,6.72,6.72,6.691007684500508
20230705094510390,6.72,6.72,6.691007684500508
20230705094510600,6.72,6.72,6.691007684500508
20230705094512340,6.72,6.72,6.691007684500508
20230705094512380,6.72,6.72,6.691007684500508
20230705094512400,6.72,6.72,6.691007684500508
20230705094512700,6.72,6.72,6.691007684500508
20230705094512720,6.72,6.72,6.691007684500508
20230705094513030,6.72,6.72,6.691007684500508
20230705094513180,6.72,6.72,6.691007684500508
20230705094515340,6.72,6.72,6.691007684500508
20230705094515920,6.72,6.72,6.691007684500508
20230705094517550,6.72,6.72,6.691007684500508
20230705094517570,6.72,6.72,6.691007684500508
20230705094517580,6.72,6.72,6.691007684500508
20230705094517590,6.72,6.72,6.691007684500508
20230705094517650,6.72,6.72,6.69106432240793
20230705094517680,6.72,6.72,6.69106432240793
20230705094517920,6.72,6.72,6.69107897020538
20230705094518020,6.72,6.72,6.69107897020538
20230705094518720,6.72,6.72,6.69107897020538
20230705094520460,6.72,6.72,6.69107897020538
20230705094522920,6.72,6.72,6.69107897020538
20230705094523110,6.72,6.72,6.69107897020538
20230705094523120,6.72,6.72,6.69107897020538
20230705094523140,6.72,6.72,6.691165104542177
20230705094523150,6.72,6.72,6.691166462403576
20230705094523360,6.72,6.72,6.691166462403576
20230705094523450,6.72,6.72,6.691166462403576
20230705094523690,6.72,6.72,6.691166462403576
20230705094525970,6.72,6.72,6.691166462403576
20230705094526380,6.72,6.72,6.691166462403576
20230705094526680,6.72,6.72,6.691166462403576
20230705094528300,6.71,6.72,6.691166462403576
20230705094528320,6.71,6.72,6.691166462403576
20230705094528340,6.72,6.72,6.691193578576057
20230705094528470,6.72,6.72,6.691265259227345
20230705094528480,6.71,6.72,6.691286759431932
20230705094528490,6.71,6.72,6.691286759431932
20230705094528500,6.71,6.72,6.691286759431932
20230705094528510,6.71,6.72,6.691289258568765
20230705094528520,6.71,6.72,6.691289258568765
20230705094528530,6.71,6.72,6.691289258568765
20230705094528540,6.71,6.72,6.691289258568765
20230705094528550,6.71,6.72,6.691289258568765
20230705094528560,6.71,6.72,6.691289258568765
20230705094528600,6.71,6.72,6.691289258568765
20230705094528880,6.71,6.72,6.691289258568765
20230705094528890,6.71,6.72,6.69129060012906
20230705094529040,6.71,6.72,6.69129060012906
20230705094529110,6.71,6.72,6.69129060012906
20230705094529140,6.71,6.72,6.69129060012906
20230705094529370,6.73,6.71,6.691466192170818
20230705094529440,6.73,6.71,6.691466192170818
20230705094531010,6.73,6.71,6.691466192170818
20230705094531810,6.72,6.71,6.691466192170818
20230705094532220,6.72,6.71,6.691466192170818
20230705094533960,6.72,6.71,6.691466192170818
20230705094533970,6.72,6.71,6.691466192170818
20230705094534110,6.72,6.71,6.691657478088776
20230705094534140,6.71,6.71,6.691657478088776
20230705094534600,6.71,6.71,6.691665136642892
20230705094534790,6.71,6.71,6.691665136642892
20230705094534800,6.71,6.71,6.691665136642892
20230705094534820,6.71,6.71,6.691665136642892
20230705094536400,6.71,6.71,6.691665136642892
20230705094536840,6.71,6.71,6.691665136642892
20230705094537080,6.71,6.71,6.691665136642892
20230705094539300,6.73,6.71,6.6920227304420585
20230705094539600,6.72,6.71,6.6920227304420585
20230705094542350,6.72,6.71,6.6920227304420585
20230705094542360,6.72,6.71,6.6920227304420585
20230705094542920,6.72,6.71,6.6920227304420585
20230705094542970,6.72,6.71,6.6920227304420585
20230705094544610,6.72,6.71,6.6920227304420585
20230705094544720,6.72,6.71,6.6920227304420585
20230705094545160,6.72,6.71,6.6920227304420585
20230705094545290,6.72,6.71,6.6920227304420585
20230705094547430,6.72,6.71,6.6920227304420585
20230705094547440,6.72,6.71,6.6920227304420585
20230705094547770,6.72,6.71,6.6920227304420585
20230705094547820,6.72,6.71,6.6920227304420585
20230705094547860,6.72,6.71,6.6920227304420585
20230705094547870,6.72,6.71,6.6920227304420585
20230705094548150,6.72,6.71,6.6920227304420585
20230705094548190,6.72,6.71,6.6920227304420585
20230705094550560,6.72,6.71,6.6920227304420585
20230705094550570,6.72,6.71,6.6920227304420585
20230705094550680,6.72,6.71,6.6920227304420585
20230705094552710,6.72,6.71,6.6920227304420585
20230705094552770,6.72,6.71,6.6920227304420585
20230705094553180,6.72,6.71,6.6920227304420585
20230705094555410,6.72,6.71,6.6920227304420585
20230705094555420,6.72,6.71,6.6920227304420585
20230705094555460,6.72,6.71,6.6920227304420585
20230705094555480,6.72,6.71,6.6920227304420585
20230705094555500,6.72,6.71,6.6920227304420585
20230705094555530,6.72,6.71,6.6920227304420585
20230705094555670,6.72,6.71,6.6920227304420585
20230705094556080,6.72,6.71,6.6920227304420585
20230705094556170,6.72,6.71,6.6920227304420585
20230705094558170,6.72,6.71,6.6920227304420585
20230705094558280,6.72,6.71,6.6920227304420585
20230705094558380,6.72,6.71,6.6920227304420585
20230705094558680,6.72,6.71,6.6920227304420585
20230705094558780,6.72,6.71,6.6920227304420585
20230705094559060,6.72,6.71,6.6920227304420585
20230705094559080,6.72,6.71,6.6920227304420585
20230705094600700,6.72,6.71,6.6920227304420585
20230705094601120,6.72,6.71,6.6920227304420585
20230705094601160,6.72,6.71,6.692116945272942
20230705094601230,6.72,6.71,6.692119425757681
20230705094601530,6.72,6.71,6.692119425757681
20230705094601560,6.72,6.71,6.692119425757681
20230705094603790,6.72,6.71,6.692119425757681
20230705094603840,6.72,6.71,6.692134294227705
20230705094604040,6.72,6.71,6.692134294227705
20230705094604100,6.72,6.71,6.692135532150776
20230705094604180,6.72,6.71,6.692135532150776
20230705094604270,6.72,6.71,6.692135532150776
20230705094606380,6.72,6.71,6.692135532150776
20230705094609000,6.72,6.71,6.692135532150776
20230705094609090,6.73,6.71,6.6921413231728435
20230705094609620,6.73,6.71,6.6921413231728435
20230705094609630,6.73,6.71,6.6921413231728435
20230705094609670,6.73,6.71,6.6921413231728435
20230705094611770,6.73,6.71,6.6921413231728435
20230705094611840,6.73,6.71,6.6921413231728435
20230705094612040,6.72,6.71,6.6921413231728435
20230705094612050,6.72,6.71,6.6921413231728435
20230705094612130,6.73,6.71,6.6921413231728435
20230705094612140,6.73,6.71,6.6921413231728435
20230705094614450,6.73,6.71,6.6921413231728435
20230705094614910,6.72,6.71,6.6921413231728435
20230705094615050,6.72,6.71,6.6921413231728435
20230705094615090,6.72,6.71,6.6921413231728435
20230705094615130,6.72,6.71,6.6921413231728435
20230705094615360,6.72,6.71,6.6921413231728435
20230705094617790,6.72,6.71,6.6921413231728435
20230705094620160,6.73,6.71,6.6921413231728435
20230705094620630,6.72,6.71,6.6921413231728435
20230705094620700,6.72,6.71,6.6921413231728435
20230705094622330,6.72,6.71,6.6921413231728435
20230705094623090,6.72,6.71,6.6921413231728435
20230705094623200,6.72,6.71,6.6921413231728435
20230705094625060,6.72,6.71,6.6921413231728435
20230705094625070,6.72,6.71,6.6921413231728435
20230705094625110,6.72,6.71,6.6921413231728435
20230705094625120,6.72,6.71,6.6921413231728435
20230705094625130,6.72,6.71,6.6921413231728435
20230705094625150,6.72,6.71,6.692366924710557
20230705094625160,6.72,6.71,6.692366924710557
20230705094625210,6.72,6.71,6.692366924710557
20230705094625220,6.72,6.71,6.692366924710557
20230705094625370,6.72,6.71,6.692366924710557
20230705094625490,6.72,6.71,6.692366924710557
20230705094625510,6.72,6.71,6.692366924710557
20230705094625620,6.72,6.71,6.692366924710557
20230705094625740,6.72,6.71,6.692366924710557
20230705094626050,6.72,6.71,6.692366924710557
20230705094628060,6.72,6.71,6.692366924710557
20230705094628110,6.72,6.71,6.692366924710557
20230705094628120,6.72,6.71,6.692366924710557
20230705094628140,6.72,6.71,6.692366924710557
20230705094628160,6.72,6.71,6.692366924710557
20230705094628600,6.72,6.71,6.692366924710557
20230705094628670,6.72,6.71,6.692366924710557
20230705094628790,6.72,6.71,6.692366924710557
20230705094630390,6.72,6.71,6.692366924710557
