Timestamp,ask1,bid1,VWAP
20230814093000000,5.88,6.99,0.0
20230814093000020,5.88,6.99,0.0
20230814093000030,6.46,6.47,6.46
20230814093000040,6.46,6.46,6.46
20230814093000060,6.46,6.46,6.46
20230814093000070,6.46,6.46,6.46
20230814093000080,6.46,6.46,6.46
20230814093000090,6.46,6.46,6.46
20230814093000100,6.46,6.46,6.4592307692307696
20230814093000110,6.46,6.46,6.4592307692307696
20230814093000260,6.46,6.46,6.4592307692307696
20230814093000280,6.46,6.46,6.4592307692307696
20230814093000290,6.46,6.46,6.4592307692307696
20230814093000300,6.46,6.46,6.4592307692307696
20230814093000310,6.46,6.46,6.4592307692307696
20230814093000320,6.46,6.46,6.4592307692307696
20230814093000330,6.46,6.46,6.4591532258064515
20230814093000350,6.46,6.46,6.4591532258064515
20230814093000370,6.46,6.46,6.4591532258064515
20230814093000390,6.46,6.46,6.4591532258064515
20230814093000410,6.46,6.46,6.4591532258064515
20230814093000420,6.46,6.46,6.4591532258064515
20230814093000440,6.46,6.46,6.4591532258064515
20230814093000460,6.46,6.46,6.4591532258064515
20230814093000470,6.46,6.46,6.4591532258064515
20230814093000480,6.46,6.46,6.4591532258064515
20230814093000880,6.46,6.46,6.4591532258064515
20230814093000900,6.46,6.46,6.4591532258064515
20230814093000910,6.46,6.46,6.4591532258064515
20230814093000920,6.46,6.46,6.4591532258064515
20230814093000930,6.46,6.46,6.4591532258064515
20230814093000940,6.46,6.46,6.4591532258064515
20230814093000950,6.46,6.46,6.4591532258064515
20230814093000990,6.46,6.46,6.4591532258064515
20230814093001000,6.46,6.46,6.4591532258064515
20230814093001080,6.46,6.46,6.456983050847458
20230814093001090,6.46,6.46,6.4567
20230814093001120,6.45,6.46,6.4567
20230814093001290,6.45,6.46,6.4567
20230814093001300,6.45,6.46,6.4567
20230814093001350,6.45,6.46,6.4567
20230814093001370,6.45,6.46,6.4567
20230814093001390,6.45,6.46,6.4567
20230814093001410,6.45,6.46,6.4567
20230814093002260,6.45,6.46,6.4567
20230814093002280,6.45,6.46,6.4567
20230814093002290,6.45,6.46,6.4567
20230814093002320,6.45,6.46,6.4567
20230814093002400,6.45,6.46,6.4567
20230814093002570,6.45,6.46,6.4567
20230814093002590,6.45,6.46,6.4567
20230814093002750,6.45,6.46,6.4567
20230814093002770,6.45,6.46,6.4567
20230814093002780,6.45,6.46,6.4567
20230814093002930,6.45,6.46,6.4567
20230814093002960,6.45,6.46,6.455497835497836
20230814093004460,6.44,6.46,6.455497835497836
20230814093004500,6.44,6.46,6.455497835497836
20230814093004650,6.44,6.46,6.455497835497836
20230814093004700,6.44,6.46,6.455497835497836
20230814093004820,6.44,6.46,6.455497835497836
20230814093004870,6.44,6.46,6.455497835497836
20230814093005080,6.44,6.46,6.455497835497836
20230814093005750,6.44,6.46,6.45538681948424
20230814093005910,6.44,6.46,6.45538681948424
20230814093006000,6.46,6.44,6.45538681948424
20230814093006080,6.46,6.44,6.45538681948424
20230814093008610,6.44,6.44,6.45538681948424
20230814093008750,6.44,6.44,6.45538681948424
20230814093008770,6.44,6.44,6.45538681948424
20230814093008800,6.44,6.44,6.45538681948424
20230814093008940,6.44,6.44,6.45538681948424
20230814093009010,6.44,6.44,6.45538681948424
20230814093009120,6.44,6.44,6.45538681948424
20230814093009300,6.44,6.44,6.45538681948424
20230814093009440,6.44,6.44,6.45538681948424
20230814093010030,6.44,6.44,6.45538681948424
20230814093010120,6.44,6.44,6.45538681948424
20230814093010740,6.44,6.44,6.45538681948424
20230814093014480,6.44,6.44,6.45538681948424
20230814093014780,6.44,6.44,6.45538681948424
20230814093015150,6.44,6.44,6.45538681948424
20230814093015520,6.44,6.44,6.45538681948424
20230814093015750,6.44,6.44,6.45538681948424
20230814093016080,6.44,6.44,6.45538681948424
20230814093016190,6.44,6.44,6.45538681948424
20230814093016200,6.44,6.44,6.45538681948424
20230814093016260,6.44,6.44,6.45538681948424
20230814093016390,6.44,6.44,6.45538681948424
20230814093019080,6.44,6.44,6.45538681948424
20230814093019090,6.44,6.44,6.45538681948424
20230814093019140,6.44,6.44,6.45538681948424
20230814093019300,6.44,6.44,6.45538681948424
20230814093019680,6.44,6.44,6.45538681948424
20230814093019740,6.44,6.44,6.45538681948424
20230814093021880,6.44,6.44,6.45538681948424
20230814093021980,6.44,6.44,6.45538681948424
20230814093022130,6.44,6.44,6.45538681948424
20230814093022300,6.44,6.44,6.45538681948424
20230814093022310,6.44,6.44,6.45538681948424
20230814093022760,6.44,6.44,6.45538681948424
20230814093024400,6.44,6.44,6.45538681948424
20230814093025460,6.44,6.44,6.45538681948424
20230814093027110,6.44,6.44,6.45538681948424
20230814093027320,6.44,6.44,6.45538681948424
20230814093027480,6.44,6.44,6.45538681948424
20230814093027810,6.44,6.44,6.45330779054917
20230814093027980,6.44,6.44,6.45330779054917
20230814093028170,6.44,6.44,6.453223350253807
20230814093028280,6.44,6.44,6.452992518703242
20230814093029780,6.45,6.44,6.452992518703242
20230814093030010,6.45,6.44,6.452992518703242
20230814093030080,6.45,6.44,6.452494004796163
20230814093030090,6.45,6.44,6.452494004796163
20230814093030100,6.45,6.44,6.452494004796163
20230814093030110,6.45,6.44,6.452494004796163
20230814093030120,6.45,6.44,6.452494004796163
20230814093030130,6.45,6.44,6.452494004796163
20230814093030140,6.44,6.44,6.452060185185185
20230814093030670,6.44,6.44,6.452060185185185
20230814093030900,6.44,6.44,6.452060185185185
20230814093032450,6.44,6.44,6.452060185185185
20230814093032640,6.44,6.44,6.452060185185185
20230814093032740,6.44,6.44,6.451915137614679
20230814093032840,6.44,6.44,6.451833712984055
20230814093032850,6.44,6.44,6.451833712984055
20230814093033040,6.44,6.44,6.451833712984055
20230814093033090,6.44,6.44,6.451833712984055
20230814093033130,6.44,6.44,6.451820250284414
20230814093033140,6.44,6.44,6.451806818181818
20230814093033150,6.44,6.44,6.45170045045045
20230814093033180,6.44,6.44,6.451674157303371
20230814093033250,6.44,6.44,6.451674157303371
20230814093033330,6.44,6.44,6.451674157303371
20230814093033470,6.44,6.44,6.451674157303371
20230814093033480,6.44,6.44,6.451674157303371
20230814093035230,6.44,6.44,6.451674157303371
20230814093035800,6.44,6.44,6.451674157303371
20230814093035930,6.44,6.44,6.451674157303371
20230814093036030,6.44,6.44,6.451674157303371
20230814093036080,6.44,6.44,6.451674157303371
20230814093036150,6.44,6.44,6.451674157303371
20230814093036210,6.44,6.44,6.451674157303371
20230814093036260,6.44,6.44,6.451674157303371
20230814093037890,6.44,6.44,6.451674157303371
20230814093038020,6.44,6.44,6.451674157303371
20230814093038040,6.44,6.44,6.451674157303371
20230814093038050,6.44,6.44,6.451674157303371
20230814093038070,6.44,6.44,6.451232432432432
20230814093038240,6.44,6.44,6.451232432432432
20230814093038390,6.44,6.44,6.451232432432432
20230814093038430,6.44,6.44,6.451232432432432
20230814093038580,6.44,6.44,6.451232432432432
20230814093038730,6.44,6.44,6.451232432432432
20230814093039060,6.44,6.44,6.451204301075268
20230814093039070,6.44,6.44,6.451204301075268
20230814093040710,6.44,6.44,6.451204301075268
20230814093040930,6.44,6.44,6.451204301075268
20230814093041060,6.44,6.44,6.451204301075268
20230814093041130,6.44,6.44,6.451204301075268
20230814093041210,6.44,6.44,6.451204301075268
20230814093043220,6.44,6.44,6.451204301075268
20230814093043930,6.44,6.44,6.451204301075268
20230814093044180,6.44,6.44,6.451204301075268
20230814093046010,6.44,6.44,6.451204301075268
20230814093046070,6.44,6.44,6.451204301075268
20230814093046200,6.44,6.44,6.451204301075268
20230814093046360,6.44,6.44,6.451204301075268
20230814093046470,6.44,6.44,6.451204301075268
20230814093046700,6.44,6.44,6.451204301075268
20230814093046950,6.44,6.44,6.451204301075268
20230814093048760,6.44,6.44,6.451204301075268
20230814093049070,6.44,6.44,6.451204301075268
20230814093049080,6.44,6.44,6.451204301075268
20230814093049120,6.44,6.44,6.451204301075268
20230814093049200,6.44,6.44,6.451204301075268
20230814093049440,6.44,6.44,6.451204301075268
20230814093049480,6.44,6.44,6.451204301075268
20230814093049620,6.44,6.44,6.451204301075268
20230814093051590,6.44,6.44,6.451204301075268
20230814093051600,6.44,6.44,6.451204301075268
20230814093051990,6.44,6.44,6.451204301075268
20230814093052080,6.44,6.44,6.451204301075268
20230814093052090,6.44,6.44,6.451204301075268
20230814093052160,6.44,6.44,6.451204301075268
20230814093052170,6.44,6.44,6.451204301075268
20230814093052340,6.44,6.44,6.451204301075268
20230814093052360,6.44,6.44,6.451204301075268
20230814093054170,6.44,6.44,6.448597464342313
20230814093054770,6.44,6.44,6.448597464342313
20230814093054990,6.44,6.44,6.448597464342313
20230814093055010,6.44,6.44,6.448597464342313
20230814093055140,6.44,6.44,6.448597464342313
20230814093055190,6.44,6.44,6.448597464342313
20230814093057080,6.44,6.44,6.448597464342313
20230814093057310,6.44,6.44,6.448597464342313
20230814093057430,6.44,6.44,6.448597464342313
20230814093057910,6.44,6.44,6.448597464342313
20230814093059500,6.44,6.44,6.448597464342313
20230814093059900,6.44,6.44,6.448613707165109
20230814093100010,6.44,6.44,6.448613707165109
20230814093100040,6.44,6.44,6.448607003891051
20230814093100060,6.44,6.44,6.448607003891051
20230814093100200,6.45,6.44,6.448607003891051
20230814093100480,6.45,6.44,6.448607003891051
20230814093100670,6.45,6.44,6.448607003891051
20230814093102120,6.45,6.44,6.448607003891051
20230814093102310,6.45,6.44,6.448607003891051
20230814093102670,6.45,6.44,6.448607003891051
20230814093102770,6.45,6.44,6.448607003891051
20230814093102930,6.45,6.44,6.448607003891051
20230814093105190,6.45,6.44,6.448607003891051
20230814093105350,6.45,6.44,6.448607003891051
20230814093105420,6.45,6.44,6.448607003891051
20230814093105540,6.45,6.44,6.448607003891051
20230814093105580,6.45,6.44,6.448631346578367
20230814093106010,6.45,6.44,6.448631346578367
20230814093107590,6.45,6.45,6.448631346578367
20230814093107600,6.45,6.45,6.448631346578367
20230814093107620,6.45,6.45,6.448631346578367
20230814093107670,6.45,6.45,6.448631346578367
20230814093108120,6.45,6.45,6.448631346578367
20230814093108260,6.45,6.45,6.448631346578367
20230814093110240,6.45,6.45,6.448631346578367
20230814093110300,6.45,6.45,6.448631346578367
20230814093110430,6.45,6.45,6.448631346578367
20230814093110460,6.45,6.45,6.448631346578367
20230814093110610,6.45,6.45,6.448631346578367
20230814093113130,6.45,6.45,6.448631346578367
20230814093113160,6.45,6.45,6.448631346578367
20230814093113180,6.45,6.45,6.448631346578367
20230814093113440,6.45,6.45,6.448631346578367
20230814093113670,6.45,6.45,6.448631346578367
20230814093113860,6.45,6.45,6.448631346578367
20230814093115720,6.45,6.45,6.448631346578367
20230814093115790,6.45,6.45,6.448631346578367
20230814093115950,6.45,6.45,6.448631346578367
20230814093115960,6.45,6.45,6.448631346578367
20230814093116070,6.45,6.45,6.448631346578367
20230814093116100,6.45,6.45,6.448631346578367
20230814093116140,6.45,6.45,6.448631346578367
20230814093118310,6.44,6.45,6.448631346578367
20230814093118870,6.44,6.45,6.448631346578367
20230814093118910,6.45,6.45,6.448631346578367
20230814093118970,6.45,6.45,6.448631346578367
20230814093119000,6.45,6.45,6.448631346578367
20230814093119080,6.44,6.45,6.448631346578367
20230814093119140,6.44,6.45,6.448631346578367
20230814093119210,6.44,6.45,6.448631346578367
20230814093121070,6.43,6.45,6.448631346578367
20230814093121080,6.43,6.45,6.448631346578367
20230814093121100,6.43,6.45,6.448631346578367
20230814093121150,6.43,6.45,6.448631346578367
20230814093121450,6.43,6.45,6.448631346578367
20230814093121460,6.43,6.45,6.448631346578367
20230814093121710,6.43,6.45,6.448631346578367
20230814093121720,6.43,6.45,6.448631346578367
20230814093121830,6.43,6.45,6.448631346578367
20230814093122010,6.43,6.45,6.448631346578367
20230814093122080,6.43,6.45,6.448631346578367
20230814093122140,6.43,6.45,6.448631346578367
20230814093122210,6.43,6.45,6.448631346578367
20230814093123710,6.43,6.45,6.448631346578367
20230814093123900,6.43,6.45,6.448631346578367
20230814093124030,6.43,6.45,6.448631346578367
20230814093124040,6.43,6.45,6.448631346578367
20230814093124050,6.43,6.45,6.448631346578367
20230814093124060,6.43,6.45,6.448631346578367
20230814093124230,6.43,6.45,6.448631346578367
20230814093124410,6.43,6.45,6.448631346578367
20230814093124490,6.43,6.45,6.448631346578367
20230814093124630,6.43,6.45,6.448631346578367
20230814093124780,6.43,6.45,6.448631346578367
20230814093124950,6.43,6.45,6.448631346578367
20230814093126460,6.43,6.45,6.448631346578367
20230814093126950,6.43,6.45,6.448631346578367
20230814093126990,6.43,6.45,6.448631346578367
20230814093127000,6.43,6.45,6.448631346578367
20230814093127160,6.43,6.45,6.448631346578367
20230814093127220,6.43,6.45,6.448631346578367
20230814093127290,6.43,6.45,6.448631346578367
20230814093127330,6.43,6.45,6.448631346578367
20230814093127390,6.43,6.45,6.448631346578367
20230814093127510,6.43,6.45,6.448631346578367
20230814093129150,6.43,6.45,6.448631346578367
20230814093129190,6.43,6.45,6.448631346578367
20230814093129620,6.43,6.45,6.448631346578367
20230814093130040,6.43,6.45,6.448631346578367
20230814093130070,6.43,6.45,6.448631346578367
20230814093130340,6.43,6.45,6.448631346578367
20230814093131830,6.43,6.45,6.448631346578367
20230814093132460,6.43,6.45,6.448631346578367
20230814093132500,6.43,6.45,6.448631346578367
20230814093132640,6.43,6.45,6.448631346578367
20230814093132810,6.43,6.45,6.448631346578367
20230814093134680,6.43,6.45,6.448631346578367
20230814093134740,6.43,6.45,6.448631346578367
20230814093135260,6.43,6.45,6.448631346578367
20230814093135290,6.43,6.45,6.448631346578367
20230814093135330,6.43,6.45,6.448631346578367
20230814093137260,6.43,6.45,6.448631346578367
20230814093137730,6.43,6.45,6.448631346578367
20230814093138240,6.43,6.43,6.448631346578367
20230814093140100,6.43,6.43,6.448631346578367
20230814093140120,6.43,6.43,6.448631346578367
20230814093140630,6.43,6.43,6.442628635346757
20230814093140650,6.42,6.43,6.442628635346757
20230814093140720,6.42,6.43,6.442628635346757
20230814093141010,6.42,6.43,6.44250278086763
20230814093142920,6.42,6.4,6.435509138381201
20230814093142940,6.42,6.4,6.435509138381201
20230814093143060,6.42,6.41,6.435509138381201
20230814093143070,6.42,6.41,6.435509138381201
20230814093143080,6.42,6.41,6.435509138381201
20230814093143090,6.42,6.41,6.435509138381201
20230814093143120,6.42,6.41,6.435509138381201
20230814093143140,6.42,6.41,6.435509138381201
20230814093143190,6.42,6.42,6.4337114228456915
20230814093143200,6.42,6.42,6.433640350877193
20230814093143240,6.42,6.42,6.4336240541616885
20230814093143410,6.42,6.42,6.4336240541616885
20230814093143520,6.42,6.42,6.4336240541616885
20230814093143640,6.42,6.42,6.4336240541616885
20230814093143670,6.42,6.42,6.4336240541616885
20230814093143760,6.42,6.42,6.4336240541616885
20230814093145650,6.42,6.42,6.4336240541616885
20230814093146070,6.42,6.42,6.433539857932123
20230814093146080,6.42,6.42,6.4335291798107255
20230814093146090,6.42,6.42,6.4335291798107255
20230814093146110,6.42,6.42,6.43352384706346
20230814093146240,6.42,6.42,6.43352384706346
20230814093146260,6.42,6.42,6.433493740219093
20230814093146270,6.42,6.42,6.433493740219093
20230814093146300,6.42,6.42,6.433493740219093
20230814093146400,6.42,6.42,6.433493740219093
20230814093148040,6.42,6.42,6.433493740219093
20230814093148070,6.42,6.42,6.433493740219093
20230814093148300,6.42,6.42,6.433493740219093
20230814093148400,6.42,6.42,6.433493740219093
20230814093148520,6.42,6.42,6.433493740219093
20230814093148610,6.43,6.42,6.433493740219093
20230814093148740,6.43,6.41,6.43319876970396
20230814093148760,6.42,6.41,6.43319876970396
20230814093149060,6.42,6.41,6.43319876970396
20230814093149080,6.42,6.41,6.43319876970396
20230814093149180,6.42,6.41,6.432783001128244
20230814093149210,6.42,6.41,6.432778195488722
20230814093149230,6.42,6.41,6.432778195488722
20230814093150920,6.42,6.41,6.432778195488722
20230814093151090,6.42,6.41,6.432778195488722
20230814093151110,6.42,6.42,6.432778195488722
20230814093151240,6.43,6.41,6.432778195488722
20230814093151700,6.42,6.41,6.431303624875291
20230814093153530,6.42,6.41,6.431303624875291
20230814093153700,6.42,6.41,6.431303624875291
20230814093154260,6.42,6.41,6.431303624875291
20230814093154460,6.42,6.41,6.431303624875291
20230814093154620,6.42,6.41,6.431303624875291
20230814093156160,6.42,6.41,6.431303624875291
20230814093156190,6.42,6.41,6.431303624875291
20230814093156330,6.42,6.41,6.431303624875291
20230814093156450,6.42,6.41,6.431303624875291
20230814093156640,6.42,6.41,6.431303624875291
20230814093156770,6.42,6.41,6.431303624875291
20230814093157150,6.42,6.42,6.431303624875291
20230814093157160,6.42,6.42,6.431303624875291
20230814093157170,6.42,6.42,6.431303624875291
20230814093157180,6.42,6.42,6.431303624875291
20230814093157190,6.42,6.42,6.431303624875291
20230814093157210,6.42,6.42,6.431303624875291
20230814093157220,6.42,6.42,6.431303624875291
20230814093158850,6.42,6.42,6.431303624875291
20230814093158870,6.42,6.42,6.431303624875291
20230814093159010,6.42,6.42,6.431240514681623
20230814093159020,6.42,6.42,6.431240514681623
20230814093159310,6.42,6.42,6.431240514681623
20230814093159360,6.42,6.42,6.431240514681623
20230814093159380,6.42,6.42,6.431240514681623
20230814093159390,6.42,6.42,6.431240514681623
20230814093159410,6.42,6.42,6.431240514681623
20230814093159420,6.42,6.42,6.431240514681623
20230814093159450,6.42,6.42,6.431240514681623
20230814093159490,6.42,6.42,6.431240514681623
20230814093159500,6.42,6.42,6.431240514681623
20230814093159520,6.42,6.42,6.431240514681623
20230814093159690,6.42,6.42,6.431240514681623
20230814093159820,6.42,6.43,6.431231073074391
20230814093159900,6.42,6.43,6.431231073074391
20230814093159970,6.42,6.43,6.431231073074391
20230814093200030,6.42,6.43,6.431230667982889
20230814093200040,6.42,6.43,6.431230263157895
20230814093201580,6.42,6.43,6.431230263157895
20230814093201830,6.42,6.43,6.431230263157895
20230814093202210,6.42,6.43,6.431230263157895
20230814093202230,6.42,6.43,6.431230263157895
20230814093204340,6.43,6.43,6.431230263157895
20230814093204410,6.43,6.43,6.431230263157895
20230814093204430,6.43,6.43,6.431213104119364
20230814093204780,6.43,6.43,6.431213104119364
20230814093204910,6.43,6.43,6.431213104119364
20230814093205350,6.43,6.43,6.431207620277688
20230814093205360,6.43,6.43,6.431207620277688
20230814093205380,6.43,6.43,6.431204896907216
20230814093205430,6.43,6.43,6.431204896907216
20230814093206960,6.43,6.43,6.431204896907216
20230814093207030,6.43,6.43,6.431204896907216
20230814093207080,6.43,6.42,6.431204896907216
20230814093207090,6.43,6.42,6.431204896907216
20230814093207130,6.43,6.42,6.431204896907216
20230814093207270,6.43,6.42,6.431204896907216
20230814093207360,6.43,6.43,6.431204896907216
20230814093207460,6.43,6.43,6.431204896907216
20230814093207780,6.43,6.43,6.431204896907216
20230814093208040,6.43,6.43,6.431204896907216
20230814093209640,6.43,6.43,6.431204896907216
20230814093209950,6.43,6.43,6.431204896907216
20230814093210170,6.43,6.43,6.431204896907216
20230814093210260,6.43,6.43,6.431191543882127
20230814093210280,6.43,6.43,6.431189638631276
20230814093210330,6.43,6.43,6.431189638631276
20230814093210420,6.43,6.43,6.431189638631276
20230814093210430,6.43,6.43,6.431189638631276
20230814093210520,6.43,6.43,6.431189638631276
20230814093212400,6.43,6.43,6.431189638631276
20230814093212460,6.43,6.43,6.431189638631276
20230814093212530,6.43,6.43,6.431189638631276
20230814093212580,6.43,6.43,6.431189638631276
20230814093213150,6.43,6.43,6.431189638631276
20230814093215150,6.43,6.43,6.431189638631276
20230814093215380,6.43,6.43,6.431189638631276
20230814093215510,6.43,6.43,6.431189638631276
20230814093215710,6.43,6.43,6.431189638631276
20230814093215800,6.43,6.43,6.431189638631276
20230814093215830,6.43,6.43,6.431189638631276
20230814093215970,6.43,6.43,6.431189638631276
20230814093216140,6.43,6.43,6.431189638631276
20230814093218000,6.43,6.43,6.431189638631276
20230814093218210,6.43,6.43,6.431189638631276
20230814093218800,6.43,6.43,6.431189638631276
20230814093218970,6.43,6.43,6.431189638631276
20230814093220720,6.43,6.43,6.431189638631276
20230814093220800,6.43,6.43,6.431189638631276
20230814093221030,6.43,6.43,6.431189638631276
20230814093221110,6.43,6.43,6.431189638631276
20230814093221140,6.43,6.43,6.431189638631276
20230814093221280,6.43,6.43,6.431189638631276
20230814093223210,6.43,6.43,6.431189638631276
20230814093223220,6.43,6.43,6.431189638631276
20230814093223230,6.43,6.43,6.431189638631276
20230814093223270,6.43,6.43,6.431189638631276
20230814093223360,6.43,6.43,6.431189638631276
20230814093223500,6.43,6.43,6.431189638631276
20230814093223710,6.43,6.43,6.431189638631276
20230814093223720,6.43,6.43,6.431189638631276
20230814093223730,6.43,6.43,6.431189638631276
20230814093223740,6.43,6.43,6.431189638631276
20230814093223750,6.43,6.43,6.431189638631276
20230814093223770,6.43,6.43,6.431189638631276
20230814093223900,6.43,6.43,6.431189638631276
20230814093224040,6.43,6.43,6.431189638631276
20230814093224260,6.43,6.43,6.431189638631276
20230814093226220,6.43,6.43,6.431189638631276
20230814093226310,6.43,6.43,6.431189638631276
20230814093226340,6.43,6.43,6.431189638631276
20230814093226430,6.43,6.43,6.431189638631276
20230814093226470,6.43,6.43,6.431189638631276
20230814093227060,6.43,6.43,6.431189638631276
20230814093228880,6.43,6.44,6.431189638631276
20230814093228900,6.43,6.44,6.431189638631276
20230814093228950,6.43,6.44,6.431189638631276
20230814093228960,6.43,6.44,6.431189638631276
20230814093228980,6.43,6.44,6.431189638631276
20230814093229050,6.43,6.44,6.431288209606987
20230814093229070,6.43,6.44,6.431288209606987
20230814093229120,6.43,6.44,6.431315298507463
20230814093229220,6.43,6.44,6.431317998134908
20230814093229240,6.43,6.44,6.431317998134908
20230814093229250,6.43,6.44,6.431317998134908
20230814093229460,6.43,6.44,6.431317998134908
20230814093229470,6.43,6.44,6.431317998134908
20230814093231270,6.43,6.44,6.431317998134908
20230814093231440,6.43,6.44,6.431317998134908
20230814093231760,6.43,6.44,6.431317998134908
20230814093231770,6.43,6.44,6.431317998134908
20230814093231780,6.43,6.44,6.431317998134908
20230814093231840,6.43,6.44,6.431317998134908
20230814093232030,6.44,6.44,6.431405009163103
20230814093232120,6.44,6.44,6.431405009163103
20230814093234080,6.44,6.44,6.431405009163103
20230814093234090,6.44,6.44,6.431398176291793
20230814093234110,6.44,6.44,6.431398176291793
20230814093234120,6.44,6.44,6.431398176291793
20230814093234130,6.44,6.44,6.431398176291793
20230814093234140,6.44,6.44,6.431398176291793
20230814093234160,6.44,6.44,6.431398176291793
20230814093234190,6.44,6.44,6.431398176291793
20230814093234200,6.44,6.44,6.431398176291793
20230814093234220,6.44,6.44,6.431398176291793
20230814093234230,6.44,6.44,6.431398176291793
20230814093234240,6.44,6.44,6.431391409558379
20230814093234250,6.44,6.44,6.431390568319226
20230814093234370,6.44,6.44,6.431390568319226
20230814093234680,6.44,6.44,6.431390568319226
20230814093235050,6.44,6.44,6.431383874849579
20230814093236640,6.44,6.44,6.431383874849579
20230814093236960,6.44,6.44,6.431383874849579
20230814093237050,6.43,6.43,6.4313450292397665
20230814093237280,6.43,6.43,6.4313434579439255
20230814093237740,6.44,6.43,6.431359930110658
20230814093237850,6.44,6.43,6.431359930110658
20230814093239450,6.44,6.43,6.431385908959118
20230814093239650,6.43,6.43,6.4313827017645355
20230814093240090,6.43,6.43,6.4313827017645355
20230814093240110,6.43,6.43,6.4313827017645355
20230814093240120,6.43,6.43,6.4313827017645355
20230814093240130,6.43,6.43,6.4313827017645355
20230814093240150,6.43,6.43,6.4313827017645355
20230814093240240,6.43,6.43,6.4313827017645355
20230814093240260,6.43,6.43,6.4313827017645355
20230814093240350,6.43,6.43,6.4313827017645355
20230814093240360,6.43,6.43,6.4313827017645355
20230814093240450,6.43,6.43,6.4313827017645355
20230814093240480,6.43,6.43,6.4313827017645355
20230814093242160,6.43,6.43,6.4313827017645355
20230814093242220,6.43,6.43,6.431375539568346
20230814093242240,6.43,6.43,6.431375539568346
20230814093242250,6.43,6.43,6.431375539568346
20230814093242270,6.43,6.43,6.431375539568346
20230814093242680,6.43,6.43,6.431375539568346
20230814093242770,6.43,6.43,6.431375539568346
20230814093242910,6.44,6.43,6.431427345537758
20230814093243000,6.44,6.43,6.431449358059915
20230814093243080,6.44,6.43,6.431446433645922
20230814093243090,6.44,6.43,6.431446433645922
20230814093244840,6.44,6.43,6.431446433645922
20230814093245060,6.44,6.43,6.431446433645922
20230814093245190,6.44,6.43,6.431494772534614
20230814093245200,6.44,6.43,6.431494772534614
20230814093245210,6.44,6.43,6.431494772534614
20230814093245290,6.44,6.43,6.431494772534614
20230814093245710,6.44,6.43,6.431494772534614
20230814093245750,6.44,6.43,6.431494772534614
20230814093245890,6.44,6.43,6.431494772534614
20230814093245960,6.44,6.43,6.431494772534614
20230814093247400,6.44,6.43,6.431494772534614
20230814093248130,6.44,6.43,6.431494772534614
20230814093248490,6.44,6.43,6.431497175141243
20230814093248570,6.44,6.43,6.431497175141243
20230814093250250,6.44,6.43,6.431497175141243
20230814093250660,6.44,6.43,6.431497175141243
20230814093251070,6.44,6.43,6.431497175141243
20230814093251120,6.44,6.43,6.431497175141243
20230814093251290,6.44,6.43,6.431497175141243
20230814093253050,6.44,6.43,6.431497175141243
20230814093253180,6.44,6.43,6.431497175141243
20230814093253380,6.44,6.43,6.431497175141243
20230814093253640,6.44,6.43,6.431518737672584
20230814093253690,6.44,6.43,6.431518737672584
20230814093253790,6.44,6.43,6.431518737672584
20230814093253950,6.44,6.43,6.431518737672584
20230814093253960,6.44,6.43,6.431518737672584
20230814093254060,6.44,6.43,6.431518737672584
20230814093256050,6.44,6.43,6.431518737672584
20230814093256290,6.44,6.43,6.431518737672584
20230814093256320,6.44,6.43,6.431518737672584
20230814093256510,6.44,6.43,6.431518737672584
20230814093256610,6.44,6.43,6.431518737672584
20230814093256650,6.44,6.43,6.431518737672584
20230814093256660,6.44,6.43,6.431518737672584
20230814093258470,6.44,6.43,6.431518737672584
20230814093258780,6.44,6.43,6.431518737672584
20230814093259150,6.44,6.43,6.431518737672584
20230814093259280,6.44,6.43,6.431584684181106
20230814093259370,6.44,6.43,6.431584684181106
20230814093259420,6.44,6.43,6.431584684181106
20230814093301070,6.44,6.43,6.431584684181106
20230814093301160,6.44,6.43,6.431584684181106
20230814093301200,6.44,6.43,6.431584684181106
20230814093301370,6.44,6.43,6.431584684181106
20230814093301620,6.44,6.43,6.431584684181106
20230814093301750,6.44,6.43,6.431584684181106
20230814093301810,6.44,6.43,6.431584684181106
20230814093301930,6.44,6.43,6.431584684181106
20230814093302060,6.44,6.43,6.431584684181106
20230814093303660,6.44,6.43,6.431584684181106
20230814093303710,6.44,6.43,6.431584684181106
20230814093303800,6.44,6.43,6.431584684181106
20230814093304020,6.44,6.43,6.431677722498618
20230814093304300,6.44,6.43,6.431677722498618
20230814093304370,6.44,6.43,6.431677722498618
20230814093306550,6.44,6.43,6.431677722498618
20230814093307160,6.44,6.43,6.431677722498618
20230814093309180,6.44,6.43,6.431677722498618
20230814093309220,6.44,6.43,6.431680022105554
20230814093309240,6.44,6.43,6.431680022105554
20230814093309460,6.44,6.43,6.43163484807744
20230814093309470,6.44,6.43,6.43163484807744
20230814093309550,6.44,6.43,6.43163484807744
20230814093309580,6.44,6.43,6.431632653061224
20230814093309600,6.44,6.43,6.431630463931349
20230814093309700,6.44,6.43,6.431615302869288
20230814093309750,6.44,6.43,6.431615302869288
20230814093309800,6.44,6.43,6.431615302869288
20230814093309810,6.44,6.43,6.431596219480179
20230814093309980,6.44,6.43,6.431596219480179
20230814093310040,6.44,6.43,6.4315899581589955
20230814093310090,6.44,6.43,6.431587881953512
20230814093310240,6.44,6.43,6.4315944676409185
20230814093311890,6.44,6.43,6.431666235446313
20230814093312000,6.44,6.43,6.431666235446313
20230814093312080,6.44,6.43,6.431666235446313
20230814093312310,6.44,6.43,6.431666235446313
20230814093312410,6.44,6.43,6.431666235446313
20230814093312470,6.44,6.43,6.431666235446313
20230814093312700,6.44,6.43,6.431666235446313
20230814093312800,6.44,6.43,6.431666235446313
20230814093312900,6.44,6.43,6.431666235446313
20230814093312920,6.44,6.43,6.431689743589744
20230814093314460,6.44,6.43,6.431689743589744
20230814093314740,6.44,6.43,6.431689743589744
20230814093314790,6.44,6.43,6.431689743589744
20230814093314950,6.44,6.43,6.431689743589744
20230814093315030,6.44,6.43,6.431688411358404
20230814093315050,6.44,6.43,6.4316879795396416
20230814093315350,6.44,6.43,6.431740787801779
20230814093315500,6.44,6.43,6.431740787801779
20230814093318220,6.44,6.43,6.431740787801779
20230814093318270,6.44,6.43,6.431740787801779
20230814093319940,6.44,6.43,6.431740787801779
20230814093319970,6.44,6.43,6.431740787801779
20230814093320390,6.44,6.43,6.431740787801779
20230814093320560,6.44,6.43,6.431740787801779
20230814093320880,6.44,6.43,6.431740787801779
20230814093320930,6.44,6.43,6.431740787801779
20230814093321000,6.44,6.43,6.43177614957049
20230814093322530,6.44,6.43,6.43177614957049
20230814093322670,6.44,6.43,6.43177614957049
20230814093322750,6.44,6.43,6.43177614957049
20230814093323280,6.44,6.43,6.43177614957049
20230814093323570,6.43,6.43,6.43177614957049
20230814093323710,6.43,6.43,6.43177614957049
20230814093323720,6.43,6.43,6.4317797246558195
20230814093325220,6.43,6.43,6.4317797246558195
20230814093325350,6.43,6.43,6.4317797246558195
20230814093325410,6.43,6.43,6.4317797246558195
20230814093325630,6.43,6.43,6.4317797246558195
20230814093325950,6.43,6.43,6.4317797246558195
20230814093326030,6.43,6.43,6.4317797246558195
20230814093326050,6.43,6.43,6.4317797246558195
20230814093328140,6.43,6.43,6.4317797246558195
20230814093328810,6.43,6.43,6.43176045816733
20230814093328980,6.43,6.43,6.43176045816733
20230814093329040,6.43,6.43,6.431748269040554
20230814093330650,6.43,6.43,6.431748269040554
20230814093330740,6.43,6.43,6.431748269040554
20230814093330790,6.43,6.43,6.431748269040554
20230814093331090,6.43,6.43,6.431748269040554
20230814093331120,6.43,6.43,6.431748269040554
20230814093331130,6.43,6.43,6.431748269040554
20230814093331240,6.43,6.43,6.431748269040554
20230814093331250,6.43,6.43,6.431748269040554
20230814093331290,6.43,6.43,6.431748269040554
20230814093331410,6.43,6.43,6.431748269040554
20230814093331840,6.43,6.43,6.431748269040554
20230814093333300,6.43,6.43,6.431748269040554
20230814093333580,6.43,6.43,6.431748269040554
20230814093333610,6.43,6.43,6.431748269040554
20230814093333740,6.43,6.43,6.431748269040554
20230814093334030,6.44,6.43,6.431704822211398
20230814093334040,6.44,6.43,6.431704822211398
20230814093334080,6.44,6.43,6.431650554114595
20230814093334090,6.44,6.43,6.431650165016501
20230814093334320,6.44,6.43,6.431650165016501
20230814093334550,6.44,6.43,6.431650165016501
20230814093336880,6.44,6.43,6.431650165016501
20230814093337010,6.44,6.43,6.431650165016501
20230814093337090,6.44,6.43,6.431650165016501
20230814093337150,6.44,6.43,6.431650165016501
20230814093338930,6.44,6.43,6.431650165016501
20230814093338980,6.44,6.43,6.431650165016501
20230814093339760,6.44,6.43,6.431650165016501
20230814093341400,6.44,6.43,6.431650165016501
20230814093341730,6.44,6.43,6.431650165016501
20230814093341990,6.44,6.43,6.431649776101815
20230814093342450,6.44,6.43,6.431649776101815
20230814093342610,6.44,6.43,6.431649776101815
20230814093344110,6.44,6.43,6.431649776101815
20230814093344200,6.44,6.43,6.4316129032258065
20230814093344210,6.44,6.43,6.431612160294795
20230814093344220,6.44,6.43,6.431788049605411
20230814093344360,6.44,6.43,6.431788049605411
20230814093344520,6.44,6.43,6.431787646528404
20230814093344660,6.44,6.43,6.431776035834266
20230814093344750,6.44,6.43,6.4317756381549485
20230814093345010,6.44,6.43,6.4317756381549485
20230814093345040,6.44,6.43,6.431775240653683
20230814093345210,6.44,6.43,6.431767327835971
20230814093345320,6.44,6.43,6.431767327835971
20230814093345330,6.44,6.43,6.431766934046346
20230814093347210,6.44,6.43,6.431766934046346
20230814093347650,6.44,6.43,6.431766934046346
20230814093347820,6.44,6.43,6.4317687680998
20230814093348040,6.44,6.43,6.431764836630363
20230814093349860,6.44,6.43,6.431764836630363
20230814093349930,6.43,6.43,6.431764836630363
20230814093350030,6.43,6.43,6.431764836630363
20230814093350180,6.43,6.43,6.431764836630363
20230814093350410,6.43,6.43,6.431764836630363
20230814093350540,6.43,6.43,6.431764836630363
20230814093350560,6.43,6.43,6.431764836630363
20230814093350760,6.43,6.43,6.431764836630363
20230814093352520,6.43,6.43,6.431759361843563
20230814093352620,6.43,6.43,6.431759361843563
20230814093352670,6.43,6.43,6.4317570258906835
20230814093352890,6.43,6.43,6.4317454385579245
20230814093353090,6.43,6.43,6.4317454385579245
20230814093353220,6.43,6.43,6.431745054945055
20230814093355270,6.43,6.43,6.431745054945055
20230814093355710,6.43,6.43,6.431745054945055
20230814093355750,6.43,6.43,6.431745054945055
20230814093355810,6.43,6.43,6.431745054945055
20230814093355890,6.43,6.43,6.431745054945055
20230814093356060,6.43,6.43,6.431745054945055
20230814093357880,6.43,6.43,6.431745054945055
20230814093358760,6.43,6.43,6.431737417943107
20230814093358810,6.43,6.43,6.431737417943107
20230814093400330,6.43,6.43,6.431737417943107
20230814093400980,6.43,6.43,6.431737417943107
20230814093401120,6.43,6.43,6.431737417943107
20230814093401190,6.43,6.43,6.431734003057436
20230814093401200,6.43,6.43,6.431734003057436
20230814093401210,6.43,6.43,6.431733246016154
20230814093401340,6.43,6.43,6.431726837755546
20230814093401520,6.43,6.43,6.431725336810082
20230814093401540,6.43,6.43,6.431724961981317
20230814093403110,6.43,6.43,6.431724961981317
20230814093403440,6.43,6.43,6.431724961981317
20230814093403790,6.43,6.43,6.431740732711901
20230814093403800,6.43,6.43,6.431740732711901
20230814093403920,6.43,6.43,6.431740732711901
20230814093403930,6.43,6.43,6.431740732711901
20230814093403970,6.43,6.43,6.431740732711901
20230814093404000,6.43,6.43,6.431740732711901
20230814093404010,6.43,6.43,6.431740732711901
20230814093404160,6.43,6.43,6.431740732711901
20230814093404170,6.43,6.43,6.431740732711901
20230814093406010,6.43,6.43,6.431740732711901
20230814093406040,6.43,6.43,6.431740732711901
20230814093408470,6.43,6.43,6.431740732711901
20230814093408940,6.43,6.43,6.431740732711901
20230814093409070,6.43,6.43,6.431740732711901
20230814093409260,6.43,6.43,6.431740732711901
20230814093409580,6.43,6.43,6.43171178853123
20230814093411160,6.43,6.43,6.43171532069039
20230814093411200,6.43,6.43,6.43171532069039
20230814093411440,6.43,6.43,6.43171532069039
20230814093411890,6.43,6.43,6.43171532069039
20230814093412060,6.43,6.43,6.43171532069039
20230814093413970,6.43,6.43,6.43171532069039
20230814093414660,6.43,6.43,6.431731178222033
20230814093414700,6.43,6.43,6.431731178222033
20230814093414760,6.43,6.43,6.431731178222033
20230814093414880,6.43,6.43,6.431731178222033
20230814093414970,6.43,6.43,6.431727825539945
20230814093416830,6.43,6.43,6.431727825539945
20230814093417400,6.43,6.43,6.431727825539945
20230814093419240,6.43,6.43,6.431727825539945
20230814093419310,6.43,6.43,6.431727825539945
20230814093419380,6.43,6.43,6.431727825539945
20230814093419390,6.43,6.43,6.431727825539945
20230814093419450,6.43,6.43,6.431727825539945
20230814093419490,6.43,6.43,6.431727825539945
20230814093419620,6.43,6.43,6.431727825539945
20230814093419810,6.43,6.43,6.431727825539945
20230814093419920,6.43,6.43,6.431727825539945
20230814093419960,6.43,6.43,6.431727825539945
20230814093422170,6.43,6.43,6.431727825539945
20230814093422240,6.43,6.43,6.431727825539945
20230814093422820,6.43,6.43,6.431727825539945
20230814093423040,6.43,6.43,6.431727825539945
20230814093424800,6.43,6.43,6.431727825539945
20230814093425020,6.43,6.43,6.431727825539945
20230814093425160,6.43,6.43,6.431727825539945
20230814093425370,6.43,6.43,6.431727825539945
20230814093425430,6.43,6.43,6.431727825539945
20230814093427460,6.43,6.43,6.431727825539945
20230814093427610,6.43,6.43,6.431731971654856
20230814093427910,6.43,6.43,6.431731971654856
20230814093428180,6.43,6.43,6.431731971654856
20230814093430250,6.43,6.43,6.431731971654856
20230814093430260,6.43,6.43,6.431731971654856
20230814093430430,6.43,6.43,6.431731971654856
20230814093430800,6.43,6.43,6.431731971654856
20230814093430930,6.43,6.43,6.431731971654856
20230814093431080,6.43,6.43,6.431731971654856
20230814093431100,6.43,6.43,6.431731971654856
20230814093431110,6.43,6.43,6.431731971654856
20230814093431160,6.43,6.43,6.431735055196834
20230814093431230,6.43,6.43,6.431735055196834
20230814093433040,6.43,6.43,6.431734693877551
20230814093433160,6.43,6.43,6.43171681780709
20230814093433770,6.43,6.43,6.43171681780709
20230814093433820,6.43,6.43,6.43171681780709
20230814093435630,6.43,6.43,6.43171681780709
20230814093435960,6.43,6.43,6.43171681780709
20230814093436260,6.43,6.43,6.43171681780709
20230814093436420,6.43,6.43,6.43171681780709
20230814093439120,6.43,6.43,6.43171681780709
20230814093439140,6.43,6.43,6.43171681780709
20230814093439170,6.43,6.43,6.43171681780709
20230814093439330,6.43,6.43,6.43171681780709
20230814093440810,6.43,6.43,6.431707516339869
20230814093440850,6.43,6.43,6.431707516339869
20230814093440880,6.43,6.43,6.431707516339869
20230814093441160,6.43,6.43,6.431707516339869
20230814093441230,6.43,6.43,6.431707516339869
20230814093441360,6.43,6.43,6.431707516339869
20230814093441410,6.43,6.43,6.431707516339869
20230814093441580,6.43,6.43,6.431707516339869
20230814093443880,6.43,6.43,6.431707516339869
20230814093443910,6.43,6.43,6.431707516339869
20230814093444020,6.43,6.43,6.431707516339869
20230814093444510,6.43,6.43,6.431707516339869
20230814093444600,6.43,6.43,6.431707516339869
20230814093444740,6.43,6.43,6.431707516339869
20230814093446190,6.43,6.43,6.431707516339869
20230814093446210,6.43,6.43,6.431777687791051
20230814093446250,6.43,6.43,6.431777687791051
20230814093446570,6.43,6.43,6.431777687791051
20230814093447100,6.43,6.43,6.431777687791051
20230814093449210,6.43,6.43,6.431777687791051
20230814093449330,6.43,6.43,6.431777687791051
20230814093449420,6.43,6.43,6.431777687791051
20230814093449480,6.43,6.43,6.431777687791051
20230814093452120,6.43,6.43,6.431775530839231
20230814093452210,6.43,6.43,6.43177194752775
20230814093452300,6.43,6.43,6.4317665995975855
20230814093452440,6.43,6.43,6.4317665995975855
20230814093452530,6.43,6.43,6.431764469453376
20230814093452630,6.43,6.43,6.431764469453376
20230814093452740,6.43,6.43,6.431764469453376
20230814093454410,6.43,6.43,6.431764469453376
20230814093454710,6.43,6.43,6.431764469453376
20230814093454820,6.43,6.43,6.431764469453376
20230814093455050,6.43,6.43,6.431764469453376
20230814093455100,6.43,6.43,6.431757757757758
20230814093455140,6.43,6.43,6.431756351270254
20230814093455150,6.43,6.43,6.431756
20230814093457220,6.43,6.43,6.4317510969286
20230814093457260,6.43,6.43,6.4317510969286
20230814093457580,6.43,6.43,6.4317510969286
20230814093457860,6.43,6.43,6.4317510969286
20230814093457920,6.43,6.43,6.4317510969286
20230814093457990,6.43,6.43,6.4317510969286
20230814093458090,6.43,6.43,6.4317455268389665
20230814093458150,6.43,6.43,6.4317451798847145
20230814093458190,6.43,6.43,6.4317451798847145
20230814093459710,6.43,6.43,6.4317451798847145
20230814093500020,6.43,6.43,6.431744833068363
20230814093500650,6.43,6.43,6.431744833068363
20230814093500880,6.43,6.43,6.431744833068363
20230814093500890,6.43,6.43,6.431744833068363
20230814093502970,6.43,6.43,6.431744833068363
20230814093503630,6.43,6.43,6.431744833068363
20230814093505240,6.43,6.43,6.431744833068363
20230814093505380,6.43,6.43,6.431744833068363
20230814093505530,6.43,6.43,6.431744833068363
20230814093505690,6.43,6.43,6.431744833068363
20230814093506090,6.43,6.43,6.431742063492064
20230814093506100,6.43,6.43,6.431742063492064
20230814093506250,6.43,6.43,6.431742063492064
20230814093506340,6.43,6.43,6.431742063492064
20230814093508270,6.43,6.43,6.431742063492064
20230814093508450,6.43,6.43,6.431742063492064
20230814093508480,6.43,6.43,6.431742063492064
20230814093508690,6.43,6.43,6.431742063492064
20230814093510500,6.43,6.43,6.431742063492064
20230814093510670,6.43,6.43,6.431742063492064
20230814093511040,6.43,6.43,6.431742063492064
20230814093511070,6.43,6.43,6.431742063492064
20230814093511220,6.43,6.43,6.431742063492064
20230814093513180,6.43,6.43,6.431742063492064
20230814093513340,6.43,6.43,6.431786066706138
20230814093513630,6.43,6.43,6.431786066706138
20230814093513680,6.43,6.43,6.431786066706138
20230814093514180,6.43,6.43,6.431786066706138
20230814093516090,6.43,6.43,6.431786066706138
20230814093516680,6.43,6.43,6.431786066706138
20230814093516800,6.43,6.43,6.431786066706138
20230814093517110,6.43,6.43,6.431786066706138
20230814093518670,6.43,6.43,6.431786066706138
20230814093518970,6.43,6.43,6.431786066706138
20230814093519090,6.43,6.43,6.431783954267692
20230814093519120,6.43,6.43,6.431783954267692
20230814093519130,6.43,6.43,6.431783954267692
20230814093519140,6.43,6.43,6.431780444619319
20230814093519320,6.43,6.43,6.431780444619319
20230814093519350,6.43,6.43,6.431780094413847
20230814093519430,6.43,6.43,6.431780094413847
20230814093519480,6.43,6.43,6.431780094413847
20230814093521340,6.43,6.43,6.43177904462355
20230814093521430,6.43,6.43,6.43177904462355
20230814093521440,6.43,6.43,6.431777996070727
20230814093521790,6.43,6.43,6.431777646827735
20230814093521890,6.43,6.43,6.431777297721917
20230814093522030,6.43,6.43,6.431777297721917
20230814093522140,6.43,6.43,6.431777297721917
20230814093522380,6.43,6.43,6.431777297721917
20230814093523990,6.44,6.43,6.431817471174516
20230814093524010,6.44,6.43,6.431817116060961
20230814093524550,6.44,6.43,6.431823506442796
20230814093524900,6.44,6.43,6.431823506442796
20230814093524910,6.44,6.43,6.431823506442796
20230814093525000,6.44,6.43,6.431823150497755
20230814093525090,6.44,6.43,6.4318224390243905
20230814093527190,6.44,6.43,6.43182101774225
20230814093527220,6.44,6.43,6.43182101774225
20230814093527310,6.44,6.43,6.43182101774225
20230814093529410,6.44,6.43,6.43182101774225
20230814093529440,6.44,6.43,6.43182101774225
20230814093529820,6.44,6.43,6.43182101774225
20230814093529930,6.44,6.43,6.43182101774225
20230814093529960,6.44,6.43,6.43182101774225
20230814093529970,6.44,6.43,6.43182101774225
20230814093530100,6.44,6.43,6.43182101774225
20230814093530150,6.44,6.43,6.43182101774225
20230814093530170,6.44,6.43,6.43182101774225
20230814093530330,6.44,6.43,6.43182101774225
20230814093530500,6.44,6.43,6.43182101774225
20230814093532350,6.44,6.43,6.43182101774225
20230814093532520,6.44,6.43,6.43182101774225
20230814093532660,6.44,6.43,6.431814836335464
20230814093532800,6.44,6.43,6.431814836335464
20230814093532830,6.44,6.43,6.431814836335464
20230814093533060,6.44,6.43,6.431814836335464
20230814093534840,6.44,6.43,6.431780353410602
20230814093534910,6.44,6.43,6.431780353410602
20230814093534990,6.44,6.43,6.431765925367508
20230814093535090,6.44,6.43,6.431759624413146
20230814093535170,6.44,6.43,6.431759624413146
20230814093535450,6.44,6.43,6.431759624413146
20230814093535500,6.44,6.43,6.431759624413146
20230814093535710,6.44,6.43,6.431759624413146
20230814093535990,6.44,6.43,6.431766233766234
20230814093536000,6.44,6.43,6.431766233766234
20230814093538340,6.44,6.43,6.431766233766234
20230814093540260,6.44,6.43,6.431766233766234
20230814093540380,6.44,6.43,6.431616573272202
20230814093540400,6.44,6.43,6.431616573272202
20230814093540430,6.43,6.43,6.431616573272202
20230814093540440,6.43,6.43,6.431609739600947
20230814093540510,6.43,6.43,6.431607836514102
20230814093540790,6.43,6.43,6.4316051256111955
20230814093540820,6.43,6.43,6.431602423834371
20230814093540870,6.43,6.43,6.431602423834371
20230814093540980,6.43,6.43,6.431600807129645
20230814093540990,6.43,6.43,6.431590909090909
20230814093541020,6.43,6.43,6.431590909090909
20230814093541220,6.43,6.43,6.431590643274854
20230814093541240,6.43,6.43,6.431590377547611
20230814093541260,6.43,6.43,6.431589846359385
20230814093541280,6.43,6.43,6.431588254921588
20230814093541430,6.43,6.43,6.431588254921588
20230814093542920,6.43,6.43,6.431588254921588
20230814093543070,6.43,6.43,6.431588254921588
20230814093543080,6.43,6.43,6.431588254921588
20230814093543090,6.43,6.43,6.431588254921588
20230814093543110,6.43,6.43,6.431588254921588
20230814093543130,6.43,6.43,6.431588254921588
20230814093543160,6.43,6.43,6.431588254921588
20230814093543260,6.43,6.43,6.431588254921588
20230814093543320,6.43,6.43,6.431588254921588
20230814093543400,6.43,6.43,6.431588254921588
20230814093543410,6.43,6.43,6.431571994715984
20230814093543420,6.43,6.43,6.431571735182434
20230814093543430,6.43,6.43,6.4315714757345654
20230814093543440,6.43,6.43,6.4315686274509805
20230814093544080,6.43,6.43,6.4315686274509805
20230814093545780,6.43,6.43,6.4315686274509805
20230814093546090,6.43,6.43,6.431560399934437
20230814093546100,6.43,6.43,6.431560399934437
20230814093546390,6.43,6.43,6.431560399934437
20230814093546400,6.43,6.43,6.431560399934437
20230814093546590,6.43,6.43,6.431560399934437
20230814093546600,6.43,6.43,6.431560399934437
20230814093546750,6.43,6.43,6.431560399934437
20230814093548340,6.43,6.43,6.431560399934437
20230814093548590,6.43,6.43,6.431560399934437
20230814093548730,6.43,6.43,6.431560399934437
20230814093548790,6.43,6.43,6.431557336823164
20230814093548890,6.43,6.43,6.431557336823164
20230814093548980,6.43,6.43,6.431557336823164
20230814093549050,6.43,6.43,6.431549983718658
20230814093549090,6.43,6.43,6.431549731401596
20230814093549180,6.43,6.43,6.431549731401596
20230814093549250,6.43,6.43,6.431546709991877
20230814093549320,6.43,6.43,6.431546709991877
20230814093549380,6.43,6.43,6.431546709991877
20230814093549440,6.43,6.43,6.431539083994174
20230814093549450,6.43,6.43,6.431539083994174
20230814093549460,6.43,6.43,6.431539083994174
20230814093551000,6.43,6.43,6.431539083994174
20230814093551010,6.43,6.43,6.431539083994174
20230814093551080,6.43,6.43,6.431539083994174
20230814093551560,6.43,6.43,6.431539083994174
20230814093551650,6.43,6.43,6.431537590945837
20230814093551750,6.43,6.43,6.431537590945837
20230814093552030,6.43,6.43,6.431537590945837
20230814093552150,6.44,6.43,6.431530661516176
20230814093552160,6.44,6.43,6.431530661516176
20230814093553750,6.44,6.43,6.431530661516176
20230814093553880,6.44,6.43,6.431530661516176
20230814093554170,6.44,6.43,6.431530661516176
20230814093554420,6.44,6.43,6.431530661516176
20230814093554490,6.44,6.43,6.431530661516176
20230814093554570,6.44,6.43,6.431530661516176
20230814093554640,6.44,6.43,6.431530661516176
20230814093554920,6.44,6.43,6.431530661516176
20230814093556420,6.44,6.43,6.43153661272232
20230814093556740,6.44,6.43,6.431550151975684
20230814093556840,6.44,6.43,6.431550151975684
20230814093556880,6.44,6.43,6.431550151975684
20230814093556930,6.44,6.43,6.431550151975684
20230814093557060,6.44,6.43,6.431575342465753
20230814093557180,6.44,6.43,6.431575342465753
20230814093557380,6.44,6.43,6.431575342465753
20230814093559150,6.44,6.43,6.431575342465753
20230814093559420,6.44,6.43,6.431575091575092
20230814093559430,6.44,6.43,6.431575091575092
20230814093559680,6.44,6.43,6.431575091575092
20230814093559690,6.44,6.43,6.431575091575092
20230814093559700,6.44,6.43,6.431575091575092
20230814093559710,6.44,6.43,6.431575091575092
20230814093559790,6.44,6.43,6.431575091575092
20230814093559820,6.44,6.43,6.431575091575092
20230814093559840,6.44,6.43,6.431575091575092
20230814093600030,6.44,6.43,6.431575091575092
20230814093600080,6.44,6.43,6.431575091575092
20230814093600210,6.44,6.43,6.431575091575092
20230814093602170,6.44,6.43,6.431597905426849
20230814093602650,6.44,6.43,6.431597905426849
20230814093604580,6.44,6.43,6.431604566354844
20230814093605050,6.44,6.43,6.431694117647059
20230814093605110,6.44,6.43,6.431694117647059
20230814093605220,6.44,6.43,6.431694117647059
20230814093605340,6.44,6.43,6.431694117647059
20230814093605710,6.44,6.43,6.4317123180466425
20230814093607820,6.44,6.43,6.4317076544727945
20230814093607870,6.44,6.43,6.4317076544727945
20230814093607890,6.44,6.43,6.431702681992337
20230814093608010,6.44,6.43,6.431702681992337
20230814093608310,6.44,6.43,6.431702681992337
20230814093610090,6.44,6.43,6.431702681992337
20230814093610190,6.44,6.43,6.431702681992337
20230814093610780,6.44,6.43,6.431702681992337
20230814093611080,6.44,6.43,6.431702681992337
20230814093612780,6.44,6.43,6.431702681992337
20230814093612950,6.44,6.43,6.431702681992337
20230814093613820,6.44,6.43,6.431702681992337
20230814093615300,6.44,6.43,6.431702681992337
20230814093615870,6.44,6.43,6.431702681992337
20230814093615900,6.44,6.43,6.431702681992337
20230814093615970,6.44,6.43,6.431702681992337
20230814093616270,6.44,6.43,6.431702681992337
20230814093618080,6.44,6.43,6.431702681992337
20230814093618120,6.44,6.43,6.431702681992337
20230814093618310,6.44,6.43,6.431702681992337
20230814093618570,6.44,6.43,6.431702681992337
20230814093618620,6.44,6.43,6.431702681992337
20230814093618800,6.44,6.43,6.431702681992337
20230814093618990,6.44,6.43,6.431702681992337
20230814093619000,6.44,6.43,6.431702681992337
20230814093619220,6.44,6.43,6.431702681992337
20230814093620920,6.44,6.43,6.431702681992337
20230814093621030,6.44,6.43,6.431702681992337
20230814093621450,6.44,6.43,6.431702681992337
20230814093621660,6.44,6.43,6.431702681992337
20230814093623730,6.44,6.43,6.431702681992337
20230814093624180,6.44,6.43,6.431702681992337
20230814093626160,6.44,6.43,6.431702681992337
20230814093626240,6.44,6.43,6.431702681992337
20230814093626290,6.44,6.43,6.431702681992337
20230814093626410,6.44,6.43,6.431702681992337
20230814093626680,6.44,6.43,6.431702681992337
20230814093626690,6.44,6.43,6.431702681992337
20230814093626710,6.44,6.43,6.431702681992337
20230814093626760,6.44,6.43,6.431702681992337
20230814093626780,6.44,6.43,6.431702681992337
20230814093627050,6.44,6.43,6.431702681992337
20230814093627300,6.44,6.43,6.4316946610677865
20230814093629520,6.44,6.43,6.4316946610677865
20230814093629800,6.44,6.43,6.4316946610677865
20230814093631620,6.44,6.43,6.4316946610677865
20230814093632030,6.44,6.43,6.4316946610677865
20230814093632390,6.44,6.43,6.4316946610677865
20230814093634220,6.44,6.43,6.4316946610677865
20230814093634230,6.44,6.43,6.4316946610677865
20230814093634370,6.44,6.43,6.4316946610677865
20230814093634460,6.44,6.43,6.431664947694121
20230814093635130,6.44,6.43,6.431654950205038
20230814093637170,6.44,6.43,6.431654950205038
20230814093637220,6.44,6.43,6.431654950205038
20230814093637700,6.44,6.43,6.431654950205038
20230814093637980,6.44,6.43,6.431654950205038
20230814093638040,6.44,6.43,6.431654950205038
20230814093639710,6.44,6.43,6.43165620895958
20230814093639740,6.44,6.43,6.43165620895958
20230814093640190,6.44,6.43,6.43165620895958
20230814093640220,6.44,6.43,6.43165620895958
20230814093640520,6.44,6.43,6.43165620895958
20230814093640540,6.44,6.43,6.43165620895958
20230814093640820,6.44,6.43,6.43165620895958
20230814093643090,6.44,6.43,6.43165620895958
20230814093643510,6.44,6.43,6.43165620895958
20230814093645150,6.44,6.43,6.43165620895958
20230814093645270,6.44,6.43,6.43165620895958
20230814093645300,6.44,6.43,6.43165620895958
20230814093645530,6.44,6.43,6.43165620895958
20230814093645980,6.44,6.43,6.43165620895958
20230814093646170,6.44,6.43,6.43165620895958
20230814093648300,6.44,6.43,6.43165620895958
20230814093648480,6.44,6.43,6.43165620895958
20230814093650480,6.44,6.43,6.43165620895958
20230814093651200,6.44,6.43,6.43165620895958
20230814093654010,6.44,6.43,6.43165620895958
20230814093654220,6.44,6.43,6.43165620895958
20230814093654230,6.44,6.43,6.43165620895958
20230814093656690,6.44,6.43,6.43165620895958
20230814093658690,6.44,6.43,6.43165620895958
20230814093659500,6.44,6.43,6.43165620895958
20230814093659580,6.44,6.43,6.43165620895958
20230814093701310,6.44,6.43,6.43165620895958
20230814093701350,6.44,6.43,6.43165620895958
20230814093701470,6.44,6.43,6.431642999147969
20230814093701480,6.44,6.43,6.431639042357275
20230814093701690,6.44,6.43,6.431639042357275
20230814093701940,6.44,6.43,6.431639042357275
20230814093702340,6.44,6.43,6.431639042357275
20230814093703900,6.44,6.43,6.431639042357275
20230814093704090,6.44,6.43,6.431631185676019
20230814093704100,6.44,6.43,6.431630725863284
20230814093704150,6.44,6.43,6.431630725863284
20230814093704170,6.44,6.43,6.431630725863284
20230814093704270,6.43,6.43,6.431630725863284
20230814093704280,6.43,6.43,6.431625
20230814093704610,6.43,6.43,6.431625
20230814093704670,6.43,6.43,6.431625
20230814093705080,6.43,6.43,6.431625
20230814093705090,6.43,6.43,6.431625
20230814093705100,6.43,6.43,6.431625
20230814093706780,6.43,6.43,6.431625
20230814093706940,6.43,6.43,6.431625
20230814093707090,6.43,6.43,6.431625
20230814093707100,6.43,6.43,6.431625
20230814093707250,6.43,6.43,6.431625
20230814093707310,6.43,6.43,6.431625
20230814093707320,6.43,6.43,6.431625
20230814093707440,6.43,6.43,6.431625
20230814093709490,6.44,6.43,6.431604493135487
20230814093709540,6.44,6.43,6.431604493135487
20230814093709590,6.44,6.43,6.431571583808748
20230814093709610,6.44,6.43,6.431571583808748
20230814093709620,6.44,6.43,6.431569585879158
20230814093709740,6.44,6.43,6.431569585879158
20230814093710030,6.44,6.43,6.431569585879158
20230814093710090,6.44,6.43,6.4315689467969595
20230814093710110,6.44,6.43,6.4315689467969595
20230814093710120,6.44,6.43,6.4315689467969595
20230814093710220,6.44,6.43,6.4315689467969595
20230814093710350,6.44,6.43,6.431568308234975
20230814093710400,6.44,6.43,6.431567882815679
20230814093710410,6.44,6.43,6.431567882815679
20230814093712880,6.44,6.43,6.431567882815679
20230814093712890,6.44,6.43,6.431567882815679
20230814093712900,6.44,6.43,6.431567882815679
20230814093714730,6.43,6.43,6.431567882815679
20230814093714930,6.44,6.43,6.431567882815679
20230814093715210,6.44,6.43,6.431567882815679
20230814093715230,6.43,6.43,6.431567882815679
20230814093715320,6.43,6.43,6.431567882815679
20230814093715330,6.43,6.43,6.431567882815679
20230814093715430,6.43,6.43,6.431567882815679
20230814093715530,6.43,6.43,6.431567882815679
20230814093715650,6.43,6.43,6.431567882815679
20230814093715800,6.43,6.43,6.431567882815679
20230814093715880,6.43,6.43,6.431567882815679
20230814093717430,6.43,6.43,6.431567882815679
20230814093718060,6.43,6.43,6.431567882815679
20230814093718200,6.43,6.43,6.431567882815679
20230814093718530,6.43,6.43,6.431567882815679
20230814093720110,6.43,6.43,6.431567882815679
20230814093721100,6.43,6.43,6.431567882815679
20230814093721270,6.43,6.43,6.431567882815679
20230814093723530,6.43,6.43,6.431549182524792
20230814093723560,6.43,6.43,6.43154763499933
20230814093723770,6.43,6.43,6.43154763499933
20230814093723830,6.43,6.43,6.43154763499933
20230814093725570,6.43,6.43,6.43154763499933
20230814093725660,6.43,6.43,6.43154556403051
20230814093726300,6.43,6.43,6.43154556403051
20230814093728450,6.43,6.43,6.431544943820224
20230814093728660,6.43,6.43,6.431544943820224
20230814093728810,6.43,6.43,6.431544943820224
20230814093729220,6.43,6.43,6.431498401704848
20230814093731060,6.43,6.43,6.431498401704848
20230814093731140,6.43,6.43,6.431498401704848
20230814093731910,6.43,6.43,6.431496671105193
20230814093733720,6.43,6.43,6.431496671105193
20230814093733840,6.43,6.43,6.431496671105193
20230814093734020,6.43,6.43,6.431496671105193
20230814093734100,6.43,6.43,6.431496671105193
20230814093734160,6.43,6.43,6.431496671105193
20230814093734560,6.43,6.43,6.431496671105193
20230814093734810,6.43,6.43,6.431496671105193
20230814093736350,6.43,6.43,6.431496671105193
20230814093736370,6.43,6.43,6.431496671105193
20230814093736990,6.43,6.43,6.431496671105193
20230814093737000,6.43,6.43,6.431496671105193
20230814093737010,6.43,6.43,6.431496671105193
20230814093737090,6.42,6.43,6.431496671105193
20230814093737100,6.42,6.43,6.431496671105193
20230814093737120,6.42,6.43,6.431496671105193
20230814093737280,6.42,6.43,6.431496671105193
20230814093739180,6.42,6.43,6.431496671105193
20230814093739230,6.43,6.43,6.431496671105193
20230814093739260,6.43,6.43,6.431496671105193
20230814093739380,6.43,6.43,6.431496671105193
20230814093739450,6.43,6.43,6.431496671105193
20230814093739460,6.43,6.43,6.431426112288135
20230814093739480,6.43,6.43,6.431426112288135
20230814093739520,6.43,6.43,6.431426112288135
20230814093739550,6.43,6.43,6.431411002380322
20230814093739570,6.43,6.43,6.431411002380322
20230814093739580,6.43,6.43,6.431411002380322
20230814093739600,6.43,6.43,6.431411002380322
20230814093739970,6.43,6.43,6.431411002380322
20230814093740080,6.43,6.43,6.431411002380322
20230814093740200,6.43,6.43,6.431411002380322
20230814093742440,6.43,6.43,6.431411002380322
20230814093742820,6.43,6.43,6.431411002380322
20230814093745020,6.43,6.43,6.431411002380322
20230814093745200,6.43,6.43,6.431411002380322
20230814093747180,6.43,6.43,6.431411002380322
20230814093747870,6.43,6.43,6.431411002380322
20230814093748150,6.43,6.43,6.431411002380322
20230814093748230,6.43,6.43,6.431411002380322
20230814093749880,6.43,6.43,6.431411002380322
20230814093750740,6.43,6.43,6.431411002380322
20230814093752530,6.43,6.43,6.431316651382156
20230814093753340,6.43,6.43,6.431316651382156
20230814093755870,6.43,6.43,6.431316651382156
20230814093758170,6.43,6.43,6.431316651382156
20230814093758220,6.43,6.43,6.431316651382156
20230814093758460,6.43,6.43,6.431316651382156
20230814093758610,6.43,6.43,6.431316651382156
20230814093758930,6.43,6.43,6.431241388275056
20230814093759020,6.43,6.43,6.431241388275056
20230814093759080,6.43,6.43,6.431241388275056
20230814093800700,6.43,6.43,6.431241388275056
20230814093801090,6.43,6.43,6.431241388275056
20230814093801220,6.43,6.43,6.431241388275056
20230814093801730,6.43,6.43,6.4312293911463065
20230814093803580,6.42,6.43,6.430979944148261
20230814093803590,6.42,6.43,6.43094105742474
20230814093803600,6.43,6.43,6.430453172205438
20230814093803640,6.43,6.43,6.430453172205438
20230814093804040,6.43,6.43,6.430453172205438
20230814093804150,6.43,6.43,6.430453172205438
20230814093804210,6.43,6.43,6.430453172205438
20230814093806290,6.43,6.43,6.430453172205438
20230814093806530,6.43,6.43,6.430453172205438
20230814093806670,6.42,6.43,6.430450646369458
20230814093807080,6.42,6.43,6.430449383909157
20230814093807090,6.42,6.43,6.430448121753835
20230814093809160,6.42,6.43,6.430448121753835
20230814093809710,6.42,6.43,6.430448121753835
20230814093811650,6.42,6.43,6.430448121753835
20230814093811810,6.42,6.43,6.430448121753835
20230814093811900,6.42,6.43,6.430448121753835
20230814093812040,6.42,6.43,6.430448121753835
20230814093812110,6.42,6.43,6.430448121753835
20230814093812140,6.42,6.43,6.430448121753835
20230814093812170,6.42,6.43,6.430448121753835
20230814093814170,6.42,6.43,6.430448121753835
20230814093814680,6.42,6.43,6.430448121753835
20230814093814690,6.42,6.43,6.430448121753835
20230814093814710,6.42,6.43,6.430448121753835
20230814093814740,6.43,6.43,6.430448121753835
20230814093814810,6.43,6.43,6.430448121753835
20230814093814860,6.43,6.43,6.430448121753835
20230814093815160,6.43,6.43,6.430448121753835
20230814093815220,6.43,6.43,6.430448121753835
20230814093815240,6.43,6.43,6.430448121753835
20230814093817390,6.43,6.43,6.430448121753835
20230814093817900,6.43,6.43,6.430448121753835
20230814093819810,6.42,6.43,6.4302116153303555
20230814093819820,6.42,6.42,6.429445411048282
20230814093819830,6.43,6.42,6.42917212249208
20230814093819840,6.43,6.42,6.429173867228662
20230814093820030,6.43,6.42,6.429173867228662
20230814093820100,6.43,6.42,6.429173867228662
20230814093820340,6.43,6.42,6.429173867228662
20230814093820350,6.43,6.42,6.429173867228662
20230814093820480,6.43,6.42,6.4291754312158185
20230814093822830,6.43,6.42,6.4291754312158185
20230814093822900,6.43,6.42,6.4291754312158185
20230814093822970,6.43,6.42,6.4291754312158185
20230814093823370,6.43,6.42,6.42916482823826
20230814093825090,6.43,6.42,6.429163865546219
20230814093825560,6.43,6.42,6.429163865546219
20230814093825590,6.43,6.42,6.429163865546219
20230814093825620,6.43,6.42,6.429164216715666
20230814093827600,6.43,6.42,6.429164216715666
20230814093827860,6.43,6.42,6.429162732137236
20230814093828090,6.42,6.42,6.429134937238493
20230814093828620,6.42,6.42,6.429123485165065
20230814093828660,6.42,6.42,6.429114914935811
20230814093828780,6.42,6.42,6.429090246695118
20230814093830370,6.42,6.42,6.429089300582848
20230814093830490,6.42,6.42,6.429076075659946
20230814093830500,6.42,6.42,6.429076075659946
20230814093830680,6.42,6.42,6.429076075659946
20230814093830720,6.42,6.42,6.429076075659946
20230814093830790,6.42,6.42,6.429076075659946
20230814093830840,6.42,6.42,6.42906665282392
20230814093831040,6.42,6.42,6.42906665282392
20230814093831090,6.43,6.42,6.429061008507989
20230814093831110,6.43,6.42,6.429061008507989
20230814093831410,6.42,6.42,6.429059323791744
20230814093831420,6.43,6.42,6.429057445043551
20230814093833040,6.43,6.42,6.429057445043551
20230814093833080,6.42,6.42,6.429057445043551
20230814093833220,6.42,6.42,6.429057445043551
20230814093833230,6.42,6.42,6.429057445043551
20230814093833730,6.42,6.42,6.429057445043551
20230814093834070,6.42,6.42,6.429057445043551
20230814093834080,6.42,6.42,6.429057445043551
20230814093835790,6.42,6.42,6.429057445043551
20230814093835940,6.42,6.42,6.429057445043551
20230814093836080,6.42,6.42,6.429057445043551
20230814093836120,6.42,6.42,6.429057445043551
20230814093836650,6.42,6.42,6.429057445043551
20230814093838970,6.42,6.42,6.429057445043551
20230814093839510,6.42,6.42,6.429057445043551
20230814093841310,6.42,6.42,6.429057445043551
20230814093841320,6.42,6.42,6.429057445043551
20230814093841350,6.42,6.42,6.429057445043551
20230814093841380,6.42,6.42,6.429057445043551
20230814093841460,6.42,6.42,6.429057445043551
20230814093841900,6.42,6.42,6.429057445043551
20230814093842120,6.42,6.42,6.429057445043551
20230814093843940,6.42,6.42,6.429057445043551
20230814093844080,6.42,6.42,6.429057445043551
20230814093844170,6.42,6.42,6.429057445043551
20230814093844270,6.42,6.42,6.429057445043551
20230814093844580,6.42,6.42,6.429057445043551
20230814093844890,6.42,6.42,6.429057445043551
20230814093844910,6.42,6.42,6.429057445043551
20230814093846940,6.42,6.42,6.429057445043551
20230814093847080,6.42,6.42,6.429057445043551
20230814093847560,6.42,6.42,6.429057445043551
20230814093847720,6.42,6.42,6.429057445043551
20230814093849370,6.42,6.42,6.429057445043551
20230814093849500,6.42,6.42,6.429057445043551
20230814093849800,6.42,6.42,6.429057445043551
20230814093850040,6.42,6.42,6.429057445043551
20230814093850080,6.42,6.42,6.429057445043551
20230814093852390,6.42,6.42,6.429057445043551
20230814093852700,6.42,6.42,6.4288285366842315
20230814093855050,6.42,6.42,6.4288285366842315
20230814093855090,6.42,6.42,6.4288285366842315
20230814093855120,6.42,6.42,6.4288285366842315
20230814093855130,6.42,6.42,6.428637047437569
20230814093855740,6.42,6.42,6.428637047437569
20230814093855750,6.42,6.42,6.428629258517034
20230814093855780,6.42,6.42,6.428629258517034
20230814093857400,6.42,6.42,6.428629258517034
20230814093857900,6.42,6.42,6.428629258517034
20230814093857970,6.42,6.42,6.428629258517034
20230814093858090,6.42,6.42,6.428629258517034
20230814093858240,6.42,6.42,6.428629258517034
20230814093900040,6.42,6.42,6.428629258517034
20230814093900060,6.42,6.42,6.428629258517034
20230814093900230,6.42,6.42,6.428629258517034
20230814093900290,6.42,6.42,6.42862341772152
20230814093900830,6.42,6.42,6.42862341772152
20230814093900890,6.42,6.42,6.42862341772152
20230814093900940,6.42,6.42,6.42862341772152
20230814093901030,6.42,6.42,6.42862341772152
20230814093901130,6.42,6.42,6.42862341772152
20230814093902880,6.42,6.42,6.4285729945191825
20230814093903300,6.42,6.42,6.4285729945191825
20230814093905880,6.42,6.42,6.4285729945191825
20230814093905890,6.42,6.42,6.4285729945191825
20230814093906410,6.42,6.42,6.4285729945191825
20230814093908650,6.42,6.42,6.428218963831867
20230814093908780,6.42,6.42,6.428218963831867
20230814093908830,6.42,6.42,6.428218963831867
20230814093911130,6.42,6.42,6.428218963831867
20230814093911450,6.42,6.42,6.428218963831867
20230814093911960,6.42,6.42,6.428218963831867
20230814093913870,6.42,6.42,6.428218963831867
20230814093913970,6.42,6.42,6.428218963831867
20230814093914540,6.42,6.42,6.428218963831867
20230814093914670,6.42,6.42,6.428218963831867
20230814093916260,6.42,6.42,6.428218963831867
20230814093916500,6.42,6.42,6.428218963831867
20230814093916650,6.42,6.42,6.428218963831867
20230814093916990,6.42,6.42,6.428196897258269
20230814093917190,6.42,6.42,6.428196897258269
20230814093919080,6.42,6.42,6.428196897258269
20230814093919190,6.42,6.42,6.428196897258269
20230814093919380,6.42,6.42,6.428196897258269
20230814093919920,6.42,6.42,6.428196897258269
20230814093921910,6.42,6.42,6.428196897258269
20230814093922140,6.42,6.42,6.428196897258269
20230814093924360,6.42,6.42,6.428196897258269
20230814093924450,6.42,6.42,6.428196897258269
20230814093924520,6.42,6.42,6.428196897258269
20230814093924770,6.42,6.42,6.428196897258269
20230814093925000,6.42,6.42,6.428196897258269
20230814093927000,6.42,6.42,6.428196897258269
20230814093927180,6.42,6.42,6.428135807266369
20230814093927370,6.42,6.42,6.428127002621614
20230814093927570,6.42,6.42,6.428127002621614
20230814093927920,6.42,6.42,6.428127002621614
20230814093929670,6.42,6.42,6.428127002621614
20230814093929690,6.42,6.42,6.428127002621614
20230814093929700,6.42,6.42,6.428127002621614
20230814093929710,6.42,6.42,6.428127002621614
20230814093929730,6.42,6.42,6.428127002621614
20230814093929780,6.42,6.42,6.428127002621614
20230814093929840,6.42,6.42,6.428127002621614
20230814093930040,6.42,6.42,6.428127002621614
20230814093930200,6.42,6.42,6.428127002621614
20230814093930630,6.42,6.42,6.428127002621614
20230814093930710,6.42,6.42,6.428105752469494
20230814093930780,6.42,6.42,6.428105752469494
20230814093932570,6.42,6.42,6.428105752469494
20230814093933190,6.42,6.42,6.428105752469494
20230814093933470,6.42,6.42,6.428103712022927
20230814093935630,6.42,6.42,6.428103712022927
20230814093936000,6.42,6.42,6.428103712022927
20230814093938200,6.42,6.42,6.428103712022927
20230814093938230,6.42,6.42,6.428103712022927
20230814093938290,6.42,6.42,6.428103712022927
20230814093940470,6.42,6.42,6.428103712022927
20230814093941140,6.42,6.42,6.428103712022927
20230814093941640,6.43,6.42,6.427992742551566
20230814093943380,6.43,6.42,6.427992742551566
20230814093943970,6.43,6.42,6.4279893068550695
20230814093944080,6.42,6.42,6.4279893068550695
20230814093944090,6.42,6.42,6.4277603921198985
20230814093944120,6.42,6.42,6.4277603921198985
20230814093944180,6.42,6.42,6.4277603921198985
20230814093946160,6.42,6.42,6.427753698294544
20230814093946600,6.42,6.42,6.427753698294544
20230814093947010,6.42,6.42,6.427753698294544
20230814093949030,6.42,6.42,6.427753698294544
20230814093949090,6.42,6.42,6.427741996233522
20230814093949120,6.42,6.42,6.427726973374729
20230814093949420,6.42,6.42,6.427726973374729
20230814093949480,6.42,6.42,6.427726973374729
20230814093949660,6.42,6.42,6.427726973374729
20230814093949810,6.42,6.42,6.427726973374729
20230814093951480,6.43,6.42,6.427700178353516
20230814093951530,6.43,6.42,6.4276864692653675
20230814093951970,6.43,6.42,6.427417181876903
20230814093952050,6.43,6.42,6.427417181876903
20230814093952210,6.42,6.42,6.427417181876903
20230814093952450,6.42,6.42,6.427417181876903
20230814093952510,6.42,6.42,6.427417181876903
20230814093954010,6.42,6.42,6.427389902340151
20230814093954150,6.42,6.42,6.427385097172332
20230814093954800,6.42,6.42,6.427385097172332
20230814093954960,6.42,6.42,6.427248469341131
20230814093954970,6.42,6.42,6.427248469341131
20230814093954990,6.42,6.42,6.427248469341131
20230814093955020,6.42,6.42,6.4271997448514675
20230814093955070,6.42,6.42,6.4271997448514675
20230814093955080,6.42,6.42,6.4271997448514675
20230814093955090,6.42,6.42,6.4271997448514675
20230814093955110,6.42,6.42,6.4271997448514675
20230814093955140,6.41,6.42,6.4271997448514675
20230814093955150,6.42,6.42,6.426873770784909
20230814093955160,6.42,6.42,6.426722778417648
20230814093955170,6.42,6.42,6.426722778417648
20230814093956820,6.42,6.42,6.426722778417648
20230814093957090,6.42,6.42,6.426688770999116
20230814093957120,6.42,6.42,6.426599243690089
20230814093957140,6.42,6.42,6.426599243690089
20230814093957150,6.42,6.42,6.426599243690089
20230814093957840,6.42,6.42,6.426599243690089
20230814093959690,6.42,6.42,6.426599243690089
20230814093959700,6.42,6.42,6.426599243690089
20230814094000020,6.42,6.42,6.426599243690089
20230814094000030,6.41,6.42,6.426599243690089
20230814094000190,6.41,6.42,6.426599243690089
20230814094000200,6.41,6.42,6.426599243690089
20230814094000380,6.41,6.42,6.426599243690089
20230814094000390,6.41,6.42,6.426599243690089
20230814094000450,6.41,6.42,6.426599243690089
20230814094002160,6.41,6.42,6.426599243690089
20230814094002200,6.41,6.42,6.426599243690089
20230814094002240,6.41,6.42,6.426599243690089
20230814094002490,6.41,6.42,6.426599243690089
20230814094002530,6.41,6.42,6.426599243690089
20230814094002670,6.41,6.42,6.426599243690089
20230814094002940,6.41,6.42,6.426599243690089
20230814094003050,6.41,6.42,6.426599243690089
20230814094003080,6.41,6.42,6.426599243690089
20230814094003160,6.41,6.42,6.426599243690089
20230814094004770,6.41,6.42,6.426599243690089
20230814094005200,6.41,6.42,6.426599243690089
20230814094005400,6.41,6.42,6.426599243690089
20230814094005510,6.41,6.42,6.426599243690089
20230814094005530,6.41,6.42,6.426599243690089
20230814094005580,6.41,6.42,6.426599243690089
20230814094005690,6.41,6.42,6.426599243690089
20230814094007750,6.41,6.42,6.42646802198761
20230814094008020,6.41,6.42,6.42646802198761
20230814094008040,6.41,6.42,6.426453665765845
20230814094008050,6.41,6.42,6.426453665765845
20230814094008120,6.41,6.42,6.426453665765845
20230814094008180,6.41,6.42,6.426453665765845
20230814094008190,6.41,6.42,6.426453665765845
20230814094008210,6.41,6.42,6.426453665765845
20230814094008220,6.41,6.42,6.426453665765845
20230814094008440,6.41,6.42,6.426453665765845
20230814094008650,6.41,6.42,6.426453665765845
20230814094008660,6.41,6.42,6.426453665765845
20230814094010350,6.42,6.42,6.426453665765845
20230814094010400,6.41,6.42,6.426453665765845
20230814094010640,6.42,6.42,6.426326724958878
20230814094010650,6.42,6.42,6.426326724958878
20230814094010900,6.41,6.42,6.426326724958878
20230814094010910,6.41,6.42,6.426326724958878
20230814094010940,6.41,6.42,6.426326724958878
20230814094011040,6.41,6.42,6.426326724958878
20230814094011190,6.41,6.42,6.426326724958878
20230814094011200,6.42,6.42,6.426326724958878
20230814094011360,6.42,6.42,6.426326724958878
20230814094013090,6.42,6.42,6.426326724958878
20230814094013100,6.42,6.42,6.426326724958878
20230814094013140,6.41,6.42,6.426326724958878
20230814094013230,6.41,6.42,6.426326724958878
20230814094013570,6.41,6.42,6.426326724958878
20230814094013640,6.41,6.42,6.426326724958878
20230814094013780,6.41,6.42,6.426326724958878
20230814094013840,6.41,6.42,6.426326724958878
20230814094015630,6.41,6.42,6.426326724958878
20230814094015660,6.41,6.42,6.426235365013774
20230814094016080,6.41,6.42,6.426235365013774
20230814094016150,6.41,6.42,6.426232570149768
20230814094018270,6.41,6.42,6.426232570149768
20230814094018530,6.41,6.42,6.426232570149768
20230814094018600,6.41,6.42,6.426232570149768
20230814094018620,6.41,6.42,6.426214426962428
20230814094018790,6.41,6.42,6.426214426962428
20230814094018800,6.41,6.42,6.426203282068906
20230814094018820,6.41,6.42,6.426192152485618
20230814094018930,6.41,6.42,6.426192152485618
20230814094019120,6.41,6.42,6.426192152485618
20230814094019410,6.41,6.42,6.4261810381810385
20230814094020950,6.41,6.42,6.4261810381810385
20230814094020980,6.41,6.42,6.4261810381810385
20230814094021040,6.41,6.42,6.4261810381810385
20230814094021180,6.41,6.42,6.426176016469377
20230814094021190,6.41,6.42,6.426176016469377
20230814094021220,6.41,6.42,6.426174629041942
20230814094021590,6.41,6.42,6.426174629041942
20230814094021710,6.41,6.42,6.426163538184623
20230814094022090,6.41,6.42,6.426163538184623
20230814094023840,6.41,6.42,6.426124700650017
20230814094023950,6.41,6.42,6.426124700650017
20230814094024450,6.41,6.42,6.426124700650017
20230814094024830,6.41,6.42,6.426120564343736
20230814094026590,6.41,6.42,6.4261191860465114
20230814094026600,6.41,6.42,6.4261191860465114
20230814094026620,6.41,6.42,6.4261191860465114
20230814094026750,6.41,6.42,6.4261191860465114
20230814094026820,6.41,6.42,6.426106791969244
20230814094029800,6.41,6.42,6.426106791969244
20230814094030180,6.41,6.42,6.426087550132264
20230814094030260,6.41,6.42,6.426087550132264
20230814094031980,6.41,6.42,6.426087550132264
20230814094032230,6.41,6.42,6.426087550132264
20230814094032270,6.41,6.42,6.426087550132264
20230814094032430,6.41,6.42,6.426087550132264
20230814094034450,6.41,6.42,6.426087550132264
20230814094034550,6.41,6.42,6.426087550132264
20230814094034700,6.41,6.42,6.426087550132264
20230814094034840,6.41,6.42,6.426087550132264
20230814094034940,6.41,6.42,6.426087550132264
20230814094034960,6.41,6.42,6.426087550132264
20230814094035080,6.41,6.42,6.426087550132264
20230814094035310,6.41,6.42,6.426087550132264
20230814094035370,6.41,6.42,6.426042889966811
20230814094035580,6.41,6.42,6.426042889966811
20230814094035680,6.41,6.42,6.426042889966811
20230814094035690,6.41,6.42,6.426042889966811
20230814094035700,6.41,6.42,6.426042889966811
20230814094035710,6.41,6.42,6.426042889966811
20230814094037270,6.41,6.42,6.426042889966811
20230814094037620,6.41,6.42,6.426042889966811
20230814094037630,6.41,6.42,6.425961391922784
20230814094037650,6.41,6.42,6.425961391922784
20230814094038200,6.41,6.42,6.425961391922784
20230814094040070,6.41,6.42,6.425961391922784
20230814094040090,6.41,6.42,6.425961391922784
20230814094040130,6.41,6.42,6.425961391922784
20230814094040680,6.41,6.42,6.425961391922784
20230814094040760,6.41,6.42,6.425961391922784
20230814094042590,6.41,6.42,6.425961391922784
20230814094042630,6.41,6.42,6.425961391922784
20230814094042760,6.41,6.42,6.425961391922784
20230814094042870,6.41,6.42,6.425961391922784
20230814094043300,6.41,6.42,6.425961391922784
20230814094045290,6.41,6.42,6.425961391922784
20230814094045470,6.41,6.42,6.425961391922784
20230814094045660,6.41,6.42,6.425961391922784
20230814094046270,6.41,6.42,6.425961391922784
20230814094048020,6.41,6.42,6.425961391922784
20230814094048030,6.41,6.42,6.425961391922784
20230814094048170,6.41,6.42,6.425961391922784
20230814094049090,6.41,6.42,6.42595044816506
20230814094050700,6.41,6.42,6.42595044816506
20230814094051130,6.41,6.42,6.42595044816506
20230814094051750,6.41,6.42,6.425944552446961
20230814094053570,6.41,6.42,6.425944552446961
20230814094053910,6.41,6.42,6.425944552446961
20230814094054050,6.41,6.42,6.425944552446961
20230814094054120,6.41,6.42,6.425944552446961
20230814094054130,6.41,6.42,6.425944552446961
20230814094054410,6.41,6.42,6.425944552446961
20230814094054610,6.41,6.42,6.425943204868154
20230814094057040,6.41,6.42,6.425943204868154
20230814094057100,6.41,6.42,6.425943204868154
20230814094059240,6.41,6.42,6.425901542611481
20230814094059530,6.41,6.42,6.425901542611481
20230814094059800,6.41,6.42,6.425901542611481
20230814094059870,6.41,6.42,6.425901542611481
20230814094101540,6.41,6.42,6.425901542611481
20230814094101640,6.41,6.42,6.425901542611481
20230814094101670,6.41,6.42,6.425901542611481
20230814094101760,6.41,6.42,6.425901542611481
20230814094101970,6.41,6.42,6.425901542611481
20230814094102060,6.41,6.42,6.425901542611481
20230814094102190,6.41,6.42,6.425901542611481
20230814094102230,6.41,6.42,6.425901542611481
20230814094104570,6.41,6.42,6.425901542611481
20230814094104760,6.41,6.42,6.425901542611481
20230814094107050,6.41,6.42,6.425901542611481
20230814094107090,6.41,6.42,6.425894843276036
20230814094107330,6.41,6.42,6.425894843276036
20230814094107360,6.41,6.42,6.425894843276036
20230814094107420,6.41,6.42,6.425881808233016
20230814094107450,6.41,6.42,6.425881808233016
20230814094107720,6.41,6.42,6.425881808233016
20230814094108020,6.41,6.42,6.425881808233016
20230814094108090,6.41,6.42,6.425881808233016
20230814094110480,6.41,6.42,6.425881808233016
20230814094110680,6.41,6.42,6.425881808233016
20230814094112300,6.41,6.42,6.425881808233016
20230814094112720,6.41,6.42,6.425881808233016
20230814094112750,6.41,6.42,6.425881808233016
20230814094113000,6.41,6.42,6.425881808233016
20230814094113080,6.41,6.42,6.425881808233016
20230814094113090,6.41,6.42,6.425881808233016
20230814094113130,6.41,6.42,6.425881808233016
20230814094113180,6.41,6.42,6.42587799747581
20230814094115030,6.41,6.42,6.42587799747581
20230814094115270,6.41,6.42,6.42586865119408
20230814094115280,6.43,6.42,6.425734310551658
20230814094115310,6.43,6.41,6.425734310551658
20230814094115320,6.42,6.42,6.425734310551658
20230814094115330,6.42,6.42,6.425734310551658
20230814094115340,6.43,6.42,6.425692031645053
20230814094115350,6.43,6.42,6.425692031645053
20230814094115370,6.43,6.42,6.425692031645053
20230814094115390,6.43,6.42,6.425692031645053
20230814094115400,6.43,6.42,6.425692031645053
20230814094115440,6.43,6.42,6.425692031645053
20230814094115450,6.43,6.42,6.425692031645053
20230814094115690,6.43,6.42,6.425692031645053
20230814094115840,6.43,6.42,6.425692031645053
20230814094115850,6.43,6.42,6.425692031645053
20230814094115880,6.43,6.42,6.425692031645053
20230814094115950,6.43,6.42,6.425692031645053
20230814094116090,6.43,6.42,6.425690175295556
20230814094116180,6.43,6.42,6.425690175295556
20230814094117680,6.43,6.42,6.425690175295556
20230814094117690,6.43,6.42,6.425690175295556
20230814094117700,6.43,6.42,6.425690175295556
20230814094117710,6.43,6.42,6.425690175295556
20230814094117720,6.43,6.42,6.425690175295556
20230814094117880,6.43,6.42,6.425690175295556
20230814094117910,6.43,6.42,6.425690175295556
20230814094117990,6.43,6.42,6.425690175295556
20230814094118080,6.43,6.42,6.425690175295556
20230814094118110,6.43,6.42,6.425690175295556
20230814094118120,6.43,6.42,6.425690175295556
20230814094118150,6.43,6.42,6.425690175295556
20230814094118160,6.43,6.42,6.425690175295556
20230814094118170,6.43,6.42,6.425690175295556
20230814094118180,6.43,6.42,6.425690175295556
20230814094118220,6.43,6.42,6.425690175295556
20230814094118240,6.43,6.42,6.425690175295556
20230814094118400,6.43,6.42,6.425690175295556
20230814094120520,6.43,6.42,6.425690175295556
20230814094120720,6.43,6.42,6.425690175295556
20230814094120790,6.43,6.42,6.425669835080023
20230814094120820,6.43,6.42,6.425669835080023
20230814094121010,6.43,6.42,6.425669835080023
20230814094121470,6.43,6.42,6.425669835080023
20230814094121490,6.43,6.42,6.425669835080023
20230814094123410,6.43,6.42,6.425669835080023
20230814094123490,6.43,6.42,6.425668805327702
20230814094123680,6.43,6.42,6.425668805327702
20230814094123690,6.43,6.42,6.425668805327702
20230814094123720,6.43,6.42,6.425668805327702
20230814094123770,6.43,6.42,6.425668805327702
20230814094123800,6.43,6.42,6.425668805327702
20230814094123810,6.43,6.42,6.425668805327702
20230814094123820,6.43,6.42,6.425668805327702
20230814094123880,6.43,6.42,6.425668805327702
20230814094124120,6.43,6.42,6.425668805327702
20230814094124310,6.43,6.42,6.425668805327702
20230814094126020,6.43,6.42,6.425668805327702
20230814094126070,6.43,6.42,6.425668805327702
20230814094126380,6.43,6.42,6.425668805327702
20230814094126410,6.43,6.42,6.425675829076462
20230814094126510,6.43,6.42,6.425675829076462
20230814094128440,6.43,6.42,6.425675829076462
20230814094128970,6.43,6.42,6.425675829076462
20230814094129290,6.43,6.42,6.425675829076462
20230814094129310,6.43,6.42,6.425675829076462
20230814094129400,6.43,6.42,6.425675829076462
20230814094129480,6.43,6.42,6.425675829076462
20230814094129490,6.43,6.42,6.425675829076462
20230814094131750,6.43,6.42,6.425675829076462
20230814094133930,6.43,6.42,6.425602746287722
20230814094134090,6.43,6.42,6.4256009577015165
20230814094134310,6.43,6.42,6.4256009577015165
20230814094134470,6.43,6.42,6.4256009577015165
20230814094134480,6.43,6.42,6.4256009577015165
20230814094134510,6.43,6.42,6.4256009577015165
20230814094134550,6.43,6.42,6.4256009577015165
20230814094134630,6.43,6.42,6.425604877271279
20230814094134860,6.43,6.42,6.425604877271279
20230814094134870,6.43,6.42,6.425604877271279
20230814094137140,6.43,6.42,6.425604877271279
20230814094137780,6.43,6.42,6.425604877271279
20230814094139650,6.43,6.42,6.425604877271279
20230814094139680,6.43,6.42,6.425604877271279
20230814094139780,6.43,6.42,6.425604877271279
20230814094139960,6.43,6.42,6.425604877271279
20230814094140150,6.43,6.42,6.425604877271279
20230814094142900,6.43,6.42,6.425604877271279
20230814094143040,6.43,6.42,6.425604877271279
20230814094143180,6.43,6.42,6.425599236033742
20230814094144650,6.43,6.42,6.425599236033742
20230814094144960,6.43,6.42,6.425599236033742
20230814094145000,6.43,6.42,6.425599236033742
20230814094145190,6.43,6.42,6.425599236033742
20230814094145200,6.43,6.42,6.425599236033742
20230814094145330,6.43,6.42,6.425599236033742
20230814094145560,6.43,6.42,6.425599236033742
20230814094148230,6.43,6.42,6.425564134888118
20230814094148240,6.43,6.42,6.425564134888118
20230814094150130,6.43,6.42,6.425564134888118
20230814094150230,6.43,6.42,6.425564134888118
20230814094150300,6.43,6.42,6.425564134888118
20230814094150310,6.43,6.42,6.425561505748937
20230814094150320,6.43,6.42,6.425561505748937
20230814094150360,6.43,6.42,6.425561505748937
20230814094150590,6.43,6.42,6.425561505748937
20230814094150680,6.43,6.42,6.425561505748937
20230814094150690,6.43,6.42,6.425561505748937
20230814094151140,6.43,6.42,6.425561505748937
20230814094151240,6.43,6.42,6.425561505748937
20230814094153190,6.43,6.42,6.425563164108619
20230814094153440,6.43,6.42,6.425563164108619
20230814094153490,6.43,6.42,6.425566564441299
20230814094153680,6.43,6.42,6.425566564441299
20230814094153690,6.43,6.42,6.425566564441299
20230814094153700,6.43,6.42,6.425566564441299
20230814094153710,6.43,6.42,6.425566564441299
20230814094153720,6.43,6.42,6.425566564441299
20230814094153740,6.43,6.42,6.425566564441299
20230814094153770,6.43,6.42,6.425566564441299
20230814094153870,6.43,6.42,6.425566564441299
20230814094155690,6.43,6.42,6.425566564441299
20230814094155760,6.43,6.42,6.425566564441299
20230814094155820,6.43,6.42,6.425566564441299
20230814094155900,6.43,6.42,6.425566564441299
20230814094155930,6.43,6.42,6.425566564441299
20230814094156010,6.43,6.42,6.425566564441299
20230814094158410,6.43,6.42,6.425566564441299
20230814094158420,6.43,6.42,6.425566564441299
20230814094158430,6.43,6.42,6.425566564441299
20230814094158700,6.43,6.42,6.425566564441299
20230814094158910,6.43,6.42,6.425566564441299
20230814094159300,6.43,6.42,6.425566564441299
20230814094201540,6.43,6.42,6.425566564441299
20230814094201800,6.43,6.42,6.4255238318121535
20230814094201850,6.43,6.42,6.4255238318121535
20230814094201890,6.43,6.42,6.4255238318121535
20230814094202080,6.43,6.42,6.4255238318121535
20230814094203750,6.43,6.42,6.4255238318121535
20230814094203780,6.43,6.42,6.4255238318121535
20230814094203980,6.43,6.42,6.4255238318121535
20230814094204050,6.43,6.42,6.4255238318121535
20230814094204160,6.43,6.42,6.4255238318121535
20230814094204260,6.43,6.42,6.4255238318121535
20230814094204320,6.43,6.42,6.4255238318121535
20230814094204620,6.43,6.42,6.4255238318121535
20230814094206560,6.43,6.42,6.4255238318121535
20230814094206680,6.43,6.42,6.4255238318121535
20230814094206740,6.43,6.42,6.425533239919041
20230814094206750,6.43,6.42,6.42553983676642
20230814094206790,6.44,6.42,6.425750184774575
20230814094206800,6.44,6.42,6.425750184774575
20230814094206830,6.44,6.42,6.425750184774575
20230814094206880,6.44,6.42,6.42577485487545
20230814094207040,6.44,6.42,6.42577485487545
20230814094207060,6.44,6.42,6.425775165319618
20230814094207080,6.44,6.42,6.425776096378462
20230814094207250,6.44,6.42,6.425791861826698
20230814094207260,6.44,6.43,6.425807204316756
20230814094209010,6.44,6.43,6.425807204316756
20230814094209050,6.44,6.43,6.425807204316756
20230814094209060,6.44,6.43,6.425807204316756
20230814094209080,6.44,6.43,6.425807204316756
20230814094209150,6.44,6.43,6.425807204316756
20230814094209190,6.44,6.43,6.425807204316756
20230814094210080,6.43,6.42,6.425894030277064
20230814094210090,6.44,6.43,6.425899885909868
20230814094210130,6.44,6.43,6.425899885909868
20230814094210140,6.44,6.43,6.425899885909868
20230814094210190,6.44,6.43,6.425903193612775
20230814094210210,6.44,6.43,6.425903193612775
20230814094211640,6.44,6.42,6.425903193612775
20230814094211710,6.44,6.42,6.425903193612775
20230814094211730,6.44,6.42,6.425903193612775
20230814094211900,6.44,6.43,6.425903193612775
20230814094211910,6.44,6.43,6.425903193612775
20230814094211980,6.44,6.43,6.425903193612775
20230814094212890,6.44,6.43,6.425903193612775
20230814094214410,6.44,6.43,6.425903193612775
20230814094214680,6.44,6.43,6.425903193612775
20230814094214710,6.44,6.43,6.425903193612775
20230814094214720,6.44,6.43,6.425903193612775
20230814094214730,6.44,6.43,6.425903193612775
20230814094214830,6.44,6.43,6.425903193612775
20230814094215080,6.44,6.43,6.425903193612775
20230814094215090,6.44,6.43,6.425903193612775
20230814094215120,6.44,6.43,6.425903193612775
20230814094215130,6.44,6.43,6.425903193612775
20230814094215140,6.44,6.43,6.425903193612775
20230814094215150,6.44,6.43,6.425903193612775
20230814094215220,6.44,6.43,6.425903193612775
20230814094215470,6.44,6.43,6.425920903152513
20230814094217750,6.44,6.43,6.425920903152513
20230814094217840,6.44,6.43,6.425920903152513
20230814094218120,6.44,6.43,6.425920903152513
20230814094220260,6.44,6.43,6.425920903152513
20230814094220500,6.44,6.43,6.425920903152513
20230814094220550,6.44,6.43,6.425961674444916
20230814094222520,6.44,6.43,6.425961674444916
20230814094222690,6.44,6.43,6.425961674444916
20230814094222700,6.44,6.43,6.425961674444916
20230814094222770,6.44,6.43,6.425961674444916
20230814094223560,6.44,6.43,6.425961674444916
20230814094223680,6.44,6.43,6.425961674444916
20230814094223690,6.44,6.43,6.425961674444916
20230814094225170,6.44,6.43,6.426027869660075
20230814094225240,6.44,6.43,6.4260298360425026
20230814094225280,6.44,6.43,6.426030819026175
20230814094225910,6.44,6.43,6.426030819026175
20230814094225930,6.44,6.43,6.426030819026175
20230814094225970,6.44,6.43,6.426030819026175
20230814094226340,6.44,6.43,6.426030819026175
20230814094227850,6.44,6.43,6.426030819026175
20230814094227920,6.44,6.43,6.426030819026175
20230814094228090,6.44,6.43,6.426030819026175
20230814094228120,6.44,6.43,6.426030819026175
20230814094228150,6.44,6.43,6.426031801871526
20230814094228190,6.44,6.43,6.4260327845785845
20230814094228300,6.44,6.43,6.4260327845785845
20230814094228510,6.44,6.43,6.4260462338392355
20230814094229070,6.44,6.43,6.426080465409687
20230814094231230,6.44,6.43,6.426080465409687
20230814094231380,6.44,6.43,6.426080465409687
20230814094231410,6.44,6.43,6.426080465409687
20230814094231470,6.44,6.43,6.426084366897904
20230814094233260,6.44,6.43,6.426084366897904
20230814094233450,6.44,6.43,6.426087291579095
20230814094233930,6.44,6.43,6.426087291579095
20230814094234090,6.44,6.43,6.426093137254902
20230814094234270,6.44,6.43,6.426093137254902
20230814094234420,6.44,6.43,6.426093137254902
20230814094236000,6.44,6.43,6.426093137254902
20230814094236120,6.44,6.43,6.426093137254902
20230814094236260,6.44,6.43,6.426093137254902
20230814094236360,6.44,6.43,6.426093137254902
20230814094236590,6.44,6.43,6.426093137254902
20230814094236740,6.44,6.43,6.426142199274351
20230814094236900,6.44,6.43,6.426142199274351
20230814094238680,6.44,6.43,6.426279101899827
20230814094238700,6.44,6.43,6.426280049737496
20230814094238740,6.44,6.43,6.426280049737496
20230814094238830,6.44,6.43,6.426280049737496
20230814094239190,6.44,6.43,6.426280049737496
20230814094239540,6.44,6.43,6.426284786962226
20230814094242110,6.44,6.43,6.426284786962226
20230814094242270,6.44,6.43,6.426284786962226
20230814094242560,6.44,6.43,6.426284786962226
20230814094246880,6.44,6.43,6.426284786962226
20230814094247560,6.44,6.43,6.426284786962226
20230814094247720,6.44,6.43,6.426284786962226
20230814094247930,6.44,6.43,6.426284786962226
20230814094249590,6.44,6.43,6.426284786962226
20230814094249860,6.44,6.43,6.426284786962226
20230814094249920,6.44,6.43,6.426284786962226
20230814094249960,6.44,6.43,6.426284786962226
20230814094250150,6.44,6.43,6.426284786962226
20230814094250210,6.44,6.43,6.426284786962226
20230814094250530,6.44,6.43,6.426284786962226
20230814094252210,6.44,6.43,6.426284786962226
20230814094252300,6.44,6.43,6.426284786962226
20230814094252510,6.44,6.43,6.426284786962226
20230814094253170,6.44,6.43,6.42632347897661
20230814094253200,6.44,6.43,6.42632347897661
20230814094255120,6.44,6.43,6.42632347897661
20230814094255180,6.44,6.43,6.42632347897661
20230814094255550,6.44,6.43,6.42632347897661
20230814094255720,6.44,6.43,6.426330042506513
20230814094257670,6.44,6.43,6.426330294097484
20230814094258110,6.44,6.43,6.426330294097484
20230814094258250,6.44,6.43,6.426330294097484
20230814094258360,6.44,6.43,6.426330294097484
20230814094258370,6.44,6.43,6.426330294097484
20230814094300380,6.44,6.43,6.426330294097484
20230814094300450,6.44,6.43,6.426330294097484
20230814094300590,6.44,6.43,6.426330294097484
20230814094300620,6.44,6.43,6.426331048663468
20230814094300730,6.44,6.43,6.426331048663468
20230814094301040,6.44,6.43,6.426331048663468
20230814094301130,6.44,6.43,6.426331985470496
20230814094301260,6.44,6.43,6.426331985470496
20230814094301490,6.44,6.43,6.426331985470496
20230814094303120,6.44,6.43,6.426331985470496
20230814094303380,6.44,6.43,6.426331985470496
20230814094303740,6.44,6.43,6.426331985470496
20230814094305890,6.44,6.43,6.426331985470496
20230814094306490,6.44,6.43,6.426331985470496
20230814094306500,6.44,6.43,6.426331985470496
20230814094306560,6.44,6.43,6.426331985470496
20230814094306680,6.44,6.43,6.426331985470496
20230814094308590,6.44,6.43,6.426331985470496
20230814094308950,6.44,6.43,6.426331985470496
20230814094309140,6.44,6.43,6.426331985470496
20230814094309210,6.44,6.43,6.426331985470496
20230814094309300,6.44,6.43,6.426331985470496
20230814094309310,6.44,6.43,6.426331985470496
20230814094309420,6.44,6.43,6.426331985470496
20230814094309490,6.44,6.43,6.426331985470496
20230814094309500,6.44,6.43,6.426331985470496
20230814094309570,6.44,6.43,6.426341797276025
20230814094311150,6.44,6.43,6.426341797276025
20230814094311960,6.44,6.43,6.426341797276025
20230814094313860,6.44,6.43,6.426341797276025
20230814094314790,6.44,6.43,6.426341797276025
20230814094316760,6.44,6.43,6.426341797276025
20230814094317030,6.44,6.43,6.426341797276025
20230814094317180,6.44,6.43,6.426341797276025
20230814094319260,6.44,6.43,6.426341797276025
20230814094319620,6.44,6.43,6.426341797276025
20230814094319910,6.44,6.43,6.426341797276025
20230814094320190,6.44,6.43,6.42634610123119
20230814094322030,6.44,6.43,6.42634610123119
20230814094322400,6.44,6.43,6.42634610123119
20230814094322450,6.44,6.43,6.42634610123119
20230814094324660,6.44,6.43,6.42634610123119
20230814094325090,6.44,6.43,6.42634610123119
20230814094325180,6.44,6.43,6.42634610123119
20230814094325490,6.44,6.43,6.42634610123119
20230814094327540,6.44,6.43,6.426354501332969
20230814094328280,6.44,6.43,6.426354501332969
20230814094328400,6.44,6.43,6.426358480251469
20230814094328410,6.44,6.43,6.426358480251469
20230814094331000,6.44,6.43,6.426358480251469
20230814094331160,6.44,6.43,6.426358480251469
20230814094333720,6.44,6.43,6.426358480251469
20230814094335520,6.44,6.43,6.426429637671326
20230814094335600,6.44,6.44,6.426435160065111
20230814094335680,6.44,6.44,6.426435160065111
20230814094335690,6.44,6.44,6.426435160065111
20230814094335700,6.44,6.44,6.426435160065111
20230814094335880,6.44,6.44,6.426435160065111
20230814094336520,6.44,6.44,6.4264379195768635
20230814094338420,6.44,6.44,6.4264379195768635
20230814094338430,6.44,6.44,6.4264379195768635
20230814094338500,6.44,6.44,6.42644251626898
20230814094338780,6.44,6.44,6.42644251626898
20230814094339090,6.44,6.44,6.42644251626898
20230814094340750,6.44,6.44,6.42644251626898
20230814094340810,6.44,6.44,6.42644251626898
20230814094341130,6.44,6.44,6.42644251626898
20230814094341320,6.44,6.44,6.42644251626898
20230814094341580,6.44,6.44,6.426531079533976
20230814094341740,6.44,6.44,6.426531079533976
20230814094343920,6.44,6.44,6.426531079533976
20230814094344080,6.44,6.44,6.426531079533976
20230814094344150,6.44,6.44,6.426531079533976
20230814094344320,6.44,6.44,6.426531079533976
20230814094344540,6.44,6.44,6.426531079533976
20230814094344630,6.44,6.44,6.426531079533976
20230814094346300,6.44,6.44,6.426549452027163
20230814094346320,6.44,6.44,6.426549452027163
20230814094346330,6.44,6.44,6.426549452027163
20230814094346490,6.44,6.44,6.426549452027163
20230814094346930,6.44,6.44,6.426549452027163
20230814094347280,6.44,6.44,6.426549452027163
20230814094347320,6.44,6.44,6.426549452027163
20230814094349000,6.44,6.44,6.426549452027163
20230814094349110,6.44,6.44,6.426549452027163
20230814094349130,6.44,6.44,6.426549452027163
20230814094349770,6.44,6.44,6.426549452027163
20230814094350080,6.44,6.44,6.426549452027163
20230814094352030,6.44,6.44,6.426549452027163
20230814094352090,6.44,6.44,6.4265512837747005
20230814094355010,6.44,6.44,6.426551515558842
20230814094355180,6.44,6.44,6.426551515558842
20230814094355230,6.44,6.44,6.426551515558842
20230814094355310,6.44,6.44,6.426551515558842
20230814094355400,6.44,6.44,6.426551515558842
20230814094357330,6.44,6.44,6.426551515558842
20230814094357630,6.44,6.44,6.426551515558842
20230814094357800,6.44,6.44,6.426551515558842
20230814094358090,6.44,6.44,6.426570028857124
20230814094400040,6.44,6.44,6.426570259025634
20230814094400370,6.44,6.44,6.426570259025634
20230814094400650,6.44,6.44,6.426570259025634
20230814094402750,6.44,6.44,6.426570259025634
20230814094402800,6.44,6.44,6.426570259025634
20230814094403150,6.44,6.44,6.426570259025634
20230814094405080,6.44,6.44,6.426570259025634
20230814094406210,6.44,6.44,6.426570259025634
20230814094408280,6.44,6.44,6.426570259025634
20230814094408760,6.44,6.44,6.426570259025634
20230814094410580,6.44,6.44,6.426570259025634
20230814094410880,6.44,6.44,6.426570259025634
20230814094411320,6.44,6.44,6.426570259025634
20230814094413270,6.44,6.44,6.426570259025634
20230814094413850,6.44,6.44,6.426570259025634
20230814094414010,6.44,6.44,6.426570259025634
20230814094414330,6.44,6.44,6.426570259025634
20230814094415840,6.44,6.44,6.426570259025634
20230814094415850,6.44,6.44,6.426570259025634
20230814094416020,6.44,6.44,6.426570259025634
20230814094416770,6.44,6.44,6.426570259025634
20230814094418680,6.44,6.44,6.426570259025634
20230814094418760,6.44,6.44,6.426570259025634
20230814094418830,6.44,6.44,6.426570259025634
20230814094418950,6.44,6.44,6.426570259025634
20230814094419220,6.44,6.44,6.426570259025634
20230814094419250,6.44,6.44,6.426570259025634
20230814094419440,6.44,6.44,6.426570259025634
20230814094419760,6.44,6.44,6.426570259025634
20230814094421270,6.44,6.44,6.426570259025634
20230814094421350,6.44,6.44,6.426570259025634
20230814094421380,6.44,6.44,6.426570259025634
20230814094421600,6.44,6.44,6.426570259025634
20230814094421700,6.44,6.44,6.426570259025634
20230814094422440,6.44,6.44,6.426570259025634
20230814094423920,6.44,6.44,6.426570259025634
20230814094423930,6.44,6.44,6.426570259025634
20230814094424200,6.44,6.44,6.426570259025634
20230814094424390,6.44,6.44,6.426570259025634
20230814094424530,6.44,6.44,6.426570259025634
20230814094424720,6.44,6.44,6.426570259025634
20230814094424800,6.44,6.44,6.426570259025634
20230814094424980,6.44,6.44,6.426570259025634
20230814094426750,6.44,6.44,6.426570259025634
20230814094426770,6.44,6.44,6.426570259025634
20230814094426940,6.44,6.44,6.426570259025634
20230814094427000,6.44,6.44,6.426570259025634
20230814094427080,6.44,6.44,6.426570259025634
20230814094427200,6.44,6.44,6.426793137578357
20230814094427400,6.44,6.44,6.426793137578357
20230814094427460,6.44,6.44,6.426793137578357
20230814094429840,6.44,6.43,6.426845218534341
20230814094429870,6.44,6.43,6.426845218534341
20230814094429880,6.44,6.44,6.426967704128142
20230814094429920,6.44,6.44,6.427015051252108
20230814094429930,6.44,6.44,6.42702851587816
20230814094429940,6.44,6.44,6.42702851587816
20230814094429950,6.44,6.44,6.42702851587816
20230814094430040,6.44,6.43,6.42702851587816
20230814094430050,6.44,6.43,6.42702851587816
20230814094430160,6.44,6.43,6.42702851587816
20230814094430200,6.44,6.43,6.42702851587816
20230814094430320,6.44,6.43,6.42702851587816
20230814094430460,6.44,6.43,6.4270309665716505
20230814094432950,6.44,6.43,6.4270309665716505
20230814094432970,6.44,6.43,6.4270309665716505
20230814094433040,6.44,6.43,6.4270309665716505
20230814094434760,6.44,6.43,6.4270309665716505
20230814094434810,6.44,6.43,6.4270309665716505
20230814094435100,6.44,6.43,6.4270309665716505
20230814094435460,6.44,6.43,6.4270309665716505
20230814094435880,6.44,6.43,6.4270588235294115
20230814094437600,6.44,6.43,6.4270588235294115
20230814094437890,6.44,6.43,6.4270588235294115
20230814094438220,6.44,6.43,6.4270588235294115
20230814094438590,6.44,6.43,6.4270588235294115
20230814094440230,6.44,6.43,6.4270588235294115
20230814094440600,6.44,6.43,6.4270588235294115
20230814094440980,6.44,6.43,6.4270588235294115
20230814094440990,6.44,6.43,6.4270588235294115
20230814094441180,6.44,6.43,6.4270588235294115
20230814094441390,6.44,6.43,6.4270588235294115
20230814094443530,6.44,6.43,6.427125401929261
20230814094443620,6.44,6.43,6.427126229824449
20230814094443650,6.44,6.44,6.427136156268071
20230814094443680,6.44,6.44,6.427136156268071
20230814094443760,6.44,6.43,6.427160905534535
20230814094443790,6.44,6.44,6.427160905534535
20230814094443800,6.44,6.43,6.427161728870078
20230814094444040,6.44,6.43,6.427161728870078
20230814094445590,6.44,6.43,6.427161728870078
20230814094445790,6.44,6.43,6.427161728870078
20230814094445800,6.44,6.43,6.427161728870078
20230814094446080,6.44,6.43,6.427161728870078
20230814094446380,6.44,6.43,6.427161728870078
20230814094446680,6.44,6.43,6.427161728870078
20230814094448520,6.44,6.43,6.427161728870078
20230814094448570,6.44,6.43,6.427170137776354
20230814094448680,6.44,6.43,6.427170137776354
20230814094448730,6.44,6.43,6.427170137776354
20230814094449070,6.44,6.43,6.427170137776354
20230814094449210,6.44,6.43,6.427170137776354
20230814094449280,6.44,6.43,6.427170137776354
20230814094449400,6.44,6.43,6.427170137776354
20230814094449440,6.44,6.43,6.427170137776354
20230814094451180,6.44,6.43,6.42717178189274
20230814094451540,6.44,6.43,6.42717178189274
20230814094451630,6.44,6.43,6.42717178189274
20230814094451740,6.44,6.43,6.42717178189274
20230814094451900,6.44,6.43,6.42717178189274
20230814094452080,6.44,6.43,6.42717178189274
20230814094453770,6.44,6.43,6.42717178189274
20230814094453790,6.44,6.43,6.42717178189274
20230814094454230,6.44,6.43,6.427174247277386
20230814094454300,6.44,6.43,6.427174247277386
20230814094454420,6.44,6.43,6.427174247277386
20230814094454810,6.44,6.43,6.427174247277386
20230814094454840,6.44,6.43,6.427174247277386
20230814094456390,6.44,6.44,6.427174247277386
20230814094456440,6.44,6.43,6.427174247277386
20230814094457000,6.44,6.43,6.427174247277386
20230814094457020,6.44,6.43,6.427180817006018
20230814094457030,6.44,6.43,6.427180817006018
20230814094457120,6.44,6.43,6.427180817006018
20230814094457180,6.44,6.43,6.427180817006018
20230814094457260,6.44,6.43,6.427183278919403
20230814094457570,6.44,6.43,6.427183278919403
20230814094459520,6.44,6.43,6.427183278919403
20230814094500130,6.44,6.43,6.427190658989123
20230814094500150,6.44,6.43,6.427194755356572
20230814094501800,6.44,6.43,6.427194755356572
20230814094501880,6.44,6.43,6.427194755356572
20230814094501890,6.44,6.43,6.427194755356572
20230814094501900,6.44,6.43,6.427194755356572
20230814094501910,6.44,6.43,6.427194755356572
20230814094501980,6.44,6.43,6.427194755356572
20230814094501990,6.44,6.43,6.427194755356572
20230814094502030,6.44,6.43,6.427194755356572
20230814094502050,6.44,6.43,6.427194755356572
20230814094502140,6.44,6.43,6.427194755356572
20230814094502900,6.44,6.43,6.427194755356572
