Timestamp,ask1,bid1,VWAP
20230811093000030,6.76,6.72,6.75
20230811093000040,6.73,6.72,6.75
20230811093000190,6.73,6.72,6.75
20230811093000200,6.73,6.72,6.75
20230811093000210,6.73,6.72,6.75
20230811093000260,6.73,6.72,6.75
20230811093000270,6.73,6.72,6.75
20230811093000290,6.73,6.72,6.75
20230811093000310,6.73,6.72,6.75
20230811093000320,6.73,6.72,6.75
20230811093000340,6.73,6.72,6.75
20230811093000360,6.73,6.72,6.75
20230811093000400,6.73,6.74,6.75
20230811093000410,6.73,6.74,6.75
20230811093000830,6.73,6.74,6.75
20230811093000840,6.73,6.74,6.75
20230811093000860,6.73,6.74,6.75
20230811093000870,6.73,6.74,6.75
20230811093000920,6.73,6.74,6.75
20230811093000930,6.73,6.74,6.75
20230811093000950,6.73,6.74,6.75
20230811093000960,6.73,6.74,6.75
20230811093000980,6.73,6.74,6.75
20230811093001070,6.73,6.74,6.75
20230811093001080,6.73,6.74,6.75
20230811093001090,6.73,6.74,6.75
20230811093001110,6.73,6.74,6.75
20230811093001150,6.73,6.74,6.75
20230811093001160,6.73,6.74,6.75
20230811093001170,6.73,6.74,6.75
20230811093001200,6.73,6.74,6.75
20230811093001210,6.73,6.74,6.75
20230811093001270,6.73,6.74,6.75
20230811093001320,6.73,6.74,6.75
20230811093001330,6.73,6.74,6.75
20230811093002100,6.73,6.74,6.75
20230811093002120,6.73,6.74,6.75
20230811093002210,6.73,6.74,6.75
20230811093002310,6.73,6.74,6.75
20230811093002360,6.73,6.74,6.75
20230811093002390,6.73,6.74,6.75
20230811093002460,6.73,6.72,6.75
20230811093002470,6.73,6.72,6.75
20230811093002560,6.73,6.72,6.75
20230811093002600,6.73,6.72,6.75
20230811093002750,6.73,6.72,6.747783505154639
20230811093002770,6.73,6.72,6.747783505154639
20230811093002800,6.73,6.72,6.747783505154639
20230811093002820,6.73,6.72,6.747783505154639
20230811093002880,6.73,6.72,6.747783505154639
20230811093002890,6.73,6.72,6.747783505154639
20230811093004490,6.73,6.72,6.747783505154639
20230811093004530,6.73,6.72,6.747783505154639
20230811093004600,6.73,6.72,6.744200298953662
20230811093004700,6.73,6.72,6.744200298953662
20230811093004850,6.73,6.72,6.744200298953662
20230811093004860,6.73,6.72,6.744200298953662
20230811093004940,6.73,6.72,6.744200298953662
20230811093005130,6.73,6.72,6.744200298953662
20230811093005150,6.73,6.72,6.744200298953662
20230811093005270,6.73,6.72,6.744200298953662
20230811093005340,6.73,6.72,6.744200298953662
20230811093005510,6.73,6.72,6.744200298953662
20230811093005630,6.73,6.72,6.744200298953662
20230811093005700,6.73,6.72,6.744200298953662
20230811093009740,6.72,6.72,6.744200298953662
20230811093009930,6.72,6.72,6.744200298953662
20230811093010100,6.71,6.72,6.741780821917808
20230811093010110,6.71,6.72,6.741780821917808
20230811093010190,6.71,6.72,6.741780821917808
20230811093010200,6.71,6.72,6.741780821917808
20230811093010210,6.71,6.72,6.741780821917808
20230811093010260,6.71,6.72,6.741780821917808
20230811093010390,6.71,6.72,6.741780821917808
20230811093010460,6.71,6.72,6.741780821917808
20230811093010810,6.71,6.72,6.741174089068826
20230811093010860,6.71,6.72,6.741090174966352
20230811093010980,6.71,6.72,6.741090174966352
20230811093011010,6.71,6.72,6.741090174966352
20230811093011240,6.71,6.72,6.741090174966352
20230811093011540,6.71,6.72,6.741090174966352
20230811093011660,6.71,6.72,6.741090174966352
20230811093011680,6.71,6.72,6.741090174966352
20230811093012070,6.71,6.72,6.741090174966352
20230811093015010,6.69,6.72,6.741090174966352
20230811093015030,6.69,6.72,6.741090174966352
20230811093015130,6.69,6.72,6.741090174966352
20230811093015150,6.69,6.72,6.741090174966352
20230811093015160,6.69,6.72,6.741090174966352
20230811093015200,6.69,6.72,6.741090174966352
20230811093015220,6.69,6.72,6.741090174966352
20230811093015230,6.69,6.72,6.741090174966352
20230811093015300,6.69,6.72,6.741090174966352
20230811093015310,6.69,6.72,6.741090174966352
20230811093015380,6.69,6.72,6.741090174966352
20230811093015450,6.69,6.72,6.741090174966352
20230811093015540,6.69,6.7,6.734734939759036
20230811093015550,6.69,6.7,6.734734939759036
20230811093015660,6.68,6.7,6.734734939759036
20230811093015730,6.68,6.7,6.734734939759036
20230811093015800,6.68,6.7,6.734734939759036
20230811093015850,6.67,6.68,6.7285932388222465
20230811093015860,6.67,6.68,6.7285932388222465
20230811093015890,6.68,6.68,6.7285932388222465
20230811093015910,6.67,6.68,6.7285932388222465
20230811093015920,6.67,6.68,6.7285932388222465
20230811093015930,6.67,6.68,6.7285932388222465
20230811093015940,6.67,6.68,6.7285932388222465
20230811093015950,6.67,6.68,6.7285932388222465
20230811093015960,6.67,6.68,6.7285932388222465
20230811093015970,6.67,6.68,6.7285932388222465
20230811093015990,6.67,6.68,6.7285932388222465
20230811093016000,6.67,6.68,6.7285932388222465
20230811093016020,6.67,6.68,6.7285932388222465
20230811093016050,6.67,6.68,6.7285932388222465
20230811093016070,6.67,6.68,6.7285932388222465
20230811093016080,6.67,6.68,6.7285932388222465
20230811093016090,6.67,6.68,6.7285932388222465
20230811093016120,6.67,6.68,6.7285932388222465
20230811093016140,6.67,6.68,6.7285932388222465
20230811093016240,6.66,6.66,6.721748792270532
20230811093016270,6.66,6.66,6.715963222416812
20230811093016290,6.66,6.66,6.715963222416812
20230811093016310,6.66,6.66,6.715963222416812
20230811093016350,6.66,6.66,6.715963222416812
20230811093016450,6.66,6.66,6.715963222416812
20230811093016490,6.66,6.66,6.715963222416812
20230811093016500,6.66,6.66,6.715963222416812
20230811093016540,6.66,6.66,6.715963222416812
20230811093016550,6.66,6.66,6.715963222416812
20230811093016560,6.66,6.66,6.715963222416812
20230811093016570,6.66,6.66,6.715963222416812
20230811093016600,6.66,6.66,6.715963222416812
20230811093018120,6.65,6.66,6.715963222416812
20230811093018170,6.65,6.66,6.715963222416812
20230811093018200,6.65,6.66,6.715963222416812
20230811093018260,6.65,6.66,6.715963222416812
20230811093018270,6.65,6.66,6.715963222416812
20230811093018290,6.65,6.66,6.715963222416812
20230811093018310,6.65,6.66,6.715963222416812
20230811093018320,6.65,6.66,6.715963222416812
20230811093018380,6.65,6.66,6.715963222416812
20230811093018410,6.65,6.66,6.715963222416812
20230811093018420,6.65,6.66,6.715963222416812
20230811093018430,6.65,6.66,6.715963222416812
20230811093018490,6.65,6.66,6.715963222416812
20230811093018530,6.65,6.66,6.703743055555556
20230811093018560,6.65,6.66,6.703743055555556
20230811093018600,6.65,6.66,6.703743055555556
20230811093018710,6.65,6.68,6.703743055555556
20230811093018720,6.65,6.68,6.703743055555556
20230811093018890,6.65,6.66,6.703743055555556
20230811093018910,6.65,6.65,6.69556077510276
20230811093018920,6.65,6.65,6.69556077510276
20230811093019040,6.65,6.65,6.69556077510276
20230811093019070,6.65,6.65,6.69520069808028
20230811093019080,6.66,6.64,6.686569058077111
20230811093019090,6.66,6.64,6.686569058077111
20230811093019100,6.66,6.64,6.686569058077111
20230811093019120,6.66,6.64,6.686569058077111
20230811093019150,6.66,6.64,6.686569058077111
20230811093019170,6.66,6.65,6.686569058077111
20230811093019180,6.66,6.65,6.686569058077111
20230811093019190,6.66,6.65,6.686569058077111
20230811093019200,6.66,6.66,6.686569058077111
20230811093019210,6.66,6.66,6.686569058077111
20230811093019240,6.66,6.66,6.686569058077111
20230811093019360,6.66,6.66,6.686569058077111
20230811093020820,6.66,6.67,6.686569058077111
20230811093020890,6.66,6.67,6.682793468667255
20230811093020940,6.66,6.67,6.682793468667255
20230811093020950,6.66,6.67,6.682793468667255
20230811093021030,6.66,6.68,6.682793468667255
20230811093021050,6.66,6.68,6.682793468667255
20230811093021060,6.66,6.68,6.682793468667255
20230811093021080,6.66,6.68,6.682793468667255
20230811093021110,6.66,6.68,6.682793468667255
20230811093021550,6.66,6.68,6.682793468667255
20230811093021600,6.66,6.68,6.682793468667255
20230811093021890,6.66,6.68,6.682773882559158
20230811093023600,6.66,6.68,6.682773882559158
20230811093023820,6.66,6.74,6.682773882559158
20230811093023920,6.66,6.7,6.682773882559158
20230811093023940,6.66,6.7,6.682773882559158
20230811093024000,6.66,6.68,6.682773882559158
20230811093024210,6.66,6.68,6.682773882559158
20230811093024220,6.66,6.68,6.682773882559158
20230811093024270,6.66,6.68,6.682773882559158
20230811093024310,6.66,6.68,6.682773882559158
20230811093024370,6.66,6.68,6.682773882559158
20230811093026280,6.66,6.7,6.682773882559158
20230811093026380,6.67,6.68,6.682773882559158
20230811093026410,6.67,6.68,6.682773882559158
20230811093026550,6.67,6.7,6.682773882559158
20230811093026650,6.67,6.7,6.682773882559158
20230811093026670,6.67,6.7,6.682773882559158
20230811093026920,6.67,6.7,6.682773882559158
20230811093027440,6.67,6.7,6.682773882559158
20230811093031770,6.67,6.7,6.682773882559158
20230811093032090,6.67,6.7,6.682773882559158
20230811093032210,6.67,6.68,6.682773882559158
20230811093032260,6.67,6.68,6.682773882559158
20230811093032340,6.67,6.7,6.682773882559158
20230811093032580,6.67,6.7,6.682773882559158
20230811093032610,6.67,6.68,6.682773882559158
20230811093032730,6.67,6.68,6.682773882559158
20230811093034310,6.67,6.71,6.682773882559158
20230811093034410,6.67,6.71,6.682773882559158
20230811093034440,6.67,6.71,6.682773882559158
20230811093034610,6.67,6.71,6.683653603034134
20230811093034710,6.67,6.71,6.683653603034134
20230811093034830,6.67,6.71,6.683653603034134
20230811093034900,6.67,6.71,6.683653603034134
20230811093035230,6.67,6.71,6.683653603034134
20230811093035400,6.67,6.71,6.683653603034134
20230811093037020,6.67,6.68,6.683653603034134
20230811093037030,6.67,6.68,6.683653603034134
20230811093037080,6.67,6.68,6.683653603034134
20230811093037170,6.67,6.68,6.683653603034134
20230811093037250,6.67,6.68,6.683653603034134
20230811093038030,6.67,6.68,6.683653603034134
20230811093039730,6.67,6.68,6.683653603034134
20230811093040080,6.67,6.68,6.683653603034134
20230811093040090,6.67,6.68,6.683653603034134
20230811093040120,6.67,6.68,6.684540734824282
20230811093040320,6.67,6.68,6.684540734824282
20230811093040760,6.67,6.68,6.684540734824282
20230811093042440,6.67,6.68,6.684540734824282
20230811093042970,6.67,6.7,6.684540734824282
20230811093043010,6.67,6.7,6.684540734824282
20230811093043030,6.67,6.7,6.684540734824282
20230811093043090,6.67,6.7,6.684540734824282
20230811093043130,6.67,6.7,6.684540734824282
20230811093043160,6.67,6.68,6.684540734824282
20230811093043250,6.67,6.68,6.684540734824282
20230811093043290,6.67,6.68,6.684540734824282
20230811093043430,6.67,6.69,6.684540734824282
20230811093045600,6.67,6.69,6.684920140241527
20230811093045610,6.67,6.69,6.684920140241527
20230811093045690,6.67,6.69,6.684920140241527
20230811093046070,6.67,6.69,6.684920140241527
20230811093046080,6.67,6.69,6.684920140241527
20230811093046110,6.67,6.69,6.684920140241527
20230811093046140,6.67,6.69,6.685094339622641
20230811093046200,6.67,6.69,6.685094339622641
20230811093046210,6.67,6.68,6.685094339622641
20230811093046220,6.67,6.68,6.685094339622641
20230811093046240,6.67,6.68,6.685094339622641
20230811093046250,6.67,6.68,6.685094339622641
20230811093047910,6.67,6.68,6.685094339622641
20230811093048120,6.67,6.68,6.685094339622641
20230811093048130,6.67,6.68,6.685094339622641
20230811093048380,6.67,6.68,6.685094339622641
20230811093048430,6.67,6.68,6.685094339622641
20230811093048450,6.67,6.68,6.685094339622641
20230811093050620,6.67,6.68,6.685094339622641
20230811093050630,6.67,6.68,6.685094339622641
20230811093050780,6.67,6.68,6.685101493680582
20230811093050870,6.67,6.68,6.685101493680582
20230811093051160,6.67,6.68,6.685101493680582
20230811093051180,6.67,6.68,6.685101493680582
20230811093053340,6.67,6.68,6.685101493680582
20230811093053350,6.67,6.68,6.685101493680582
20230811093053400,6.67,6.68,6.685101493680582
20230811093053440,6.67,6.68,6.685101493680582
20230811093053740,6.67,6.68,6.685101493680582
20230811093053900,6.67,6.68,6.685101493680582
20230811093056150,6.67,6.68,6.685101493680582
20230811093056400,6.67,6.68,6.685101493680582
20230811093056470,6.67,6.68,6.685101493680582
20230811093056580,6.67,6.68,6.685101493680582
20230811093056690,6.67,6.68,6.685101493680582
20230811093056900,6.67,6.68,6.685101493680582
20230811093057090,6.67,6.68,6.685101493680582
20230811093057150,6.67,6.68,6.685101493680582
20230811093059500,6.67,6.68,6.685101493680582
20230811093101580,6.67,6.68,6.685101493680582
20230811093101750,6.67,6.68,6.685101493680582
20230811093101840,6.67,6.68,6.685101493680582
20230811093102130,6.67,6.68,6.685101493680582
20230811093102390,6.67,6.68,6.685101493680582
20230811093102440,6.67,6.69,6.685101493680582
20230811093102500,6.67,6.69,6.685101493680582
20230811093102510,6.67,6.69,6.685101493680582
20230811093104020,6.67,6.69,6.685101493680582
20230811093104070,6.67,6.7,6.6853674002237975
20230811093104080,6.67,6.7,6.6853674002237975
20230811093104110,6.67,6.7,6.6853674002237975
20230811093104190,6.67,6.7,6.6853674002237975
20230811093104210,6.67,6.7,6.6853674002237975
20230811093104640,6.67,6.7,6.6853674002237975
20230811093104900,6.67,6.7,6.6853674002237975
20230811093106820,6.67,6.71,6.6853674002237975
20230811093107070,6.67,6.71,6.6853674002237975
20230811093107090,6.67,6.71,6.6853674002237975
20230811093107110,6.67,6.71,6.6853674002237975
20230811093107350,6.67,6.71,6.6853674002237975
20230811093107630,6.67,6.71,6.6853674002237975
20230811093107700,6.67,6.71,6.6853674002237975
20230811093107760,6.67,6.71,6.6853674002237975
20230811093107810,6.67,6.71,6.6853674002237975
20230811093109760,6.67,6.71,6.6853674002237975
20230811093110080,6.67,6.71,6.6853674002237975
20230811093110090,6.67,6.71,6.6853674002237975
20230811093112490,6.68,6.71,6.685594456601021
20230811093112590,6.68,6.71,6.685594456601021
20230811093112610,6.68,6.71,6.685594456601021
20230811093112760,6.68,6.71,6.685594456601021
20230811093112770,6.68,6.71,6.685594456601021
20230811093112890,6.68,6.71,6.685594456601021
20230811093113010,6.68,6.71,6.685594456601021
20230811093113060,6.68,6.71,6.685672832789264
20230811093113090,6.68,6.71,6.685672832789264
20230811093113120,6.68,6.71,6.68574688057041
20230811093113160,6.68,6.71,6.685752936988252
20230811093113190,6.68,6.71,6.685752936988252
20230811093113210,6.68,6.68,6.685894700619408
20230811093113220,6.68,6.68,6.685894700619408
20230811093113230,6.68,6.69,6.686444113263786
20230811093113250,6.68,6.69,6.686622310305776
20230811093113340,6.68,6.69,6.686622310305776
20230811093115190,6.68,6.69,6.686622310305776
20230811093115200,6.68,6.69,6.686622310305776
20230811093115210,6.68,6.69,6.686622310305776
20230811093115270,6.68,6.69,6.686622310305776
20230811093115320,6.68,6.69,6.686622310305776
20230811093115420,6.68,6.69,6.686622310305776
20230811093115590,6.68,6.69,6.686622310305776
20230811093115640,6.68,6.69,6.686622310305776
20230811093115670,6.68,6.69,6.686622310305776
20230811093116050,6.68,6.69,6.686622310305776
20230811093117540,6.68,6.69,6.686622310305776
20230811093117710,6.68,6.69,6.686622310305776
20230811093117730,6.68,6.69,6.686622310305776
20230811093117770,6.68,6.69,6.686622310305776
20230811093118690,6.68,6.69,6.686622310305776
20230811093120330,6.68,6.69,6.686622310305776
20230811093121030,6.68,6.69,6.686622310305776
20230811093121060,6.68,6.69,6.686622310305776
20230811093121150,6.68,6.69,6.686622310305776
20230811093123440,6.68,6.69,6.686622310305776
20230811093123580,6.68,6.69,6.686622310305776
20230811093123590,6.68,6.69,6.686622310305776
20230811093123660,6.68,6.69,6.686622310305776
20230811093123840,6.68,6.69,6.686622310305776
20230811093124070,6.68,6.69,6.686622310305776
20230811093124140,6.68,6.68,6.686814462918976
20230811093125620,6.68,6.68,6.686814462918976
20230811093125640,6.68,6.69,6.686814462918976
20230811093125660,6.68,6.69,6.6870015495867765
20230811093125800,6.68,6.7,6.6870015495867765
20230811093125900,6.68,6.7,6.6870015495867765
20230811093125910,6.68,6.7,6.6870015495867765
20230811093126370,6.68,6.7,6.6870015495867765
20230811093126460,6.68,6.7,6.687011612903226
20230811093126470,6.68,6.7,6.687212906504065
20230811093126480,6.68,6.69,6.6874175
20230811093126490,6.68,6.69,6.6874175
20230811093126520,6.68,6.69,6.6874175
20230811093126610,6.68,6.69,6.6874175
20230811093126670,6.68,6.7,6.6874175
20230811093126680,6.68,6.69,6.687476984324459
20230811093126690,6.68,6.69,6.687476984324459
20230811093126700,6.68,6.69,6.687500619885941
20230811093126720,6.68,6.69,6.687500619885941
20230811093128430,6.68,6.69,6.687500619885941
20230811093128470,6.68,6.69,6.687500619885941
20230811093128610,6.68,6.69,6.687500619885941
20230811093128960,6.68,6.7,6.687500619885941
20230811093129300,6.68,6.7,6.687500619885941
20230811093131060,6.68,6.7,6.687500619885941
20230811093131090,6.68,6.7,6.6876324828263005
20230811093131150,6.68,6.7,6.6876324828263005
20230811093131260,6.68,6.7,6.6876324828263005
20230811093131270,6.68,6.7,6.6876324828263005
20230811093131540,6.68,6.7,6.687798879961042
20230811093131930,6.68,6.7,6.687798879961042
20230811093132100,6.68,6.7,6.687798879961042
20230811093132130,6.68,6.7,6.687798879961042
20230811093133830,6.68,6.7,6.687798879961042
20230811093134070,6.68,6.7,6.687798879961042
20230811093134160,6.68,6.7,6.687798879961042
20230811093134180,6.68,6.7,6.687798879961042
20230811093134230,6.68,6.7,6.687798879961042
20230811093134280,6.68,6.7,6.687798879961042
20230811093134450,6.68,6.7,6.687865603094029
20230811093134590,6.68,6.7,6.687865603094029
20230811093134680,6.68,6.7,6.687865603094029
20230811093136760,6.68,6.7,6.687865603094029
20230811093136830,6.68,6.7,6.687865603094029
20230811093137100,6.68,6.7,6.687865603094029
20230811093137120,6.68,6.7,6.687865603094029
20230811093137200,6.68,6.7,6.687865603094029
20230811093137550,6.68,6.7,6.687865603094029
20230811093139580,6.68,6.7,6.687865603094029
20230811093139620,6.68,6.7,6.687865603094029
20230811093140080,6.68,6.7,6.687865603094029
20230811093140130,6.68,6.7,6.6879413884218115
20230811093140220,6.68,6.7,6.6879413884218115
20230811093140230,6.68,6.7,6.6879413884218115
20230811093140260,6.68,6.7,6.687947178871549
20230811093140290,6.68,6.7,6.687970285166547
20230811093140300,6.68,6.7,6.687976047904192
20230811093140330,6.68,6.7,6.687978927203065
20230811093142140,6.68,6.7,6.687978927203065
20230811093145440,6.68,6.7,6.687978927203065
20230811093145510,6.68,6.7,6.687978927203065
20230811093145650,6.68,6.7,6.687978927203065
20230811093147200,6.68,6.7,6.687978927203065
20230811093147440,6.68,6.7,6.687978927203065
20230811093147550,6.68,6.7,6.687978927203065
20230811093147710,6.7,6.7,6.688311990686845
20230811093147930,6.7,6.7,6.688376939106274
20230811093147940,6.7,6.7,6.688376939106274
20230811093149940,6.7,6.7,6.688376939106274
20230811093149950,6.7,6.7,6.688376939106274
20230811093150250,6.7,6.7,6.688376939106274
20230811093151150,6.7,6.7,6.688376939106274
20230811093153060,6.7,6.7,6.688376939106274
20230811093153390,6.7,6.7,6.688376939106274
20230811093155700,6.7,6.7,6.688376939106274
20230811093155780,6.7,6.7,6.688376939106274
20230811093155890,6.7,6.7,6.688376939106274
20230811093155900,6.7,6.7,6.688376939106274
20230811093155950,6.7,6.7,6.688376939106274
20230811093156050,6.7,6.7,6.688376939106274
20230811093156150,6.7,6.7,6.688376939106274
20230811093156430,6.7,6.7,6.688376939106274
20230811093158090,6.7,6.7,6.688772964391019
20230811093158100,6.7,6.7,6.688778054862843
20230811093158180,6.67,6.7,6.688823662226236
20230811093158240,6.67,6.7,6.688823662226236
20230811093158250,6.67,6.7,6.688823662226236
20230811093158290,6.67,6.7,6.688823662226236
20230811093158630,6.7,6.7,6.68888515029161
20230811093158710,6.7,6.7,6.68888515029161
20230811093159040,6.7,6.7,6.68888515029161
20230811093159230,6.7,6.7,6.68888515029161
20230811093200780,6.7,6.7,6.68888515029161
20230811093201180,6.7,6.7,6.68888515029161
20230811093201190,6.7,6.7,6.68888515029161
20230811093201230,6.7,6.7,6.68888515029161
20230811093201260,6.7,6.7,6.68888515029161
20230811093201280,6.7,6.7,6.68888515029161
20230811093201480,6.7,6.7,6.68888515029161
20230811093201600,6.7,6.7,6.68888515029161
20230811093201890,6.7,6.7,6.68888515029161
20230811093203450,6.7,6.7,6.68888515029161
20230811093203690,6.7,6.7,6.68888515029161
20230811093203800,6.7,6.7,6.68888515029161
20230811093206140,6.7,6.7,6.68888515029161
20230811093206160,6.7,6.7,6.68888515029161
20230811093206660,6.7,6.7,6.68888515029161
20230811093209700,6.7,6.7,6.68888515029161
20230811093209710,6.7,6.7,6.68888515029161
20230811093211940,6.7,6.7,6.689207746478873
20230811093212030,6.7,6.7,6.689207746478873
20230811093212250,6.7,6.7,6.689207746478873
20230811093212560,6.7,6.7,6.689249506254114
20230811093212640,6.7,6.7,6.689267704450779
20230811093214390,6.7,6.7,6.689267704450779
20230811093214430,6.7,6.7,6.689267704450779
20230811093214470,6.7,6.7,6.689267704450779
20230811093214880,6.7,6.7,6.689267704450779
20230811093214890,6.7,6.7,6.689267704450779
20230811093216900,6.7,6.7,6.689267704450779
20230811093217180,6.7,6.7,6.689267704450779
20230811093217960,6.7,6.7,6.689267704450779
20230811093217980,6.7,6.7,6.689267704450779
20230811093219920,6.7,6.7,6.68948402417962
20230811093220000,6.7,6.7,6.68948402417962
20230811093220100,6.7,6.7,6.68948402417962
20230811093220520,6.7,6.7,6.68948402417962
20230811093220530,6.7,6.7,6.68948402417962
20230811093220560,6.7,6.7,6.68948402417962
20230811093220570,6.7,6.7,6.68948402417962
20230811093220660,6.7,6.7,6.68948402417962
20230811093220710,6.7,6.7,6.68948402417962
20230811093220730,6.7,6.7,6.68948402417962
20230811093222850,6.7,6.7,6.68948402417962
20230811093222970,6.7,6.7,6.68948402417962
20230811093223130,6.7,6.7,6.68948402417962
20230811093225040,6.7,6.7,6.68948402417962
20230811093225890,6.7,6.7,6.68948402417962
20230811093226160,6.7,6.7,6.68948402417962
20230811093226240,6.7,6.7,6.68948402417962
20230811093227840,6.7,6.7,6.68948402417962
20230811093228190,6.7,6.7,6.68948402417962
20230811093228420,6.7,6.7,6.68948402417962
20230811093228730,6.7,6.7,6.68948402417962
20230811093230410,6.7,6.7,6.68948402417962
20230811093230460,6.7,6.7,6.68948402417962
20230811093230490,6.7,6.7,6.68948402417962
20230811093230560,6.7,6.7,6.68948402417962
20230811093231060,6.7,6.7,6.68948402417962
20230811093231100,6.7,6.7,6.68948402417962
20230811093231140,6.7,6.7,6.68948402417962
20230811093231170,6.7,6.7,6.68948402417962
20230811093231440,6.7,6.7,6.68948402417962
20230811093231630,6.7,6.7,6.68948402417962
20230811093233700,6.7,6.7,6.68948402417962
20230811093234130,6.7,6.7,6.68948402417962
20230811093235940,6.7,6.7,6.68948402417962
20230811093236830,6.7,6.7,6.68948402417962
20230811093236930,6.7,6.7,6.68948402417962
20230811093236960,6.7,6.7,6.68948402417962
20230811093242000,6.7,6.7,6.68948402417962
20230811093242030,6.7,6.7,6.68948402417962
20230811093242360,6.7,6.7,6.68948402417962
20230811093243950,6.7,6.7,6.68948402417962
20230811093244230,6.7,6.7,6.68948402417962
20230811093245010,6.7,6.7,6.68948402417962
20230811093245100,6.7,6.7,6.68948402417962
20230811093246760,6.7,6.7,6.68948402417962
20230811093247320,6.7,6.7,6.68948402417962
20230811093247530,6.7,6.7,6.68948402417962
20230811093249670,6.7,6.7,6.68948402417962
20230811093250150,6.7,6.7,6.68948402417962
20230811093250470,6.7,6.7,6.68948402417962
20230811093250510,6.7,6.7,6.68948402417962
20230811093252130,6.7,6.7,6.68948402417962
20230811093252210,6.7,6.7,6.68948402417962
20230811093252360,6.7,6.7,6.68948402417962
20230811093252470,6.7,6.7,6.68948402417962
20230811093252960,6.7,6.7,6.68948402417962
20230811093254860,6.7,6.7,6.68948402417962
20230811093255240,6.7,6.7,6.68948402417962
20230811093257930,6.7,6.7,6.68948402417962
20230811093258020,6.7,6.7,6.68948402417962
20230811093258090,6.7,6.7,6.68948402417962
20230811093300250,6.7,6.7,6.68948402417962
20230811093300310,6.7,6.7,6.68948402417962
20230811093300570,6.7,6.7,6.68948402417962
20230811093301080,6.7,6.7,6.68948402417962
20230811093301090,6.7,6.7,6.68948402417962
20230811093301250,6.7,6.7,6.68948402417962
20230811093302940,6.7,6.7,6.68948402417962
20230811093303330,6.7,6.7,6.68948402417962
20230811093305890,6.7,6.7,6.68948402417962
20230811093306430,6.7,6.7,6.68948402417962
20230811093306560,6.7,6.7,6.68948402417962
20230811093306740,6.7,6.7,6.68948402417962
20230811093308420,6.7,6.7,6.68948402417962
20230811093308690,6.7,6.7,6.68948402417962
20230811093309030,6.7,6.7,6.68948402417962
20230811093309300,6.7,6.7,6.68948402417962
20230811093311230,6.7,6.7,6.68948402417962
20230811093311580,6.7,6.7,6.68948402417962
20230811093313710,6.7,6.7,6.68948402417962
20230811093314590,6.7,6.7,6.68948402417962
20230811093314700,6.7,6.7,6.68948402417962
20230811093319090,6.7,6.7,6.68948402417962
20230811093319210,6.7,6.7,6.68948402417962
20230811093322470,6.7,6.7,6.68948402417962
20230811093322830,6.7,6.7,6.689941471571906
20230811093324470,6.7,6.7,6.689941471571906
20230811093324740,6.7,6.7,6.689941471571906
20230811093324820,6.7,6.7,6.689941471571906
20230811093324860,6.7,6.7,6.689941471571906
20230811093324960,6.7,6.7,6.689951973272082
20230811093328050,6.7,6.7,6.689951973272082
20230811093328220,6.7,6.7,6.68995407098121
20230811093329900,6.7,6.7,6.68995407098121
20230811093329940,6.7,6.7,6.68995407098121
20230811093330440,6.7,6.7,6.689956167814652
20230811093330670,6.7,6.7,6.689956167814652
20230811093330980,6.7,6.7,6.689956167814652
20230811093332550,6.7,6.7,6.689956167814652
20230811093332750,6.7,6.7,6.689956167814652
20230811093333270,6.7,6.7,6.689956167814652
20230811093333750,6.7,6.7,6.689956167814652
20230811093335200,6.7,6.7,6.68997082117549
20230811093335340,6.7,6.7,6.68997291102313
20230811093335420,6.7,6.7,6.68997291102313
20230811093335500,6.7,6.7,6.68997291102313
20230811093335510,6.7,6.7,6.6899916805324455
20230811093335560,6.7,6.7,6.6899916805324455
20230811093335610,6.7,6.7,6.6899916805324455
20230811093335690,6.7,6.7,6.6899916805324455
20230811093336010,6.7,6.7,6.690018668326074
20230811093336030,6.7,6.7,6.690018668326074
20230811093336220,6.7,6.7,6.690018668326074
20230811093338130,6.7,6.7,6.690018668326074
20230811093338140,6.7,6.7,6.690018668326074
20230811093339050,6.7,6.7,6.690018668326074
20230811093339100,6.7,6.7,6.690018668326074
20230811093339130,6.7,6.7,6.690018668326074
20230811093339150,6.7,6.7,6.690018668326074
20230811093340860,6.7,6.7,6.690018668326074
20230811093340970,6.7,6.7,6.690018668326074
20230811093341010,6.7,6.7,6.690018668326074
20230811093341220,6.7,6.7,6.690018668326074
20230811093341270,6.7,6.7,6.690018668326074
20230811093341650,6.7,6.7,6.690018668326074
20230811093343300,6.7,6.7,6.690018668326074
20230811093343350,6.7,6.7,6.690018668326074
20230811093343380,6.7,6.7,6.690113005958496
20230811093346080,6.7,6.7,6.690113005958496
20230811093346120,6.7,6.7,6.690113005958496
20230811093346150,6.7,6.7,6.690113005958496
20230811093346180,6.7,6.7,6.690113005958496
20230811093346190,6.7,6.7,6.690113005958496
20230811093347150,6.7,6.7,6.690113005958496
20230811093348760,6.7,6.7,6.690113005958496
20230811093349280,6.7,6.7,6.690113005958496
20230811093349650,6.7,6.7,6.690113005958496
20230811093351460,6.7,6.7,6.690113005958496
20230811093351800,6.7,6.7,6.690113005958496
20230811093352250,6.7,6.7,6.690113005958496
20230811093352570,6.7,6.7,6.690113005958496
20230811093355080,6.7,6.7,6.690113005958496
20230811093357000,6.7,6.7,6.690113005958496
20230811093357940,6.7,6.7,6.690113005958496
20230811093400190,6.7,6.7,6.690113005958496
20230811093400270,6.7,6.7,6.690113005958496
20230811093400330,6.7,6.7,6.690113005958496
20230811093400480,6.7,6.7,6.690113005958496
20230811093400730,6.7,6.7,6.690113005958496
20230811093402330,6.7,6.7,6.690113005958496
20230811093402650,6.7,6.7,6.690113005958496
20230811093402950,6.7,6.7,6.690113005958496
20230811093403060,6.7,6.7,6.690113005958496
20230811093403150,6.7,6.7,6.690113005958496
20230811093405900,6.7,6.7,6.690113005958496
20230811093405950,6.7,6.7,6.690113005958496
20230811093405970,6.7,6.7,6.690113005958496
20230811093406030,6.7,6.7,6.690113005958496
20230811093406040,6.7,6.7,6.690113005958496
20230811093407700,6.7,6.7,6.690113005958496
20230811093407960,6.7,6.7,6.690113005958496
20230811093408040,6.7,6.7,6.690113005958496
20230811093408250,6.7,6.7,6.690184734064149
20230811093408480,6.7,6.7,6.690184734064149
20230811093408840,6.7,6.7,6.690184734064149
20230811093410410,6.7,6.7,6.690184734064149
20230811093410900,6.7,6.7,6.690184734064149
20230811093413970,6.7,6.7,6.690184734064149
20230811093416060,6.7,6.7,6.690184734064149
20230811093416120,6.7,6.7,6.690184734064149
20230811093416220,6.7,6.7,6.690184734064149
20230811093416370,6.7,6.7,6.690184734064149
20230811093416380,6.7,6.7,6.690184734064149
20230811093416430,6.7,6.7,6.690184734064149
20230811093416670,6.7,6.7,6.690184734064149
20230811093418920,6.7,6.7,6.690184734064149
20230811093418940,6.7,6.7,6.690184734064149
20230811093419090,6.7,6.7,6.690184734064149
20230811093419110,6.7,6.7,6.690184734064149
20230811093419140,6.7,6.7,6.690184734064149
20230811093421370,6.7,6.7,6.690184734064149
20230811093421450,6.7,6.7,6.690184734064149
20230811093421620,6.7,6.7,6.690184734064149
20230811093422070,6.7,6.7,6.690184734064149
20230811093424000,6.7,6.7,6.690184734064149
20230811093424010,6.7,6.7,6.690184734064149
20230811093424020,6.7,6.7,6.690184734064149
20230811093424090,6.7,6.7,6.690184734064149
20230811093424100,6.7,6.7,6.690184734064149
20230811093424170,6.7,6.7,6.690184734064149
20230811093424430,6.7,6.7,6.690184734064149
20230811093424780,6.7,6.7,6.690184734064149
20230811093424960,6.7,6.7,6.690184734064149
20230811093424980,6.7,6.7,6.690184734064149
20230811093427010,6.7,6.7,6.690184734064149
20230811093427680,6.7,6.7,6.690184734064149
20230811093429250,6.69,6.7,6.690184734064149
20230811093429510,6.69,6.7,6.690184734064149
20230811093429860,6.69,6.7,6.690184734064149
20230811093430170,6.69,6.7,6.690184734064149
20230811093432920,6.69,6.7,6.690184734064149
20230811093434860,6.69,6.7,6.690184734064149
20230811093435320,6.69,6.7,6.690184734064149
20230811093435450,6.69,6.7,6.690184734064149
20230811093437320,6.69,6.7,6.690184734064149
20230811093437390,6.69,6.7,6.690184734064149
20230811093438000,6.69,6.7,6.690183121019108
20230811093438150,6.69,6.7,6.690183121019108
20230811093438460,6.7,6.7,6.690183121019108
20230811093438470,6.7,6.7,6.690183121019108
20230811093440380,6.69,6.7,6.690183121019108
20230811093440480,6.69,6.7,6.690032723772859
20230811093440500,6.69,6.7,6.690032723772859
20230811093440520,6.69,6.7,6.690032723772859
20230811093440530,6.69,6.7,6.690028862805464
20230811093441140,6.69,6.7,6.690028862805464
20230811093443030,6.69,6.7,6.690028862805464
20230811093443100,6.69,6.7,6.690028862805464
20230811093443130,6.69,6.7,6.690028862805464
20230811093443760,6.69,6.7,6.690028862805464
20230811093443810,6.69,6.7,6.690028862805464
20230811093446100,6.69,6.7,6.690028862805464
20230811093446620,6.69,6.7,6.690028862805464
20230811093448150,6.69,6.7,6.690028862805464
20230811093449080,6.69,6.7,6.690028862805464
20230811093451380,6.69,6.7,6.690028862805464
20230811093451450,6.69,6.7,6.690028862805464
20230811093453560,6.69,6.7,6.690028862805464
20230811093454370,6.69,6.7,6.690028862805464
20230811093457220,6.69,6.7,6.690028862805464
20230811093457260,6.69,6.7,6.690028862805464
20230811093457420,6.69,6.7,6.690028862805464
20230811093459270,6.69,6.7,6.690028862805464
20230811093459440,6.69,6.7,6.690028862805464
20230811093459880,6.69,6.7,6.690028862805464
20230811093502420,6.69,6.7,6.690028862805464
20230811093502570,6.69,6.7,6.690028862805464
20230811093502580,6.69,6.7,6.690028862805464
20230811093502610,6.69,6.7,6.690028862805464
20230811093504910,6.69,6.7,6.690028862805464
20230811093507080,6.69,6.7,6.690028862805464
20230811093507090,6.69,6.7,6.690028862805464
20230811093507120,6.69,6.7,6.690028862805464
20230811093507230,6.69,6.7,6.690028862805464
20230811093507260,6.69,6.7,6.690028862805464
20230811093507570,6.69,6.7,6.690028862805464
20230811093507640,6.69,6.7,6.690028862805464
20230811093507670,6.69,6.7,6.690028862805464
20230811093507960,6.69,6.7,6.690028862805464
20230811093507970,6.7,6.7,6.690028862805464
20230811093509910,6.7,6.7,6.690028862805464
20230811093510120,6.7,6.7,6.690028862805464
20230811093510250,6.7,6.7,6.690028862805464
20230811093512710,6.69,6.7,6.690028862805464
20230811093512920,6.69,6.7,6.690028862805464
20230811093513530,6.7,6.7,6.689988847583643
20230811093515150,6.69,6.7,6.689988847583643
20230811093515980,6.69,6.7,6.689988847583643
20230811093516110,6.69,6.7,6.689988847583643
20230811093516170,6.69,6.7,6.689988923758538
20230811093516180,6.69,6.7,6.689988923758538
20230811093518810,6.69,6.7,6.689988923758538
20230811093520480,6.69,6.7,6.689988925802879
20230811093520680,6.69,6.7,6.689988931931378
20230811093520730,6.69,6.7,6.689988936013277
20230811093520750,6.69,6.7,6.689988938053097
20230811093520770,6.69,6.7,6.689988938053097
20230811093520790,6.69,6.7,6.689988938053097
20230811093520830,6.69,6.7,6.689988938053097
20230811093520930,6.69,6.7,6.689988938053097
20230811093520950,6.69,6.7,6.689988938053097
20230811093520980,6.69,6.7,6.689988938053097
20230811093520990,6.69,6.7,6.689988938053097
20230811093521030,6.69,6.7,6.689988980716254
20230811093521100,6.69,6.7,6.689988980716254
20230811093521130,6.69,6.7,6.689988980716254
20230811093521170,6.69,6.7,6.689988982739625
20230811093521200,6.69,6.7,6.6899889847622545
20230811093521220,6.69,6.7,6.689988986784141
20230811093521240,6.69,6.7,6.689988990825688
20230811093521250,6.69,6.7,6.68998899486427
20230811093521330,6.69,6.7,6.68998899486427
20230811093521500,6.69,6.7,6.68998899688245
20230811093521600,6.69,6.7,6.68998899688245
20230811093521700,6.69,6.7,6.6899890049477735
20230811093521710,6.69,6.7,6.689989008976003
20230811093521740,6.7,6.7,6.689998170843241
20230811093523190,6.7,6.7,6.689998170843241
20230811093523270,6.7,6.7,6.689998170843241
20230811093523420,6.7,6.7,6.689998170843241
20230811093523460,6.69,6.7,6.689998170843241
20230811093523690,6.69,6.7,6.689998170843241
20230811093524040,6.69,6.7,6.689998170843241
20230811093524120,6.7,6.7,6.689998170843241
20230811093524170,6.7,6.7,6.689998170843241
20230811093524230,6.69,6.7,6.689998170843241
20230811093526180,6.69,6.7,6.689998170843241
20230811093526300,6.69,6.7,6.689998170843241
20230811093526350,6.69,6.7,6.69
20230811093526430,6.69,6.7,6.69
20230811093526660,6.69,6.7,6.69
20230811093526740,6.69,6.7,6.69
20230811093526800,6.7,6.7,6.69
20230811093526940,6.7,6.7,6.69
20230811093526980,6.7,6.7,6.69
20230811093527000,6.7,6.7,6.69
20230811093527040,6.7,6.7,6.69
20230811093527080,6.7,6.7,6.69
20230811093527090,6.7,6.7,6.69
20230811093527100,6.7,6.7,6.6900018096272165
20230811093528570,6.7,6.7,6.6900018096272165
20230811093528640,6.7,6.7,6.6900018096272165
20230811093528740,6.69,6.7,6.6900018096272165
20230811093528840,6.69,6.7,6.6900018096272165
20230811093529040,6.69,6.7,6.6900018096272165
20230811093529380,6.69,6.7,6.6900018096272165
20230811093529760,6.69,6.7,6.6900018096272165
20230811093531750,6.69,6.7,6.6900018096272165
20230811093532320,6.69,6.7,6.6900018096272165
20230811093533980,6.69,6.7,6.6900018096272165
20230811093534520,6.7,6.7,6.6900018096272165
20230811093534790,6.7,6.7,6.6900018096272165
20230811093536700,6.7,6.7,6.6900018096272165
20230811093536890,6.69,6.7,6.6900018096272165
20230811093537260,6.69,6.7,6.6900018096272165
20230811093537470,6.69,6.7,6.6900018096272165
20230811093539860,6.69,6.7,6.6900018096272165
20230811093540190,6.69,6.7,6.6899622573688
20230811093540280,6.69,6.7,6.6899622573688
20230811093542390,6.69,6.7,6.6899622573688
20230811093542400,6.69,6.7,6.6899622573688
20230811093542520,6.69,6.7,6.6899622573688
20230811093545010,6.7,6.7,6.6899359544565025
20230811093545540,6.69,6.7,6.6899359544565025
20230811093545610,6.69,6.7,6.6899359544565025
20230811093545800,6.69,6.7,6.6899359544565025
20230811093547590,6.69,6.7,6.6899359544565025
20230811093547690,6.69,6.7,6.6899359544565025
20230811093547740,6.69,6.7,6.6899359544565025
20230811093547810,6.69,6.7,6.6899359544565025
20230811093548030,6.69,6.7,6.6899359544565025
20230811093548300,6.69,6.7,6.6899359544565025
20230811093548450,6.69,6.7,6.6899359544565025
20230811093548520,6.69,6.7,6.6899359544565025
20230811093548720,6.69,6.7,6.689936068193926
20230811093550840,6.69,6.7,6.689936079545454
20230811093552920,6.69,6.7,6.689936079545454
20230811093552930,6.69,6.7,6.689936079545454
20230811093552940,6.69,6.7,6.689936079545454
20230811093553020,6.69,6.7,6.689936079545454
20230811093553190,6.69,6.7,6.689936079545454
20230811093553600,6.69,6.7,6.689936090892952
20230811093553690,6.69,6.7,6.6899361135758655
20230811093555950,6.69,6.7,6.6899361135758655
20230811093556300,6.69,6.7,6.689936136242682
20230811093558300,6.69,6.7,6.689936136242682
20230811093558310,6.69,6.7,6.689936136242682
20230811093558320,6.69,6.7,6.689936136242682
20230811093558370,6.69,6.7,6.689936136242682
20230811093558430,6.69,6.7,6.689936136242682
20230811093558990,6.69,6.7,6.689932707632371
20230811093559340,6.69,6.7,6.689932707632371
20230811093559350,6.69,6.7,6.689932707632371
20230811093601010,6.69,6.7,6.689932707632371
20230811093601020,6.69,6.7,6.689932707632371
20230811093601080,6.69,6.7,6.689932707632371
20230811093601090,6.69,6.7,6.689932707632371
20230811093601180,6.69,6.7,6.689932707632371
20230811093601530,6.69,6.7,6.689932707632371
20230811093601990,6.69,6.7,6.689932707632371
20230811093603760,6.69,6.7,6.689932707632371
20230811093603810,6.69,6.7,6.689932707632371
20230811093603950,6.69,6.7,6.689932707632371
20230811093603960,6.69,6.7,6.689932707632371
20230811093604500,6.69,6.7,6.689932707632371
20230811093604540,6.69,6.7,6.689932707632371
20230811093604650,6.69,6.7,6.689932707632371
20230811093604670,6.69,6.7,6.689932707632371
20230811093604750,6.69,6.7,6.689932707632371
20230811093604770,6.69,6.7,6.689932707632371
20230811093606460,6.69,6.7,6.689932707632371
20230811093606700,6.69,6.7,6.689932707632371
20230811093606950,6.69,6.7,6.689932707632371
20230811093609430,6.69,6.7,6.689932707632371
20230811093609590,6.69,6.7,6.689932707632371
20230811093609930,6.69,6.7,6.689932707632371
20230811093610220,6.69,6.7,6.689932707632371
20230811093610290,6.69,6.7,6.689932707632371
20230811093610300,6.69,6.7,6.689932707632371
20230811093612080,6.69,6.7,6.689932707632371
20230811093612090,6.69,6.7,6.689932707632371
20230811093612300,6.69,6.7,6.689932707632371
20230811093612460,6.69,6.7,6.689932707632371
20230811093612590,6.69,6.7,6.689932707632371
20230811093612650,6.69,6.7,6.689932707632371
20230811093612870,6.69,6.7,6.689932707632371
20230811093614620,6.69,6.7,6.689932707632371
20230811093614670,6.69,6.7,6.689932707632371
20230811093614900,6.69,6.7,6.689932707632371
20230811093615060,6.69,6.7,6.689932707632371
20230811093615110,6.69,6.7,6.689932707632371
20230811093615160,6.69,6.7,6.689932707632371
20230811093615280,6.69,6.7,6.689932707632371
20230811093617660,6.69,6.7,6.689932707632371
20230811093618160,6.69,6.7,6.689932707632371
20230811093618240,6.69,6.7,6.689932707632371
20230811093618250,6.69,6.7,6.689932707632371
20230811093619880,6.69,6.7,6.689932707632371
20230811093620050,6.69,6.7,6.689932707632371
20230811093620470,6.69,6.7,6.689932707632371
20230811093620490,6.69,6.7,6.689932707632371
20230811093620940,6.69,6.7,6.689932707632371
20230811093622950,6.69,6.7,6.689932707632371
20230811093623130,6.69,6.7,6.689932707632371
20230811093623800,6.69,6.7,6.689932707632371
20230811093625740,6.69,6.7,6.689932707632371
20230811093625750,6.69,6.7,6.689932707632371
20230811093626100,6.69,6.7,6.689932707632371
20230811093628050,6.69,6.7,6.689932707632371
20230811093630710,6.69,6.7,6.689932707632371
20230811093631050,6.69,6.7,6.689932707632371
20230811093631060,6.69,6.7,6.689932707632371
20230811093631080,6.69,6.7,6.689932707632371
20230811093631200,6.69,6.7,6.689932707632371
20230811093631210,6.69,6.7,6.689932707632371
20230811093631260,6.69,6.7,6.689932707632371
20230811093631920,6.69,6.7,6.689932707632371
20230811093633790,6.69,6.7,6.689932707632371
20230811093636340,6.69,6.7,6.689932707632371
20230811093636700,6.69,6.7,6.689932707632371
20230811093639060,6.69,6.7,6.689932707632371
20230811093639170,6.69,6.7,6.689932707632371
20230811093639200,6.69,6.7,6.689932707632371
20230811093639280,6.69,6.7,6.689837979094077
20230811093639530,6.69,6.7,6.689837979094077
20230811093641600,6.69,6.7,6.689837979094077
20230811093641670,6.69,6.7,6.689837979094077
20230811093642460,6.69,6.7,6.689837979094077
20230811093642590,6.69,6.7,6.689837979094077
20230811093644460,6.69,6.7,6.689838288993219
20230811093647010,6.69,6.7,6.689838288993219
20230811093647450,6.69,6.7,6.689838288993219
20230811093647470,6.69,6.7,6.689838288993219
20230811093649840,6.69,6.7,6.689838288993219
20230811093650470,6.69,6.7,6.689838288993219
20230811093654970,6.69,6.7,6.689838288993219
20230811093655430,6.69,6.7,6.689838288993219
20230811093658250,6.69,6.7,6.689838288993219
20230811093658270,6.69,6.7,6.689838288993219
20230811093658340,6.69,6.7,6.689838288993219
20230811093700410,6.69,6.7,6.689838288993219
20230811093700420,6.69,6.7,6.689838288993219
20230811093700450,6.69,6.7,6.689838288993219
20230811093700460,6.69,6.7,6.689838288993219
20230811093700650,6.69,6.7,6.689838288993219
20230811093700920,6.69,6.7,6.689838288993219
20230811093700930,6.69,6.7,6.689838288993219
20230811093700950,6.69,6.7,6.689838288993219
20230811093700990,6.69,6.7,6.689838288993219
20230811093701070,6.69,6.7,6.689838288993219
20230811093701080,6.69,6.7,6.689838288993219
20230811093701090,6.69,6.7,6.689838288993219
20230811093701240,6.69,6.7,6.689838288993219
20230811093701310,6.69,6.7,6.689838288993219
20230811093701330,6.69,6.7,6.689838288993219
20230811093701570,6.69,6.7,6.689838288993219
20230811093703150,6.69,6.7,6.689838288993219
20230811093703160,6.69,6.7,6.689783849213211
20230811093703170,6.69,6.7,6.689783849213211
20230811093703340,6.69,6.7,6.689780466724287
20230811093703800,6.69,6.7,6.689780466724287
20230811093704090,6.69,6.7,6.6897703332757725
20230811093704100,6.69,6.7,6.6897703332757725
20230811093704120,6.69,6.7,6.689766960124288
20230811093704200,6.69,6.7,6.689766960124288
20230811093704230,6.69,6.7,6.689761904761904
20230811093704240,6.69,6.7,6.689761904761904
20230811093704250,6.69,6.7,6.689761904761904
20230811093704300,6.69,6.7,6.689761904761904
20230811093704310,6.69,6.7,6.689761904761904
20230811093706020,6.69,6.7,6.689650409276944
20230811093706030,6.69,6.7,6.689650409276944
20230811093706050,6.69,6.7,6.689650409276944
20230811093706070,6.69,6.7,6.689650409276944
20230811093706220,6.69,6.7,6.689650409276944
20230811093706230,6.69,6.7,6.689650409276944
20230811093706490,6.69,6.7,6.689650409276944
20230811093706500,6.69,6.7,6.689551811288964
20230811093706800,6.69,6.7,6.689551811288964
20230811093707020,6.69,6.7,6.689551811288964
20230811093708470,6.69,6.7,6.689551811288964
20230811093709400,6.69,6.7,6.689551811288964
20230811093709490,6.69,6.7,6.689551811288964
20230811093709520,6.69,6.7,6.689551811288964
20230811093709530,6.69,6.7,6.689551811288964
20230811093709560,6.69,6.7,6.689307174519783
20230811093709570,6.69,6.7,6.689304119481372
20230811093709580,6.69,6.7,6.689304119481372
20230811093709610,6.69,6.7,6.689304119481372
20230811093709630,6.69,6.7,6.689304119481372
20230811093711210,6.69,6.7,6.689304119481372
20230811093711220,6.69,6.7,6.689304119481372
20230811093711230,6.69,6.7,6.689304119481372
20230811093711240,6.69,6.7,6.689304119481372
20230811093711280,6.69,6.7,6.689304119481372
20230811093711400,6.69,6.7,6.689304119481372
20230811093711420,6.69,6.7,6.689304119481372
20230811093711430,6.69,6.7,6.689304119481372
20230811093711460,6.69,6.7,6.68918651758224
20230811093711470,6.69,6.7,6.689183541227928
20230811093711530,6.69,6.7,6.689182053773891
20230811093711660,6.69,6.7,6.689176108773066
20230811093711690,6.69,6.7,6.689176108773066
20230811093711800,6.69,6.7,6.689176108773066
20230811093712070,6.69,6.7,6.689176108773066
20230811093712270,6.69,6.7,6.689152405553762
20230811093714190,6.69,6.7,6.689152405553762
20230811093714310,6.69,6.7,6.689139126229244
20230811093714410,6.69,6.7,6.689139126229244
20230811093714490,6.69,6.7,6.689137653127015
20230811093714680,6.69,6.7,6.689131765463918
20230811093714750,6.69,6.7,6.68901845370665
20230811093715120,6.69,6.7,6.68901845370665
20230811093715130,6.69,6.7,6.68901845370665
20230811093716960,6.69,6.7,6.68901845370665
20230811093716970,6.68,6.7,6.68901845370665
20230811093716980,6.68,6.7,6.68901845370665
20230811093717030,6.68,6.7,6.68901845370665
20230811093717040,6.68,6.7,6.68901845370665
20230811093717260,6.68,6.7,6.68901845370665
20230811093717420,6.68,6.7,6.68901845370665
20230811093717430,6.68,6.7,6.68901845370665
20230811093717510,6.68,6.7,6.68901845370665
20230811093717690,6.68,6.7,6.68901845370665
20230811093717710,6.68,6.7,6.68901845370665
20230811093719420,6.68,6.7,6.68901845370665
20230811093719730,6.68,6.7,6.68901845370665
20230811093719800,6.68,6.7,6.68901845370665
20230811093720070,6.68,6.7,6.68901845370665
20230811093720130,6.68,6.7,6.68901845370665
20230811093720150,6.68,6.7,6.68901845370665
20230811093722050,6.68,6.7,6.68901845370665
20230811093722240,6.68,6.7,6.68901845370665
20230811093722550,6.68,6.7,6.68901845370665
20230811093722570,6.68,6.7,6.68901845370665
20230811093722990,6.68,6.7,6.68901845370665
20230811093725110,6.68,6.7,6.68901845370665
20230811093725430,6.68,6.7,6.68901845370665
20230811093725510,6.68,6.7,6.68901845370665
20230811093725530,6.68,6.7,6.68901845370665
20230811093725790,6.68,6.7,6.68901845370665
20230811093728210,6.68,6.7,6.68901845370665
20230811093728220,6.64,6.7,6.68901845370665
20230811093728240,6.64,6.7,6.68901845370665
20230811093728260,6.64,6.7,6.68901845370665
20230811093728410,6.64,6.7,6.68901845370665
20230811093728470,6.68,6.7,6.68901845370665
20230811093730320,6.68,6.7,6.68901845370665
20230811093730690,6.68,6.7,6.68901845370665
20230811093733160,6.68,6.7,6.68901845370665
20230811093733460,6.68,6.7,6.68901845370665
20230811093733890,6.68,6.7,6.68901845370665
20230811093735460,6.68,6.7,6.68901845370665
20230811093735550,6.68,6.7,6.68901845370665
20230811093735700,6.68,6.7,6.68901845370665
20230811093735760,6.68,6.7,6.68901845370665
20230811093736710,6.68,6.7,6.68901845370665
20230811093738490,6.68,6.7,6.68901845370665
20230811093738500,6.68,6.7,6.68901845370665
20230811093739220,6.68,6.7,6.68901845370665
20230811093741120,6.68,6.7,6.68901845370665
20230811093741150,6.68,6.7,6.68901845370665
20230811093741740,6.68,6.7,6.68901845370665
20230811093741800,6.68,6.7,6.68901845370665
20230811093741820,6.68,6.7,6.68901845370665
20230811093741850,6.68,6.7,6.68901845370665
20230811093741940,6.68,6.7,6.68901845370665
20230811093743990,6.68,6.7,6.68901845370665
20230811093744340,6.68,6.7,6.68901845370665
20230811093746300,6.68,6.7,6.68901845370665
20230811093746580,6.68,6.7,6.68901845370665
20230811093747290,6.68,6.7,6.68901845370665
20230811093747330,6.68,6.7,6.68901845370665
20230811093749080,6.68,6.7,6.68901845370665
20230811093749110,6.68,6.7,6.68901845370665
20230811093749130,6.68,6.7,6.68901845370665
20230811093749230,6.68,6.7,6.68901845370665
20230811093749450,6.68,6.7,6.68901845370665
20230811093749650,6.68,6.7,6.68901845370665
20230811093751700,6.68,6.7,6.68901845370665
20230811093752080,6.68,6.7,6.68901845370665
20230811093752400,6.68,6.7,6.68901845370665
20230811093752420,6.68,6.7,6.68901845370665
20230811093752540,6.68,6.7,6.68901845370665
20230811093752830,6.68,6.7,6.687698366394399
20230811093752840,6.68,6.7,6.68769320501604
20230811093754490,6.68,6.7,6.68769320501604
20230811093754950,6.68,6.7,6.687690625455605
20230811093754960,6.68,6.7,6.687690625455605
20230811093754970,6.68,6.7,6.687690625455605
20230811093757590,6.68,6.7,6.687690625455605
20230811093757780,6.68,6.7,6.687690599663799
20230811093757900,6.68,6.7,6.687690599663799
20230811093758100,6.68,6.7,6.687690599663799
20230811093758230,6.68,6.7,6.687690599663799
20230811093759890,6.68,6.7,6.687690599663799
20230811093800460,6.68,6.7,6.687690599663799
20230811093800680,6.68,6.7,6.687690599663799
20230811093800940,6.68,6.7,6.687690599663799
20230811093802460,6.68,6.7,6.687690599663799
20230811093803000,6.68,6.7,6.687690599663799
20230811093803120,6.68,6.7,6.687690599663799
20230811093803290,6.68,6.7,6.687690599663799
20230811093803300,6.68,6.7,6.687690599663799
20230811093803430,6.68,6.7,6.687690599663799
20230811093805250,6.68,6.7,6.687690599663799
20230811093805830,6.68,6.7,6.687690599663799
20230811093806320,6.68,6.7,6.687690599663799
20230811093807970,6.68,6.7,6.687690599663799
20230811093809060,6.68,6.7,6.6875169373221635
20230811093811570,6.68,6.7,6.687514408899525
20230811093813460,6.68,6.7,6.687514408899525
20230811093819010,6.68,6.7,6.687514408899525
20230811093819030,6.68,6.7,6.687514408899525
20230811093819070,6.68,6.7,6.687514408899525
20230811093819150,6.68,6.7,6.687514408899525
20230811093819870,6.68,6.7,6.687514408899525
20230811093821700,6.68,6.7,6.687514408899525
20230811093821970,6.68,6.7,6.687514408899525
20230811093822050,6.68,6.7,6.687514408899525
20230811093822080,6.68,6.7,6.687514408899525
20230811093822520,6.68,6.7,6.687514408899525
20230811093824080,6.68,6.7,6.687514408899525
20230811093824140,6.68,6.7,6.687514408899525
20230811093824160,6.68,6.7,6.687514408899525
20230811093824650,6.68,6.7,6.687514408899525
20230811093824730,6.68,6.7,6.68743322217453
20230811093824800,6.68,6.7,6.687388291253878
20230811093825250,6.68,6.7,6.687378338039013
20230811093825270,6.68,6.7,6.687378338039013
20230811093827100,6.68,6.7,6.687378338039013
20230811093827500,6.68,6.7,6.687378338039013
20230811093827780,6.68,6.7,6.687378338039013
20230811093827930,6.68,6.7,6.687378338039013
20230811093829590,6.68,6.7,6.687378338039013
20230811093830310,6.68,6.7,6.687378338039013
20230811093830410,6.68,6.7,6.687378338039013
20230811093830430,6.68,6.7,6.687378338039013
20230811093830570,6.68,6.7,6.687331692339287
20230811093832280,6.68,6.7,6.687331692339287
20230811093832850,6.68,6.7,6.687331692339287
20230811093833200,6.68,6.7,6.687331692339287
20230811093834960,6.68,6.7,6.687331692339287
20230811093835960,6.68,6.7,6.687331692339287
20230811093836120,6.68,6.7,6.687331692339287
20230811093837990,6.68,6.7,6.687331692339287
20230811093838050,6.68,6.7,6.687331692339287
20230811093838090,6.68,6.7,6.687331692339287
20230811093838120,6.68,6.7,6.687331692339287
20230811093838140,6.68,6.7,6.687331692339287
20230811093838430,6.68,6.7,6.687331692339287
20230811093838450,6.68,6.7,6.687331692339287
20230811093838510,6.68,6.7,6.687331692339287
20230811093838530,6.68,6.7,6.687331692339287
20230811093838700,6.68,6.7,6.687331692339287
20230811093840750,6.68,6.7,6.687264993265027
20230811093841180,6.68,6.7,6.687264993265027
20230811093842990,6.68,6.7,6.687264993265027
20230811093843210,6.68,6.7,6.687264993265027
20230811093843380,6.68,6.7,6.687264993265027
20230811093843600,6.68,6.7,6.687264993265027
20230811093843730,6.68,6.7,6.687264993265027
20230811093843760,6.68,6.7,6.687250364001746
20230811093844010,6.68,6.7,6.687250364001746
20230811093844100,6.68,6.7,6.687250364001746
20230811093844120,6.68,6.7,6.687250364001746
20230811093845910,6.68,6.7,6.687250364001746
20230811093846070,6.68,6.7,6.687250364001746
20230811093846080,6.68,6.7,6.687250364001746
20230811093846100,6.68,6.7,6.687250364001746
20230811093846200,6.68,6.7,6.687250364001746
20230811093846250,6.68,6.7,6.687250364001746
20230811093846290,6.68,6.7,6.687250364001746
20230811093846810,6.68,6.7,6.687250364001746
20230811093849080,6.68,6.7,6.687250364001746
20230811093851700,6.68,6.7,6.687250364001746
20230811093851790,6.68,6.7,6.687250364001746
20230811093851810,6.68,6.7,6.687250364001746
20230811093852000,6.68,6.7,6.687250364001746
20230811093852090,6.68,6.7,6.687250364001746
20230811093852270,6.68,6.7,6.687250364001746
20230811093853830,6.68,6.7,6.687250364001746
20230811093854110,6.68,6.7,6.687250364001746
20230811093854710,6.68,6.7,6.687250364001746
20230811093856510,6.68,6.7,6.687250364001746
20230811093856590,6.68,6.7,6.687250364001746
20230811093857250,6.68,6.7,6.687250364001746
20230811093859440,6.68,6.7,6.687250364001746
20230811093859510,6.68,6.67,6.6858352758352755
20230811093859540,6.68,6.67,6.6858352758352755
20230811093859550,6.68,6.67,6.6858352758352755
20230811093859840,6.68,6.67,6.6858352758352755
20230811093859990,6.68,6.67,6.6858352758352755
20230811093900240,6.68,6.67,6.6858352758352755
20230811093900250,6.68,6.67,6.6858352758352755
20230811093900390,6.68,6.67,6.6858352758352755
20230811093901870,6.68,6.67,6.6858352758352755
20230811093901890,6.68,6.67,6.6858352758352755
20230811093902050,6.68,6.67,6.6858352758352755
20230811093902970,6.68,6.67,6.6858352758352755
20230811093907450,6.68,6.67,6.6858352758352755
20230811093907740,6.68,6.67,6.6858352758352755
20230811093907960,6.68,6.67,6.6858352758352755
20230811093908190,6.68,6.67,6.6858352758352755
20230811093908350,6.68,6.67,6.6858352758352755
20230811093909990,6.68,6.67,6.6858352758352755
20230811093910480,6.68,6.67,6.6858352758352755
20230811093910800,6.68,6.67,6.6858352758352755
20230811093911140,6.68,6.67,6.6858352758352755
20230811093911150,6.68,6.67,6.6858352758352755
20230811093913110,6.68,6.67,6.6858352758352755
20230811093916220,6.68,6.67,6.685448754576429
20230811093918300,6.68,6.67,6.685448754576429
20230811093918310,6.68,6.67,6.685448754576429
20230811093918370,6.68,6.67,6.685448754576429
20230811093918420,6.68,6.67,6.685448754576429
20230811093918660,6.68,6.67,6.685448754576429
20230811093919080,6.68,6.67,6.685448754576429
20230811093919150,6.68,6.67,6.685448754576429
20230811093919190,6.68,6.67,6.685448754576429
20230811093919230,6.68,6.67,6.685448754576429
20230811093921700,6.68,6.67,6.685448754576429
20230811093923480,6.68,6.67,6.685448754576429
20230811093923620,6.68,6.67,6.685448754576429
20230811093923960,6.68,6.67,6.685448754576429
20230811093924010,6.68,6.67,6.685103731217412
20230811093924070,6.68,6.67,6.685079942961058
20230811093924180,6.68,6.67,6.685079942961058
20230811093924330,6.68,6.67,6.685065341242628
20230811093924340,6.68,6.67,6.685065341242628
20230811093924350,6.68,6.67,6.68503803909866
20230811093924700,6.68,6.67,6.68503803909866
20230811093926420,6.68,6.67,6.685036222473759
20230811093926490,6.68,6.67,6.685036222473759
20230811093926510,6.68,6.67,6.685036222473759
20230811093927200,6.68,6.67,6.685036222473759
20230811093927230,6.68,6.67,6.685036222473759
20230811093928850,6.68,6.67,6.685036222473759
20230811093929460,6.68,6.67,6.685036222473759
20230811093929680,6.68,6.67,6.685036222473759
20230811093929750,6.68,6.67,6.685036222473759
20230811093932380,6.68,6.67,6.685036222473759
20230811093932430,6.68,6.67,6.685036222473759
20230811093934530,6.68,6.67,6.685036222473759
20230811093934600,6.68,6.67,6.685036222473759
20230811093934680,6.68,6.67,6.685036222473759
20230811093934860,6.68,6.67,6.685036222473759
20230811093935000,6.68,6.67,6.685036222473759
20230811093937890,6.68,6.67,6.685036222473759
20230811093939810,6.68,6.67,6.685036222473759
20230811093940160,6.68,6.67,6.685036222473759
20230811093940440,6.68,6.67,6.685036222473759
20230811093940840,6.68,6.67,6.685036222473759
20230811093942740,6.68,6.67,6.685036222473759
20230811093943060,6.68,6.67,6.685036222473759
20230811093943100,6.68,6.67,6.685036222473759
20230811093943210,6.68,6.67,6.685036222473759
20230811093945420,6.68,6.67,6.685036222473759
20230811093945540,6.68,6.67,6.685036222473759
20230811093946070,6.68,6.67,6.685036222473759
20230811093946270,6.68,6.67,6.684999981997141
20230811093950850,6.68,6.67,6.684999981997141
20230811093951050,6.68,6.67,6.684999981997141
20230811093951510,6.68,6.67,6.684999981997141
20230811093951570,6.68,6.67,6.684999981997141
20230811093951630,6.68,6.67,6.684999981997141
20230811093951710,6.68,6.67,6.684999981997141
20230811093953350,6.68,6.67,6.684999981997141
20230811093953870,6.68,6.67,6.684999981997141
20230811093953890,6.68,6.67,6.684999981997141
20230811093956120,6.68,6.67,6.684999981997141
20230811093956170,6.68,6.67,6.684999981997141
20230811093956460,6.68,6.67,6.684999981997141
20230811093956610,6.68,6.67,6.684999981997141
20230811093956870,6.68,6.67,6.684999981997141
20230811093956980,6.68,6.67,6.684999981997141
20230811093957020,6.68,6.67,6.684999981997141
20230811093958990,6.68,6.67,6.684999981997141
20230811094001340,6.68,6.67,6.684999981997141
20230811094001660,6.68,6.67,6.684999981997141
20230811094001710,6.68,6.67,6.684999981997141
20230811094001750,6.68,6.67,6.684999981997141
20230811094002040,6.68,6.67,6.684999981997141
20230811094002200,6.68,6.67,6.684999981997141
20230811094004100,6.68,6.67,6.684999981997141
20230811094004130,6.68,6.67,6.684984409458062
20230811094004250,6.68,6.67,6.684984409458062
20230811094004310,6.68,6.67,6.684984409458062
20230811094004600,6.68,6.67,6.684984409458062
20230811094004730,6.68,6.67,6.684984409458062
20230811094004830,6.68,6.67,6.684984409458062
20230811094006760,6.68,6.67,6.684984409458062
20230811094006940,6.68,6.67,6.684984409458062
20230811094007300,6.68,6.67,6.684984409458062
20230811094007600,6.68,6.67,6.684965351128073
20230811094010080,6.68,6.67,6.684965351128073
20230811094010100,6.68,6.67,6.684799295774648
20230811094010260,6.68,6.67,6.684799295774648
20230811094012110,6.68,6.67,6.684799295774648
20230811094012150,6.68,6.67,6.684569671872145
20230811094012160,6.68,6.67,6.684569671872145
20230811094012190,6.68,6.67,6.684569671872145
20230811094012260,6.68,6.67,6.684554620575504
20230811094012770,6.68,6.67,6.684554620575504
20230811094013080,6.68,6.67,6.683876106504589
20230811094013090,6.67,6.66,6.683091059260788
20230811094013100,6.67,6.66,6.683091059260788
20230811094013110,6.67,6.66,6.683091059260788
20230811094013120,6.67,6.66,6.683091059260788
20230811094013130,6.67,6.66,6.683091059260788
20230811094013140,6.67,6.66,6.683091059260788
20230811094013160,6.67,6.66,6.683063917525773
20230811094013180,6.67,6.66,6.683063917525773
20230811094013190,6.67,6.66,6.683063917525773
20230811094013210,6.67,6.66,6.683063917525773
20230811094013250,6.67,6.66,6.683063917525773
20230811094013260,6.67,6.66,6.683063917525773
20230811094014830,6.67,6.66,6.683063917525773
20230811094014850,6.67,6.66,6.683063917525773
20230811094015010,6.67,6.66,6.683006676938881
20230811094015020,6.67,6.66,6.683006676938881
20230811094015070,6.67,6.66,6.683006676938881
20230811094015270,6.67,6.66,6.683006676938881
20230811094015280,6.67,6.66,6.683006676938881
20230811094015340,6.67,6.66,6.683006676938881
20230811094015500,6.67,6.66,6.683006676938881
20230811094015770,6.67,6.66,6.683006676938881
20230811094015910,6.67,6.66,6.683006676938881
20230811094015920,6.67,6.66,6.683006676938881
20230811094017640,6.67,6.66,6.682873621886484
20230811094018090,6.67,6.66,6.682873621886484
20230811094018100,6.67,6.66,6.682873621886484
20230811094018170,6.67,6.66,6.682873621886484
20230811094018440,6.67,6.66,6.682873621886484
20230811094020890,6.67,6.66,6.682873621886484
20230811094022850,6.67,6.66,6.682873621886484
20230811094023020,6.67,6.66,6.682873621886484
20230811094023520,6.67,6.66,6.682741234717591
20230811094023550,6.67,6.66,6.682741234717591
20230811094025600,6.67,6.66,6.6827335150964355
20230811094025620,6.67,6.66,6.682730943967693
20230811094025830,6.67,6.66,6.682730943967693
20230811094026150,6.67,6.66,6.682730943967693
20230811094026410,6.67,6.66,6.682730943967693
20230811094028500,6.67,6.66,6.682730943967693
20230811094028600,6.67,6.66,6.682730943967693
20230811094029310,6.67,6.66,6.682730943967693
20230811094029350,6.67,6.66,6.682730943967693
20230811094029480,6.67,6.66,6.682730943967693
20230811094031250,6.67,6.66,6.682725804823898
20230811094031830,6.67,6.66,6.682725804823898
20230811094033680,6.67,6.66,6.682693778941011
20230811094036660,6.67,6.66,6.682692501258178
20230811094036700,6.67,6.66,6.682692501258178
20230811094036820,6.67,6.66,6.682692501258178
20230811094037260,6.67,6.66,6.682692501258178
20230811094037340,6.67,6.66,6.682692501258178
20230811094039100,6.67,6.66,6.682692501258178
20230811094039230,6.67,6.66,6.682692501258178
20230811094039480,6.67,6.66,6.682692501258178
20230811094039890,6.67,6.66,6.682692501258178
20230811094042040,6.67,6.66,6.682690217391304
20230811094042560,6.67,6.66,6.682690217391304
20230811094045150,6.67,6.66,6.682685651036426
20230811094045690,6.67,6.66,6.682685651036426
20230811094047180,6.67,6.66,6.682685651036426
20230811094047600,6.67,6.66,6.682685651036426
20230811094047770,6.67,6.66,6.682679271849542
20230811094047840,6.67,6.66,6.682676721970839
20230811094048100,6.67,6.66,6.682676721970839
20230811094050490,6.67,6.66,6.682676721970839
20230811094050560,6.67,6.66,6.682676721970839
20230811094051050,6.67,6.66,6.682676721970839
20230811094052670,6.67,6.66,6.682676721970839
20230811094053150,6.67,6.66,6.682676721970839
20230811094053430,6.67,6.66,6.68266325095439
20230811094055320,6.67,6.66,6.68266325095439
20230811094055410,6.67,6.66,6.68266325095439
20230811094056020,6.67,6.66,6.68266325095439
20230811094056190,6.67,6.66,6.68266325095439
20230811094056410,6.67,6.66,6.68266325095439
20230811094058670,6.67,6.66,6.68266325095439
20230811094058790,6.67,6.66,6.68266325095439
20230811094059090,6.67,6.66,6.68266325095439
20230811094100680,6.67,6.66,6.68266325095439
20230811094101090,6.67,6.66,6.68266325095439
20230811094101150,6.67,6.66,6.68266325095439
20230811094101490,6.67,6.66,6.68266325095439
20230811094101670,6.67,6.66,6.68266325095439
20230811094101680,6.67,6.66,6.68266325095439
20230811094103380,6.67,6.66,6.68266325095439
20230811094103630,6.67,6.66,6.68266325095439
20230811094103760,6.67,6.66,6.68266325095439
20230811094104060,6.67,6.66,6.68266325095439
20230811094106440,6.67,6.66,6.68266325095439
20230811094106780,6.67,6.66,6.68266325095439
20230811094106820,6.67,6.66,6.68266325095439
20230811094107140,6.67,6.66,6.68266325095439
20230811094107160,6.67,6.66,6.68266325095439
20230811094108800,6.67,6.66,6.68266325095439
20230811094108940,6.67,6.66,6.681645944912012
20230811094108990,6.67,6.66,6.681645944912012
20230811094109230,6.67,6.66,6.681645944912012
20230811094109240,6.67,6.66,6.681645944912012
20230811094109310,6.67,6.66,6.681645944912012
20230811094109410,6.67,6.66,6.681645944912012
20230811094109480,6.67,6.66,6.681645944912012
20230811094109670,6.67,6.66,6.681645944912012
20230811094109820,6.67,6.66,6.681645944912012
20230811094109880,6.67,6.66,6.681645944912012
20230811094109970,6.67,6.66,6.681645944912012
20230811094112400,6.67,6.66,6.681645944912012
20230811094114140,6.67,6.66,6.681645944912012
20230811094114150,6.67,6.66,6.6813599471498675
20230811094114170,6.67,6.66,6.6813599471498675
20230811094114220,6.67,6.66,6.6813599471498675
20230811094114480,6.67,6.66,6.6813599471498675
20230811094116890,6.67,6.66,6.6813599471498675
20230811094117030,6.67,6.66,6.6813599471498675
20230811094117040,6.67,6.66,6.6813599471498675
20230811094117080,6.67,6.66,6.681251643192488
20230811094117120,6.67,6.66,6.681251643192488
20230811094117130,6.67,6.66,6.681251643192488
20230811094117190,6.67,6.66,6.681251643192488
20230811094117200,6.67,6.66,6.681249647920383
20230811094117220,6.67,6.66,6.681249647920383
20230811094117280,6.67,6.66,6.681245658499953
20230811094117380,6.67,6.66,6.681245658499953
20230811094118070,6.67,6.66,6.681237684151262
20230811094118080,6.67,6.66,6.681229715786512
20230811094118090,6.67,6.66,6.681217774444549
20230811094118100,6.67,6.66,6.681217774444549
20230811094119590,6.67,6.66,6.681217774444549
20230811094119630,6.67,6.66,6.681217774444549
20230811094119750,6.67,6.66,6.681217774444549
20230811094119760,6.67,6.66,6.681217774444549
20230811094119940,6.67,6.66,6.681217774444549
20230811094120000,6.67,6.66,6.681217774444549
20230811094120020,6.67,6.66,6.681181920269512
20230811094120040,6.67,6.66,6.681179938242725
20230811094120180,6.67,6.66,6.681179938242725
20230811094123030,6.67,6.66,6.681179938242725
20230811094123050,6.67,6.66,6.68117201384342
20230811094123290,6.67,6.66,6.681170033670034
20230811094123480,6.67,6.66,6.681162116679133
20230811094125080,6.67,6.66,6.681162116679133
20230811094125090,6.67,6.66,6.681162116679133
20230811094125120,6.67,6.66,6.681144325081737
20230811094125130,6.67,6.66,6.681142350084065
20230811094125150,6.67,6.66,6.681138401195368
20230811094125190,6.67,6.66,6.6811364273041365
20230811094125260,6.67,6.66,6.68110686311078
20230811094125270,6.67,6.66,6.68110686311078
20230811094125510,6.67,6.66,6.68110686311078
20230811094125920,6.67,6.66,6.681051897321429
20230811094125950,6.66,6.66,6.681051897321429
20230811094126150,6.66,6.66,6.681051897321429
20230811094127880,6.66,6.66,6.681051897321429
20230811094128050,6.66,6.66,6.681051897321429
20230811094128060,6.66,6.66,6.681051897321429
20230811094128080,6.66,6.66,6.681051897321429
20230811094128120,6.66,6.66,6.681051897321429
20230811094128140,6.66,6.66,6.681051897321429
20230811094128190,6.66,6.66,6.681051897321429
20230811094128220,6.66,6.66,6.681051897321429
20230811094128230,6.66,6.66,6.681051897321429
20230811094128290,6.66,6.66,6.681051897321429
20230811094128440,6.66,6.66,6.681051897321429
20230811094130550,6.66,6.66,6.681051897321429
20230811094130610,6.66,6.66,6.681051897321429
20230811094130780,6.66,6.66,6.681051897321429
20230811094131080,6.66,6.66,6.681051897321429
20230811094131090,6.66,6.66,6.681051897321429
20230811094131290,6.66,6.66,6.680833563345294
20230811094131550,6.66,6.66,6.680833563345294
20230811094133210,6.66,6.66,6.680833563345294
20230811094133570,6.66,6.66,6.680833563345294
20230811094133680,6.66,6.66,6.680833563345294
20230811094133890,6.66,6.66,6.680833563345294
20230811094134030,6.66,6.66,6.680833563345294
20230811094134080,6.66,6.66,6.680833563345294
20230811094134090,6.66,6.66,6.680833563345294
20230811094134140,6.66,6.66,6.680833563345294
20230811094134150,6.66,6.66,6.680833563345294
20230811094134160,6.66,6.66,6.680833563345294
20230811094134200,6.66,6.66,6.680833563345294
20230811094135920,6.66,6.66,6.680833563345294
20230811094136160,6.66,6.66,6.680833563345294
20230811094136640,6.66,6.66,6.680833563345294
20230811094136770,6.66,6.66,6.6807781244265
20230811094138440,6.66,6.66,6.6807781244265
20230811094138450,6.66,6.66,6.6807781244265
20230811094138590,6.66,6.66,6.6807781244265
20230811094138600,6.66,6.66,6.6807781244265
20230811094138680,6.66,6.66,6.6807781244265
20230811094138840,6.66,6.66,6.6807781244265
20230811094138850,6.66,6.66,6.680673788003287
20230811094139010,6.66,6.66,6.680671900675552
20230811094139030,6.66,6.66,6.68066812705367
20230811094139050,6.66,6.66,6.68066812705367
20230811094139060,6.66,6.66,6.68066812705367
20230811094139070,6.66,6.66,6.68066812705367
20230811094139120,6.66,6.66,6.68066812705367
20230811094139130,6.66,6.66,6.68066812705367
20230811094139180,6.66,6.66,6.68066812705367
20230811094139190,6.66,6.66,6.68054622992469
20230811094139250,6.66,6.66,6.68054622992469
20230811094139280,6.66,6.66,6.6805257432922405
20230811094139360,6.66,6.66,6.680516444686056
20230811094139560,6.66,6.66,6.68051458597572
20230811094139570,6.66,6.66,6.68051458597572
20230811094139580,6.66,6.66,6.68051458597572
20230811094139600,6.66,6.66,6.68051458597572
20230811094139620,6.66,6.66,6.6805015844273425
20230811094139630,6.66,6.66,6.680499728408473
20230811094139640,6.66,6.66,6.680490453352638
20230811094139650,6.66,6.66,6.680479334358325
20230811094139660,6.66,6.66,6.680477482365708
20230811094139670,6.66,6.66,6.680471928397071
20230811094139680,6.66,6.66,6.6804682274247495
20230811094139690,6.66,6.66,6.680457132532298
20230811094141750,6.66,6.66,6.680457132532298
20230811094141810,6.66,6.66,6.680199821587868
20230811094142000,6.66,6.66,6.680199821587868
20230811094142030,6.66,6.66,6.680199821587868
20230811094142090,6.66,6.66,6.680196218337495
20230811094142180,6.66,6.66,6.680194417194328
20230811094142230,6.66,6.66,6.680178221350918
20230811094142250,6.66,6.66,6.680174625801853
20230811094142260,6.66,6.66,6.680169234880199
20230811094142270,6.66,6.66,6.680138740661686
20230811094142300,6.66,6.66,6.680136949755447
20230811094144040,6.66,6.66,6.680136949755447
20230811094144460,6.66,6.66,6.680136949755447
20230811094144710,6.66,6.66,6.68011017325633
20230811094146870,6.66,6.66,6.68011017325633
20230811094147040,6.66,6.66,6.68011017325633
20230811094147050,6.66,6.66,6.68011017325633
20230811094147390,6.66,6.66,6.6801066003375675
20230811094147530,6.66,6.66,6.6801066003375675
20230811094147600,6.66,6.66,6.6801066003375675
20230811094147650,6.66,6.66,6.6801066003375675
20230811094147660,6.66,6.66,6.680104814354237
20230811094147670,6.66,6.66,6.680104814354237
20230811094147800,6.66,6.66,6.680104814354237
20230811094149430,6.66,6.66,6.680104814354237
20230811094149810,6.66,6.66,6.680104814354237
20230811094152160,6.66,6.66,6.680104814354237
20230811094152210,6.66,6.66,6.680104814354237
20230811094152260,6.66,6.66,6.680104814354237
20230811094152420,6.66,6.66,6.680086971955982
20230811094152660,6.66,6.66,6.680086971955982
20230811094153130,6.66,6.66,6.680086971955982
20230811094155160,6.66,6.66,6.680086971955982
20230811094155570,6.66,6.66,6.680086971955982
20230811094155600,6.66,6.66,6.680086971955982
20230811094155790,6.66,6.66,6.680051381998583
20230811094157660,6.66,6.66,6.680051381998583
20230811094157730,6.66,6.66,6.680051381998583
20230811094157890,6.66,6.66,6.680051381998583
20230811094157920,6.66,6.66,6.679882290934645
20230811094158040,6.66,6.66,6.679882290934645
20230811094158110,6.66,6.66,6.679882290934645
20230811094158150,6.66,6.66,6.679882290934645
20230811094158310,6.66,6.66,6.679882290934645
20230811094158430,6.66,6.66,6.679882290934645
20230811094200030,6.66,6.66,6.679882290934645
20230811094200080,6.66,6.66,6.679882290934645
20230811094200090,6.66,6.66,6.679882290934645
20230811094200100,6.66,6.66,6.679882290934645
20230811094200140,6.66,6.66,6.679882290934645
20230811094200160,6.66,6.66,6.679880544576196
20230811094200180,6.66,6.66,6.679877052779485
20230811094200190,6.66,6.66,6.679877052779485
20230811094200200,6.66,6.66,6.67984909633269
20230811094200210,6.66,6.66,6.67984909633269
20230811094200300,6.66,6.66,6.67984909633269
20230811094200430,6.66,6.66,6.679833435609713
20230811094200600,6.66,6.66,6.679833435609713
20230811094200790,6.66,6.66,6.679833435609713
20230811094201040,6.66,6.66,6.6798299588044525
20230811094201230,6.66,6.66,6.6798299588044525
20230811094202860,6.66,6.66,6.6798299588044525
20230811094202870,6.66,6.66,6.6798299588044525
20230811094203110,6.66,6.66,6.6798299588044525
20230811094203480,6.66,6.66,6.6798299588044525
20230811094203490,6.66,6.66,6.6798299588044525
20230811094205430,6.66,6.66,6.6798299588044525
20230811094205450,6.66,6.66,6.6798299588044525
20230811094205530,6.66,6.66,6.6798299588044525
20230811094205880,6.66,6.66,6.679805655256938
20230811094206520,6.66,6.66,6.679805655256938
20230811094208890,6.66,6.66,6.679805655256938
20230811094208900,6.66,6.66,6.679805655256938
20230811094209050,6.66,6.66,6.679805655256938
20230811094209120,6.66,6.66,6.679691879188789
20230811094210840,6.66,6.66,6.679691879188789
20230811094210920,6.66,6.66,6.679691879188789
20230811094211500,6.66,6.66,6.679691879188789
20230811094211730,6.66,6.66,6.679691879188789
20230811094211800,6.66,6.66,6.679691879188789
20230811094212030,6.66,6.66,6.679691879188789
20230811094213600,6.66,6.66,6.679691879188789
20230811094213610,6.66,6.66,6.679691879188789
20230811094213660,6.66,6.66,6.679691879188789
20230811094213750,6.66,6.66,6.679691879188789
20230811094213900,6.66,6.66,6.679691879188789
20230811094213950,6.66,6.66,6.679691879188789
20230811094213980,6.66,6.66,6.679691879188789
20230811094213990,6.66,6.66,6.679691879188789
20230811094214070,6.66,6.66,6.679691879188789
20230811094214120,6.66,6.66,6.679691879188789
20230811094214230,6.66,6.66,6.679691879188789
20230811094214560,6.66,6.66,6.679691879188789
20230811094214760,6.66,6.66,6.679691879188789
20230811094216250,6.66,6.66,6.679691879188789
20230811094216490,6.66,6.66,6.679691879188789
20230811094216900,6.66,6.66,6.679691879188789
20230811094217360,6.66,6.66,6.679691879188789
20230811094217370,6.66,6.66,6.679691879188789
20230811094219080,6.66,6.66,6.679691879188789
20230811094219190,6.66,6.66,6.679691879188789
20230811094219220,6.66,6.66,6.679691879188789
20230811094219280,6.66,6.66,6.679691879188789
20230811094219390,6.66,6.66,6.679691879188789
20230811094219420,6.66,6.66,6.679691879188789
20230811094219760,6.66,6.66,6.679691879188789
20230811094220080,6.66,6.66,6.679691879188789
20230811094221640,6.66,6.66,6.679691879188789
20230811094221700,6.66,6.66,6.679570934256056
20230811094222160,6.66,6.66,6.679569241415103
20230811094222170,6.66,6.66,6.679437569343689
20230811094222180,6.66,6.66,6.679437569343689
20230811094224330,6.66,6.66,6.679437569343689
20230811094224400,6.66,6.66,6.679437569343689
20230811094224920,6.66,6.66,6.679437569343689
20230811094225060,6.66,6.66,6.679437569343689
20230811094225070,6.66,6.66,6.679437569343689
20230811094227380,6.66,6.66,6.679437569343689
20230811094227740,6.66,6.66,6.679437569343689
20230811094228130,6.66,6.66,6.679437569343689
20230811094228170,6.66,6.66,6.679437569343689
20230811094228190,6.66,6.66,6.679437569343689
20230811094228270,6.66,6.66,6.679240303541316
20230811094229810,6.66,6.66,6.679240303541316
20230811094230150,6.66,6.66,6.679240303541316
20230811094230680,6.66,6.66,6.679240303541316
20230811094232570,6.66,6.66,6.679240303541316
20230811094233540,6.66,6.66,6.679240303541316
20230811094235130,6.66,6.66,6.679240303541316
20230811094235760,6.66,6.66,6.679240303541316
20230811094235810,6.66,6.66,6.679240303541316
20230811094236220,6.66,6.66,6.679240303541316
20230811094238370,6.66,6.66,6.679240303541316
20230811094238440,6.66,6.66,6.679240303541316
20230811094240600,6.66,6.66,6.679240303541316
20230811094241230,6.66,6.66,6.679240303541316
20230811094241620,6.66,6.66,6.679240303541316
20230811094243690,6.66,6.66,6.679240303541316
20230811094243820,6.66,6.66,6.679240303541316
20230811094244220,6.66,6.66,6.679240303541316
20230811094244270,6.66,6.66,6.679240303541316
20230811094246050,6.66,6.66,6.679240303541316
20230811094246070,6.66,6.66,6.679240303541316
20230811094246080,6.66,6.66,6.678798088804679
20230811094246130,6.66,6.66,6.678798088804679
20230811094246170,6.66,6.66,6.678798088804679
20230811094246210,6.66,6.66,6.678798088804679
20230811094246270,6.66,6.66,6.678798088804679
20230811094246650,6.66,6.66,6.678798088804679
20230811094246870,6.66,6.66,6.678793444243123
20230811094249210,6.66,6.66,6.678793444243123
20230811094249220,6.66,6.66,6.678793444243123
20230811094249250,6.66,6.66,6.678793444243123
20230811094249320,6.66,6.66,6.678793444243123
20230811094249740,6.66,6.66,6.678793444243123
20230811094249840,6.66,6.66,6.678793444243123
20230811094251700,6.66,6.66,6.678793444243123
20230811094251710,6.66,6.66,6.678793444243123
20230811094251910,6.66,6.66,6.678793444243123
20230811094251960,6.66,6.66,6.678782615853157
20230811094252280,6.66,6.66,6.678782615853157
20230811094252350,6.66,6.66,6.678782615853157
20230811094252410,6.66,6.66,6.678782615853157
20230811094255070,6.66,6.66,6.678782615853157
20230811094255080,6.66,6.66,6.678782615853157
20230811094255090,6.66,6.66,6.678782615853157
20230811094255110,6.66,6.66,6.678782615853157
20230811094255180,6.66,6.66,6.678782615853157
20230811094257230,6.66,6.66,6.678782615853157
20230811094257510,6.66,6.66,6.678782615853157
20230811094257580,6.66,6.66,6.678782615853157
20230811094257890,6.66,6.66,6.678782615853157
20230811094259440,6.66,6.66,6.678782615853157
20230811094300500,6.66,6.66,6.678782615853157
20230811094302390,6.66,6.66,6.678782615853157
20230811094302970,6.66,6.66,6.678782615853157
20230811094303210,6.66,6.66,6.678782615853157
20230811094305440,6.66,6.66,6.678782615853157
20230811094305590,6.66,6.66,6.678782615853157
20230811094305920,6.66,6.66,6.678782615853157
20230811094307800,6.66,6.66,6.678782615853157
20230811094307850,6.66,6.66,6.678782615853157
20230811094308010,6.66,6.66,6.678782615853157
20230811094308530,6.66,6.66,6.678782615853157
20230811094308570,6.66,6.66,6.678782615853157
20230811094308600,6.66,6.66,6.678782615853157
20230811094310280,6.66,6.66,6.678782615853157
20230811094310380,6.66,6.66,6.678782615853157
20230811094311310,6.66,6.66,6.678782615853157
20230811094313070,6.66,6.66,6.678782615853157
20230811094313580,6.66,6.66,6.678782615853157
20230811094316070,6.66,6.66,6.67868735669833
20230811094316080,6.66,6.66,6.678670539147509
20230811094316090,6.66,6.66,6.678670539147509
20230811094316100,6.66,6.66,6.678669011780105
20230811094316230,6.66,6.66,6.678669011780105
20230811094316270,6.66,6.66,6.6786659577948635
20230811094316810,6.66,6.66,6.678633951171715
20230811094318320,6.66,6.66,6.678633951171715
20230811094318330,6.66,6.66,6.678633951171715
20230811094318450,6.66,6.66,6.678633951171715
20230811094318500,6.66,6.66,6.678633951171715
20230811094318590,6.66,6.66,6.678633951171715
20230811094319080,6.66,6.66,6.678633951171715
20230811094319090,6.66,6.66,6.678633951171715
20230811094319120,6.66,6.66,6.678633951171715
20230811094319160,6.66,6.66,6.678541598960026
20230811094319280,6.66,6.66,6.678541598960026
20230811094319290,6.66,6.66,6.678541598960026
20230811094319310,6.66,6.66,6.678541598960026
20230811094321680,6.66,6.66,6.678541598960026
20230811094321700,6.66,6.66,6.678541598960026
20230811094322070,6.66,6.66,6.678541598960026
20230811094322090,6.66,6.66,6.678541598960026
20230811094323790,6.66,6.66,6.678541598960026
20230811094324040,6.66,6.66,6.678541598960026
20230811094324060,6.66,6.66,6.678541598960026
20230811094324130,6.66,6.66,6.678541598960026
20230811094324590,6.66,6.66,6.678541598960026
20230811094327250,6.66,6.66,6.678541598960026
20230811094327280,6.66,6.66,6.678541598960026
20230811094329880,6.66,6.66,6.678541598960026
20230811094329890,6.66,6.66,6.678541598960026
20230811094329920,6.66,6.66,6.678541598960026
20230811094332030,6.66,6.66,6.678541598960026
20230811094332600,6.66,6.66,6.678541598960026
20230811094334690,6.66,6.66,6.678541598960026
20230811094335430,6.66,6.66,6.678541598960026
20230811094337600,6.66,6.66,6.678541598960026
20230811094338060,6.66,6.66,6.678541598960026
20230811094338440,6.66,6.66,6.678525042617095
20230811094340430,6.66,6.66,6.678525042617095
20230811094340870,6.66,6.66,6.678525042617095
20230811094341150,6.66,6.66,6.678525042617095
20230811094342810,6.66,6.66,6.678525042617095
20230811094343050,6.66,6.66,6.678525042617095
20230811094343180,6.66,6.66,6.678525042617095
20230811094343220,6.66,6.66,6.678525042617095
20230811094343480,6.66,6.66,6.678525042617095
20230811094346080,6.66,6.66,6.678525042617095
20230811094346280,6.66,6.66,6.678525042617095
20230811094346410,6.66,6.66,6.678525042617095
20230811094346420,6.66,6.66,6.678525042617095
20230811094346550,6.66,6.66,6.678516399926976
20230811094348170,6.66,6.66,6.678516399926976
20230811094348870,6.66,6.66,6.678516399926976
20230811094348970,6.66,6.66,6.678516399926976
20230811094350740,6.66,6.66,6.678516399926976
20230811094351600,6.66,6.66,6.678516399926976
20230811094351700,6.66,6.66,6.678516399926976
20230811094351890,6.66,6.66,6.678505889269569
20230811094351910,6.66,6.66,6.678505889269569
20230811094353630,6.66,6.66,6.678505889269569
20230811094354050,6.66,6.66,6.678505889269569
20230811094354100,6.66,6.66,6.678505889269569
20230811094354110,6.66,6.66,6.678505889269569
20230811094354290,6.66,6.66,6.678505889269569
20230811094354420,6.66,6.66,6.678505889269569
20230811094356330,6.66,6.66,6.678505889269569
20230811094356540,6.66,6.66,6.6784662638672785
20230811094356660,6.66,6.66,6.6784662638672785
20230811094356780,6.66,6.66,6.6784662638672785
20230811094357180,6.66,6.66,6.6784662638672785
20230811094358990,6.66,6.66,6.6784662638672785
20230811094359750,6.66,6.66,6.6784662638672785
20230811094400040,6.66,6.66,6.6784662638672785
20230811094401550,6.66,6.66,6.6784662638672785
20230811094404280,6.66,6.66,6.6784662638672785
20230811094404420,6.66,6.66,6.6784662638672785
20230811094404640,6.66,6.66,6.6784662638672785
20230811094405090,6.66,6.66,6.678432185481112
20230811094405250,6.66,6.66,6.678432185481112
20230811094407160,6.66,6.66,6.678432185481112
20230811094407220,6.66,6.66,6.678432185481112
20230811094407430,6.66,6.66,6.678432185481112
20230811094407880,6.66,6.66,6.678432185481112
20230811094407980,6.66,6.66,6.678432185481112
20230811094408090,6.66,6.66,6.678432185481112
20230811094409620,6.66,6.66,6.678432185481112
20230811094410040,6.66,6.66,6.678432185481112
20230811094410270,6.66,6.66,6.678432185481112
20230811094410610,6.66,6.66,6.678432185481112
20230811094413350,6.66,6.66,6.678432185481112
20230811094415240,6.66,6.66,6.678432185481112
20230811094415350,6.66,6.66,6.678432185481112
20230811094416170,6.66,6.66,6.678432185481112
20230811094417900,6.66,6.66,6.678432185481112
20230811094418240,6.66,6.66,6.678432185481112
20230811094420660,6.66,6.66,6.678432185481112
20230811094420900,6.66,6.66,6.678417358778933
20230811094421000,6.66,6.66,6.678417358778933
20230811094423130,6.66,6.66,6.678417358778933
20230811094423330,6.66,6.66,6.678383347718742
20230811094423540,6.66,6.66,6.678383347718742
20230811094423580,6.66,6.66,6.678383347718742
20230811094423860,6.66,6.66,6.678383347718742
20230811094426090,6.66,6.66,6.678383347718742
20230811094426840,6.66,6.66,6.678383347718742
20230811094426920,6.66,6.66,6.678383347718742
20230811094429290,6.66,6.66,6.678383347718742
20230811094429670,6.66,6.66,6.678383347718742
20230811094431230,6.66,6.66,6.678383347718742
20230811094431240,6.66,6.66,6.678383347718742
20230811094431820,6.66,6.66,6.678383347718742
20230811094432000,6.66,6.66,6.678383347718742
20230811094434080,6.66,6.66,6.678383347718742
20230811094434190,6.66,6.66,6.678381871826265
20230811094434370,6.66,6.66,6.678381871826265
20230811094434890,6.66,6.66,6.678381871826265
20230811094434920,6.66,6.66,6.678381871826265
20230811094436660,6.66,6.66,6.678381871826265
20230811094437080,6.66,6.66,6.678381871826265
20230811094437140,6.66,6.66,6.678381871826265
20230811094439830,6.66,6.66,6.678381871826265
20230811094439840,6.66,6.66,6.678381871826265
20230811094439910,6.66,6.66,6.678381871826265
20230811094440090,6.66,6.66,6.6783700732123155
20230811094440110,6.66,6.66,6.6783700732123155
20230811094440190,6.66,6.66,6.67836859945045
20230811094440550,6.66,6.66,6.67836859945045
20230811094443170,6.66,6.66,6.678367125925035
20230811094444950,6.66,6.66,6.678367125925035
20230811094445290,6.66,6.66,6.678367125925035
20230811094445540,6.66,6.66,6.678367125925035
20230811094445660,6.66,6.66,6.678367125925035
20230811094448000,6.66,6.66,6.678367125925035
20230811094448080,6.66,6.66,6.678364179583325
20230811094448090,6.66,6.66,6.678364179583325
20230811094448210,6.66,6.66,6.678364179583325
20230811094451250,6.66,6.66,6.678364179583325
20230811094453080,6.66,6.66,6.678364179583325
20230811094453450,6.66,6.66,6.678364179583325
20230811094453790,6.66,6.66,6.678364179583325
20230811094455790,6.66,6.66,6.6771508829753365
20230811094455800,6.66,6.66,6.677144461708381
20230811094455920,6.66,6.66,6.677144461708381
20230811094456010,6.66,6.66,6.67702083372052
20230811094456060,6.66,6.66,6.677016722408027
20230811094456070,6.66,6.66,6.677016722408027
20230811094456130,6.66,6.66,6.676995564792993
20230811094456250,6.66,6.66,6.676995564792993
20230811094456520,6.66,6.66,6.676989259279871
20230811094456570,6.66,6.66,6.676971314209473
20230811094456660,6.66,6.66,6.676971314209473
20230811094456720,6.66,6.66,6.676971314209473
20230811094458220,6.66,6.66,6.676971314209473
20230811094458250,6.66,6.66,6.676875403248106
20230811094458270,6.66,6.66,6.676855600788403
20230811094458280,6.66,6.66,6.676855600788403
20230811094458340,6.66,6.66,6.676855600788403
20230811094458650,6.66,6.66,6.676855600788403
20230811094458670,6.66,6.66,6.676855600788403
20230811094458720,6.66,6.66,6.676855600788403
20230811094458730,6.66,6.66,6.676855600788403
20230811094458740,6.66,6.66,6.676855600788403
20230811094459040,6.66,6.66,6.676855600788403
20230811094459050,6.66,6.66,6.676855600788403
20230811094459060,6.66,6.66,6.676855600788403
20230811094459070,6.66,6.66,6.676855600788403
20230811094459220,6.66,6.66,6.676855600788403
20230811094459460,6.66,6.66,6.676855600788403
20230811094500910,6.66,6.66,6.676855600788403
20230811094500940,6.66,6.66,6.676855600788403
20230811094501080,6.66,6.66,6.676855600788403
20230811094501120,6.66,6.66,6.676855600788403
20230811094501130,6.66,6.66,6.676855600788403
20230811094501330,6.66,6.66,6.676855600788403
20230811094501340,6.66,6.66,6.676855600788403
20230811094501350,6.66,6.66,6.676855600788403
20230811094501410,6.66,6.66,6.676855600788403
20230811094501520,6.66,6.66,6.676855600788403
20230811094501530,6.66,6.66,6.676855600788403
20230811094501750,6.66,6.66,6.676855600788403
20230811094501780,6.66,6.66,6.676855600788403
20230811094501810,6.66,6.66,6.676855600788403
20230811094502050,6.66,6.66,6.676855600788403
20230811094504010,6.66,6.66,6.676855600788403
20230811094504100,6.66,6.66,6.676855600788403
20230811094504110,6.66,6.66,6.676855600788403
20230811094504180,6.66,6.66,6.676855600788403
20230811094504520,6.66,6.66,6.6768387346105005
20230811094504710,6.66,6.66,6.6768387346105005
20230811094506380,6.66,6.66,6.6768387346105005
20230811094506430,6.66,6.66,6.676747409920234
20230811094506480,6.66,6.66,6.676747409920234
20230811094506500,6.66,6.66,6.676747409920234
20230811094506940,6.66,6.66,6.676747409920234
20230811094507340,6.66,6.66,6.676747409920234
20230811094509110,6.66,6.66,6.676747409920234
20230811094509120,6.66,6.66,6.676747409920234
20230811094509150,6.66,6.66,6.676747409920234
20230811094509310,6.66,6.66,6.676747409920234
20230811094509690,6.66,6.66,6.676747409920234
20230811094509700,6.66,6.66,6.676747409920234
20230811094509830,6.66,6.66,6.676747409920234
20230811094509840,6.66,6.66,6.676747409920234
20230811094509860,6.66,6.66,6.676747409920234
20230811094509900,6.66,6.66,6.676747409920234
20230811094510050,6.66,6.66,6.676747409920234
20230811094510080,6.66,6.66,6.676747409920234
20230811094510090,6.66,6.66,6.676747409920234
20230811094510120,6.66,6.66,6.676747409920234
20230811094510140,6.66,6.66,6.676747409920234
20230811094510150,6.66,6.66,6.676747409920234
20230811094512490,6.66,6.66,6.676747409920234
20230811094512610,6.66,6.66,6.676747409920234
20230811094512620,6.66,6.66,6.676747409920234
20230811094512740,6.66,6.66,6.676747409920234
20230811094514840,6.66,6.65,6.6739542649490105
20230811094514850,6.66,6.65,6.673951128496375
20230811094515030,6.66,6.65,6.673951128496375
20230811094515050,6.66,6.65,6.673951128496375
20230811094517110,6.66,6.65,6.6739338926778204
20230811094517120,6.66,6.65,6.673930761557457
20230811094517260,6.66,6.65,6.673915118236342
20230811094517300,6.66,6.65,6.673915118236342
20230811094517410,6.66,6.65,6.673915118236342
20230811094518040,6.66,6.65,6.673915118236342
20230811094518070,6.66,6.65,6.673907304242701
20230811094520430,6.66,6.65,6.673907304242701
20230811094520860,6.65,6.65,6.67369210096006
20230811094520870,6.65,6.65,6.67369210096006
20230811094521010,6.65,6.65,6.67369210096006
20230811094521040,6.65,6.65,6.67369210096006
20230811094521060,6.65,6.65,6.67369210096006
20230811094522540,6.65,6.65,6.67369210096006
20230811094522550,6.65,6.65,6.67369210096006
20230811094522650,6.65,6.65,6.67369210096006
20230811094523120,6.65,6.65,6.67369210096006
20230811094523180,6.65,6.65,6.67369210096006
20230811094523320,6.65,6.65,6.67369210096006
20230811094523600,6.65,6.65,6.67369210096006
20230811094523620,6.65,6.65,6.67369210096006
20230811094523760,6.65,6.65,6.67369210096006
20230811094525250,6.65,6.65,6.67369210096006
20230811094525360,6.65,6.65,6.67369210096006
20230811094525370,6.65,6.65,6.67369210096006
20230811094525450,6.65,6.65,6.67369210096006
20230811094525500,6.65,6.65,6.67369210096006
20230811094525540,6.65,6.65,6.67369210096006
20230811094525600,6.65,6.65,6.67369210096006
20230811094525730,6.65,6.65,6.67369210096006
20230811094525810,6.65,6.65,6.67369210096006
20230811094525870,6.65,6.65,6.67369210096006
20230811094526020,6.65,6.65,6.673547234782049
20230811094526060,6.65,6.65,6.673547234782049
20230811094526150,6.65,6.65,6.673547234782049
20230811094528080,6.65,6.65,6.673547234782049
20230811094528150,6.65,6.65,6.673547234782049
20230811094528310,6.65,6.65,6.673547234782049
20230811094528640,6.65,6.65,6.673547234782049
20230811094530640,6.65,6.65,6.673547234782049
20230811094530790,6.65,6.65,6.673547234782049
20230811094531080,6.65,6.65,6.673547234782049
20230811094531090,6.65,6.65,6.673547234782049
20230811094531110,6.65,6.65,6.673547234782049
20230811094531140,6.65,6.65,6.673547234782049
20230811094531150,6.65,6.65,6.673547234782049
20230811094531160,6.65,6.65,6.673547234782049
20230811094531170,6.65,6.65,6.673547234782049
20230811094531180,6.65,6.65,6.673547234782049
20230811094531190,6.65,6.65,6.673547234782049
20230811094531200,6.65,6.65,6.673547234782049
20230811094531330,6.65,6.65,6.673547234782049
20230811094531340,6.65,6.65,6.673547234782049
20230811094531390,6.65,6.65,6.673547234782049
20230811094531610,6.65,6.65,6.673547234782049
20230811094531630,6.65,6.65,6.673547234782049
20230811094531690,6.65,6.65,6.673547234782049
20230811094533310,6.65,6.65,6.673547234782049
20230811094533350,6.65,6.65,6.673547234782049
20230811094533440,6.65,6.65,6.673547234782049
20230811094533970,6.65,6.65,6.673547234782049
20230811094534040,6.65,6.65,6.673547234782049
20230811094534050,6.65,6.65,6.673547234782049
20230811094534090,6.65,6.65,6.673547234782049
20230811094534180,6.65,6.65,6.673547234782049
20230811094534410,6.65,6.65,6.673547234782049
20230811094536010,6.65,6.65,6.673547234782049
20230811094536040,6.65,6.65,6.673547234782049
20230811094536260,6.65,6.65,6.673547234782049
20230811094536410,6.65,6.65,6.673442060910941
20230811094536980,6.65,6.65,6.673442060910941
20230811094537130,6.65,6.65,6.673437775321576
20230811094537180,6.65,6.65,6.673437775321576
20230811094538750,6.65,6.65,6.673422767221092
20230811094538780,6.65,6.65,6.673422767221092
20230811094538930,6.65,6.65,6.673422767221092
20230811094539140,6.65,6.65,6.673407778328827
20230811094539230,6.65,6.65,6.673341635931089
20230811094539400,6.65,6.65,6.673341635931089
20230811094539500,6.65,6.65,6.673341635931089
20230811094539830,6.65,6.65,6.673341635931089
20230811094539850,6.65,6.65,6.673341635931089
20230811094541800,6.65,6.65,6.673341635931089
20230811094541850,6.65,6.65,6.673341635931089
20230811094542310,6.65,6.65,6.673341635931089
20230811094542500,6.65,6.65,6.673341635931089
20230811094544150,6.65,6.65,6.673341635931089
20230811094544460,6.65,6.65,6.673341635931089
20230811094544650,6.65,6.65,6.673341635931089
20230811094544680,6.65,6.65,6.673341635931089
20230811094544770,6.65,6.65,6.673341635931089
20230811094545350,6.65,6.65,6.673149330587024
20230811094547950,6.65,6.65,6.673149330587024
20230811094547960,6.65,6.65,6.673149330587024
20230811094547970,6.65,6.65,6.673149330587024
20230811094549600,6.65,6.65,6.673149330587024
20230811094549940,6.65,6.65,6.673149330587024
20230811094550030,6.65,6.65,6.673149330587024
20230811094550150,6.65,6.65,6.673149330587024
20230811094552430,6.65,6.65,6.673149330587024
20230811094552740,6.65,6.65,6.673149330587024
20230811094552760,6.65,6.65,6.673149330587024
20230811094552820,6.65,6.65,6.673149330587024
20230811094553230,6.65,6.65,6.673149330587024
20230811094554990,6.65,6.65,6.673120025318458
20230811094555010,6.65,6.65,6.673120025318458
20230811094555460,6.65,6.65,6.673120025318458
20230811094555540,6.65,6.65,6.673118562002563
20230811094555550,6.65,6.65,6.673117098871889
20230811094555580,6.65,6.65,6.673114173166063
20230811094555600,6.65,6.65,6.673112710590841
20230811094555690,6.65,6.65,6.673060412224591
20230811094555870,6.65,6.65,6.673060412224591
20230811094556070,6.65,6.65,6.673060412224591
20230811094556170,6.65,6.65,6.673060412224591
20230811094557690,6.65,6.65,6.673060412224591
20230811094558090,6.65,6.65,6.673060412224591
20230811094558330,6.65,6.65,6.672921063806363
20230811094558340,6.65,6.65,6.672921063806363
20230811094558570,6.65,6.65,6.672921063806363
20230811094558660,6.65,6.65,6.672301282348039
20230811094558690,6.65,6.65,6.672301282348039
20230811094600550,6.65,6.65,6.672301282348039
20230811094600590,6.65,6.65,6.672301282348039
20230811094600620,6.65,6.65,6.672301282348039
20230811094600660,6.65,6.65,6.672301282348039
20230811094601050,6.65,6.65,6.672301282348039
20230811094601560,6.65,6.65,6.672301282348039
20230811094603400,6.65,6.65,6.672301282348039
20230811094603630,6.65,6.65,6.672301282348039
20230811094604100,6.65,6.65,6.672301282348039
20230811094605790,6.65,6.65,6.672301282348039
20230811094606700,6.65,6.65,6.672301282348039
20230811094608550,6.65,6.65,6.672301282348039
20230811094608850,6.65,6.65,6.672301282348039
20230811094608910,6.65,6.65,6.672170224537784
20230811094608930,6.65,6.65,6.672170224537784
20230811094608960,6.65,6.65,6.672170224537784
20230811094609110,6.65,6.65,6.672170224537784
20230811094609200,6.65,6.65,6.672170224537784
20230811094609250,6.65,6.65,6.672170224537784
20230811094609500,6.65,6.65,6.672156603744605
20230811094611130,6.65,6.65,6.672136859717255
20230811094611260,6.65,6.65,6.672136859717255
20230811094611600,6.65,6.65,6.672136859717255
20230811094611830,6.65,6.65,6.672136859717255
20230811094611930,6.65,6.65,6.672136859717255
20230811094611980,6.65,6.65,6.672136859717255
20230811094614150,6.65,6.65,6.672136859717255
20230811094614160,6.65,6.65,6.672136859717255
20230811094614430,6.65,6.65,6.672136859717255
20230811094614550,6.65,6.65,6.672136859717255
20230811094616560,6.65,6.65,6.672136859717255
20230811094616940,6.65,6.65,6.672058125468939
20230811094616950,6.65,6.65,6.672058125468939
20230811094617120,6.65,6.65,6.672058125468939
20230811094617400,6.65,6.65,6.672058125468939
20230811094617440,6.65,6.65,6.672058125468939
20230811094617550,6.65,6.65,6.672058125468939
20230811094617720,6.65,6.65,6.672058125468939
20230811094617730,6.65,6.65,6.672058125468939
20230811094619320,6.65,6.65,6.672058125468939
20230811094619410,6.65,6.65,6.672058125468939
20230811094619630,6.65,6.65,6.6720513723269095
20230811094619650,6.65,6.65,6.67204744776919
20230811094619690,6.65,6.65,6.67204744776919
20230811094619750,6.65,6.65,6.67204744776919
20230811094620000,6.65,6.65,6.67204744776919
20230811094620060,6.65,6.65,6.67204744776919
20230811094620320,6.65,6.65,6.672045485850717
20230811094620360,6.65,6.65,6.672044136326768
20230811094622190,6.65,6.65,6.672044136326768
20230811094622330,6.65,6.65,6.671928818676711
20230811094622340,6.65,6.65,6.671928818676711
20230811094622580,6.65,6.65,6.671928818676711
20230811094622640,6.65,6.65,6.671922977237731
20230811094622650,6.65,6.65,6.671922977237731
20230811094625120,6.65,6.65,6.671922977237731
20230811094625550,6.65,6.65,6.671922977237731
20230811094627310,6.65,6.65,6.671922977237731
20230811094627400,6.64,6.65,6.671922977237731
20230811094627450,6.64,6.65,6.671922977237731
20230811094627590,6.64,6.65,6.671922977237731
20230811094627600,6.64,6.65,6.671922977237731
20230811094627740,6.64,6.65,6.671922977237731
20230811094627810,6.64,6.65,6.671922977237731
20230811094627850,6.64,6.65,6.671922977237731
20230811094628030,6.64,6.65,6.671775703771151
20230811094628040,6.64,6.65,6.671775703771151
20230811094628080,6.64,6.65,6.671775703771151
20230811094628090,6.65,6.65,6.671771846501676
20230811094628170,6.65,6.65,6.67176606235303
20230811094628180,6.63,6.65,6.671636396630726
20230811094628320,6.63,6.65,6.671636396630726
20230811094628350,6.63,6.65,6.671636396630726
20230811094630030,6.63,6.65,6.671636396630726
20230811094630040,6.63,6.65,6.671636396630726
20230811094630050,6.63,6.65,6.671636396630726
20230811094630100,6.63,6.65,6.671636396630726
20230811094630360,6.63,6.65,6.671636396630726
20230811094630370,6.63,6.65,6.671636396630726
20230811094630550,6.63,6.65,6.671636396630726
20230811094630580,6.65,6.65,6.671636396630726
20230811094630740,6.65,6.65,6.671636396630726
20230811094631040,6.65,6.65,6.671636396630726
20230811094631080,6.64,6.65,6.671636396630726
20230811094631090,6.64,6.65,6.671636396630726
20230811094631100,6.64,6.65,6.671636396630726
20230811094631180,6.64,6.65,6.671636396630726
20230811094632710,6.64,6.65,6.671636396630726
20230811094632920,6.64,6.65,6.671636396630726
20230811094633110,6.64,6.65,6.671489726800632
20230811094633160,6.64,6.65,6.671489726800632
20230811094635420,6.64,6.65,6.671395212726045
20230811094635540,6.64,6.65,6.671395212726045
20230811094635630,6.64,6.65,6.671395212726045
20230811094635960,6.64,6.65,6.671395212726045
20230811094636020,6.64,6.65,6.671395212726045
20230811094636040,6.64,6.65,6.671395212726045
20230811094636050,6.64,6.65,6.671395212726045
20230811094636060,6.64,6.65,6.671395212726045
20230811094636120,6.64,6.65,6.671395212726045
20230811094636270,6.64,6.65,6.671395212726045
20230811094636300,6.64,6.65,6.67138579251369
20230811094638190,6.64,6.65,6.67138579251369
20230811094638260,6.64,6.65,6.67138579251369
20230811094638390,6.64,6.65,6.67138579251369
20230811094638420,6.64,6.65,6.67138579251369
20230811094638510,6.64,6.65,6.67138579251369
20230811094638790,6.64,6.65,6.67138579251369
20230811094640810,6.64,6.65,6.671308944428637
20230811094640880,6.64,6.65,6.671308944428637
20230811094641330,6.64,6.65,6.671308944428637
20230811094641350,6.64,6.65,6.671308944428637
20230811094641590,6.64,6.65,6.671308944428637
20230811094641820,6.64,6.65,6.671292075132829
20230811094641890,6.64,6.65,6.671292075132829
20230811094641950,6.64,6.65,6.671292075132829
20230811094643670,6.64,6.65,6.671292075132829
20230811094643710,6.64,6.65,6.671272308405762
20230811094643780,6.64,6.65,6.671272308405762
20230811094643810,6.64,6.65,6.671272308405762
20230811094643930,6.64,6.65,6.671272308405762
20230811094644020,6.64,6.65,6.671272308405762
20230811094644650,6.64,6.65,6.671272308405762
20230811094646430,6.64,6.65,6.671160433466991
20230811094646450,6.64,6.65,6.671160433466991
20230811094646700,6.64,6.65,6.671160433466991
20230811094646770,6.64,6.65,6.67036855108694
20230811094646780,6.64,6.65,6.67036855108694
20230811094646810,6.64,6.65,6.67036855108694
20230811094647280,6.64,6.65,6.67036855108694
20230811094648910,6.64,6.65,6.67036855108694
20230811094649010,6.64,6.65,6.67036619059453
20230811094649030,6.64,6.65,6.67036619059453
20230811094649110,6.64,6.65,6.67036619059453
20230811094649140,6.64,6.65,6.67036619059453
20230811094649300,6.64,6.65,6.67036619059453
20230811094649380,6.64,6.65,6.67036619059453
20230811094649920,6.64,6.65,6.670354392272056
20230811094651710,6.64,6.65,6.670354392272056
20230811094651760,6.64,6.65,6.670354392272056
20230811094651930,6.64,6.65,6.670354392272056
20230811094652090,6.64,6.65,6.670293152004202
20230811094652100,6.64,6.65,6.670293152004202
20230811094652110,6.64,6.65,6.670293152004202
20230811094652120,6.64,6.65,6.670293152004202
20230811094652170,6.64,6.65,6.670293152004202
20230811094652250,6.64,6.65,6.670208663997088
20230811094652270,6.64,6.65,6.670208663997088
20230811094652290,6.64,6.65,6.670208663997088
20230811094652690,6.64,6.65,6.67018229431876
20230811094652780,6.64,6.65,6.67018229431876
20230811094652800,6.64,6.65,6.67018229431876
20230811094654330,6.64,6.65,6.67018229431876
20230811094654400,6.64,6.65,6.67018229431876
20230811094654840,6.64,6.65,6.67018229431876
20230811094655150,6.64,6.65,6.670113954737468
20230811094655370,6.64,6.65,6.670113954737468
20230811094655510,6.64,6.65,6.670113954737468
20230811094657010,6.64,6.65,6.670113954737468
20230811094657280,6.64,6.65,6.670113954737468
20230811094657310,6.64,6.65,6.670113954737468
20230811094657570,6.64,6.65,6.670113954737468
20230811094657850,6.64,6.65,6.670113954737468
20230811094658040,6.64,6.65,6.670113954737468
20230811094700050,6.64,6.65,6.670113954737468
20230811094700080,6.64,6.65,6.670113954737468
20230811094700200,6.64,6.65,6.670113954737468
20230811094700740,6.64,6.65,6.669687621181438
20230811094700840,6.64,6.65,6.669687621181438
20230811094702730,6.64,6.65,6.669687621181438
20230811094702810,6.64,6.65,6.669687621181438
20230811094702820,6.64,6.65,6.669243485052901
20230811094702830,6.64,6.65,6.669243485052901
20230811094703150,6.64,6.65,6.669243485052901
20230811094703250,6.63,6.65,6.669243485052901
20230811094703260,6.63,6.65,6.669243485052901
20230811094703340,6.63,6.65,6.669243485052901
20230811094703350,6.63,6.65,6.669243485052901
20230811094703380,6.63,6.65,6.669243485052901
20230811094703410,6.63,6.65,6.669243485052901
20230811094703570,6.63,6.65,6.669243485052901
20230811094705100,6.63,6.65,6.669243485052901
20230811094705110,6.63,6.65,6.669243485052901
