Timestamp,ask1,bid1,VWAP
20230627093000050,5.92,7.24,0.0
20230627093000060,5.92,7.24,0.0
20230627093000070,5.92,7.24,0.0
20230627093000080,5.92,7.24,0.0
20230627093000090,5.92,7.24,0.0
20230627093000100,5.92,7.24,0.0
20230627093000110,5.92,7.24,0.0
20230627093000120,5.92,7.24,0.0
20230627093000130,5.92,7.24,0.0
20230627093000140,5.92,7.24,0.0
20230627093000150,5.92,7.24,0.0
20230627093000160,5.92,7.24,0.0
20230627093000170,5.92,7.24,0.0
20230627093000180,5.92,7.24,0.0
20230627093000400,5.92,7.24,0.0
20230627093000430,5.92,7.24,0.0
20230627093000450,5.92,7.24,0.0
20230627093000460,5.92,7.24,0.0
20230627093000470,5.92,7.24,0.0
20230627093000480,5.92,7.24,0.0
20230627093000490,5.92,7.24,0.0
20230627093000500,5.92,7.24,0.0
20230627093000510,5.92,7.24,0.0
20230627093000550,5.92,7.24,0.0
20230627093000560,5.92,7.24,0.0
20230627093000570,5.92,6.7,0.0
20230627093000580,5.92,6.7,0.0
20230627093000590,5.92,6.7,0.0
20230627093000600,5.92,6.7,0.0
20230627093000610,5.92,6.7,0.0
20230627093000630,5.92,6.7,0.0
20230627093000680,5.92,6.7,0.0
20230627093000700,5.92,6.7,0.0
20230627093000710,5.92,6.7,0.0
20230627093000720,5.92,6.7,0.0
20230627093000730,5.92,6.7,0.0
20230627093000740,5.92,6.7,0.0
20230627093000750,5.92,6.7,0.0
20230627093000780,5.92,6.7,0.0
20230627093000790,5.92,6.7,0.0
20230627093000820,5.92,6.7,0.0
20230627093000860,5.92,6.7,0.0
20230627093001530,5.92,6.7,0.0
20230627093001540,5.92,6.7,0.0
20230627093001550,5.92,6.7,0.0
20230627093001580,5.92,6.7,0.0
20230627093001600,5.92,6.7,0.0
20230627093001640,5.92,6.7,0.0
20230627093001650,5.92,6.7,0.0
20230627093001680,5.92,6.7,0.0
20230627093001690,5.92,6.7,0.0
20230627093001710,5.92,6.7,0.0
20230627093001720,5.92,6.7,0.0
20230627093001730,5.92,6.7,0.0
20230627093001750,5.92,6.7,0.0
20230627093001760,5.92,6.7,0.0
20230627093001770,5.92,6.7,0.0
20230627093001790,5.92,6.7,0.0
20230627093001800,5.92,6.7,0.0
20230627093001810,5.92,6.7,0.0
20230627093001830,5.92,6.61,0.0
20230627093001850,5.92,6.61,0.0
20230627093001860,5.92,6.61,0.0
20230627093001880,5.92,6.61,0.0
20230627093001900,5.92,6.61,0.0
20230627093001910,5.92,6.61,0.0
20230627093001940,5.92,6.61,0.0
20230627093001950,5.92,6.61,0.0
20230627093002010,5.92,6.61,0.0
20230627093002020,5.92,6.61,0.0
20230627093002030,5.92,6.61,0.0
20230627093002040,5.92,6.61,0.0
20230627093002080,5.92,6.61,0.0
20230627093002100,5.92,6.61,0.0
20230627093002110,5.92,6.61,0.0
20230627093002130,5.92,6.61,0.0
20230627093002170,5.92,6.61,0.0
20230627093002190,5.92,6.61,0.0
20230627093002220,5.92,6.61,0.0
20230627093002240,5.92,6.61,0.0
20230627093002250,5.92,6.61,0.0
20230627093002260,5.92,6.61,0.0
20230627093002270,5.92,6.61,0.0
20230627093002280,5.92,6.61,0.0
20230627093002310,5.92,6.61,0.0
20230627093002320,5.92,6.61,0.0
20230627093002330,5.92,6.61,0.0
20230627093003790,5.92,6.61,0.0
20230627093003820,5.92,6.61,0.0
20230627093003880,5.92,6.61,0.0
20230627093003910,5.92,6.61,0.0
20230627093003960,5.92,6.61,0.0
20230627093003990,5.92,6.61,0.0
20230627093004000,5.92,6.6,0.0
20230627093004040,5.92,6.6,0.0
20230627093004070,5.92,6.6,0.0
20230627093004110,5.92,6.6,0.0
20230627093004130,5.92,6.6,6.602256097560976
20230627093004140,5.92,6.6,6.602256097560976
20230627093004150,5.92,6.6,6.602256097560976
20230627093004170,5.92,6.6,6.602256097560976
20230627093004220,5.92,6.6,6.602256097560976
20230627093004270,5.92,6.6,6.602256097560976
20230627093004280,5.92,6.6,6.602256097560976
20230627093004410,5.92,6.6,6.602256097560976
20230627093004620,5.92,6.6,6.602256097560976
20230627093004630,6.6,6.6,6.601278065630397
20230627093004910,6.6,6.6,6.601278065630397
20230627093004920,6.6,6.6,6.601278065630397
20230627093004930,6.6,6.6,6.601278065630397
20230627093004970,6.6,6.6,6.601278065630397
20230627093005000,6.6,6.6,6.601278065630397
20230627093005030,6.6,6.6,6.601278065630397
20230627093005060,6.6,6.6,6.601278065630397
20230627093005070,6.6,6.6,6.601278065630397
20230627093005100,6.6,6.6,6.601278065630397
20230627093005140,6.6,6.6,6.601278065630397
20230627093005150,6.6,6.6,6.601278065630397
20230627093005210,6.6,6.6,6.601179401993355
20230627093005280,6.6,6.6,6.601179401993355
20230627093005290,6.6,6.6,6.601179401993355
20230627093008250,6.6,6.6,6.601179401993355
20230627093008310,6.59,6.6,6.601179401993355
20230627093008510,6.59,6.6,6.601179401993355
20230627093008880,6.59,6.6,6.601179401993355
20230627093008890,6.59,6.6,6.601179401993355
20230627093009010,6.59,6.6,6.601179401993355
20230627093009170,6.59,6.6,6.601179401993355
20230627093009370,6.59,6.6,6.601179401993355
20230627093009630,6.59,6.6,6.601179401993355
20230627093009800,6.59,6.6,6.601179401993355
20230627093010090,6.59,6.6,6.596824769433465
20230627093010150,6.59,6.6,6.596824769433465
20230627093010260,6.59,6.6,6.596824769433465
20230627093010300,6.59,6.6,6.596824769433465
20230627093010600,6.59,6.59,6.596824769433465
20230627093010800,6.59,6.59,6.596824769433465
20230627093013670,6.59,6.59,6.596824769433465
20230627093013740,6.59,6.59,6.596824769433465
20230627093013860,6.59,6.59,6.596824769433465
20230627093013950,6.59,6.59,6.596824769433465
20230627093014020,6.59,6.59,6.596824769433465
20230627093014070,6.59,6.59,6.596824769433465
20230627093014240,6.59,6.59,6.596824769433465
20230627093014280,6.59,6.59,6.596824769433465
20230627093014520,6.59,6.59,6.596824769433465
20230627093014550,6.59,6.59,6.596824769433465
20230627093014860,6.59,6.59,6.596824769433465
20230627093015050,6.59,6.59,6.596824769433465
20230627093017630,6.59,6.59,6.596824769433465
20230627093020430,6.59,6.59,6.596824769433465
20230627093020540,6.59,6.59,6.596824769433465
20230627093020570,6.59,6.59,6.596824769433465
20230627093022380,6.59,6.59,6.596824769433465
20230627093022520,6.59,6.59,6.596824769433465
20230627093022540,6.59,6.59,6.596824769433465
20230627093022850,6.59,6.59,6.596824769433465
20230627093022860,6.59,6.59,6.596824769433465
20230627093022880,6.59,6.59,6.596824769433465
20230627093022890,6.59,6.59,6.596824769433465
20230627093022920,6.59,6.59,6.594138276553106
20230627093023080,6.59,6.59,6.592442680776014
20230627093023090,6.59,6.59,6.592442680776014
20230627093023120,6.59,6.59,6.592442680776014
20230627093025000,6.59,6.59,6.592258905299739
20230627093025070,6.59,6.59,6.592258905299739
20230627093025080,6.58,6.59,6.592258905299739
20230627093025090,6.58,6.59,6.592258905299739
20230627093025100,6.58,6.59,6.591748542880932
20230627093025110,6.58,6.59,6.591748542880932
20230627093025130,6.58,6.59,6.591748542880932
20230627093025180,6.58,6.59,6.591748542880932
20230627093025380,6.58,6.59,6.591748542880932
20230627093025600,6.58,6.59,6.591748542880932
20230627093025850,6.58,6.59,6.591748542880932
20230627093025900,6.59,6.59,6.591739850869925
20230627093026070,6.59,6.59,6.591739850869925
20230627093027660,6.59,6.59,6.591739850869925
20230627093027840,6.59,6.59,6.591739850869925
20230627093027950,6.59,6.59,6.591739850869925
20230627093028070,6.59,6.59,6.591739850869925
20230627093028080,6.59,6.59,6.590668220668221
20230627093028090,6.59,6.59,6.590668220668221
20230627093028110,6.59,6.59,6.590668220668221
20230627093028130,6.58,6.59,6.590668220668221
20230627093028590,6.59,6.59,6.590668220668221
20230627093028650,6.59,6.59,6.590668220668221
20230627093028660,6.59,6.59,6.590668220668221
20230627093028670,6.59,6.59,6.590668220668221
20230627093028770,6.59,6.59,6.590668220668221
20230627093028790,6.58,6.59,6.590668220668221
20230627093030580,6.58,6.59,6.590668220668221
20230627093030710,6.58,6.59,6.590668220668221
20230627093030970,6.58,6.59,6.590668220668221
20230627093031020,6.58,6.59,6.590668220668221
20230627093031050,6.58,6.59,6.590668220668221
20230627093031070,6.58,6.59,6.590668220668221
20230627093031080,6.58,6.59,6.590170623145401
20230627093031090,6.59,6.58,6.590170623145401
20230627093031110,6.59,6.58,6.590170623145401
20230627093031220,6.59,6.58,6.590170623145401
20230627093031310,6.59,6.58,6.590170623145401
20230627093031460,6.59,6.58,6.590170623145401
20230627093033120,6.59,6.58,6.589641097818438
20230627093033150,6.59,6.58,6.589641097818438
20230627093033190,6.58,6.58,6.589641097818438
20230627093033330,6.58,6.58,6.5896272855133615
20230627093033440,6.58,6.58,6.5896272855133615
20230627093033570,6.59,6.58,6.5896272855133615
20230627093034100,6.59,6.58,6.5896272855133615
20230627093034130,6.58,6.58,6.5896272855133615
20230627093036010,6.58,6.58,6.5896272855133615
20230627093036050,6.58,6.58,6.5896272855133615
20230627093036080,6.58,6.58,6.5896272855133615
20230627093036320,6.58,6.58,6.5896272855133615
20230627093036330,6.58,6.58,6.5896272855133615
20230627093036340,6.58,6.58,6.5896272855133615
20230627093036400,6.58,6.58,6.5896272855133615
20230627093036430,6.58,6.58,6.589500346981263
20230627093036490,6.58,6.58,6.589500346981263
20230627093036520,6.58,6.58,6.589500346981263
20230627093036670,6.58,6.58,6.589500346981263
20230627093036820,6.58,6.58,6.589441379310345
20230627093036840,6.58,6.58,6.589441379310345
20230627093038880,6.57,6.58,6.589441379310345
20230627093038940,6.57,6.58,6.589441379310345
20230627093039010,6.57,6.58,6.5893745704467355
20230627093039170,6.57,6.58,6.5893745704467355
20230627093039270,6.57,6.58,6.5893745704467355
20230627093041140,6.57,6.58,6.5893745704467355
20230627093041310,6.57,6.58,6.5893745704467355
20230627093041590,6.57,6.58,6.589361702127659
20230627093041630,6.57,6.58,6.5893424657534245
20230627093042310,6.57,6.58,6.5893424657534245
20230627093044010,6.58,6.58,6.5893424657534245
20230627093044080,6.58,6.58,6.5893424657534245
20230627093044120,6.58,6.58,6.5893424657534245
20230627093044460,6.58,6.58,6.5893424657534245
20230627093044490,6.58,6.58,6.5893424657534245
20230627093044510,6.58,6.58,6.5893424657534245
20230627093044540,6.58,6.58,6.5893424657534245
20230627093044770,6.58,6.58,6.5893424657534245
20230627093044900,6.58,6.58,6.5893424657534245
20230627093045040,6.58,6.58,6.589063122923588
20230627093046950,6.58,6.58,6.589063122923588
20230627093047080,6.58,6.58,6.589063122923588
20230627093047670,6.58,6.58,6.589063122923588
20230627093049780,6.58,6.58,6.588883048620237
20230627093049830,6.58,6.58,6.588883048620237
20230627093049940,6.58,6.58,6.588883048620237
20230627093050000,6.58,6.58,6.588883048620237
20230627093050020,6.58,6.58,6.588883048620237
20230627093050130,6.58,6.58,6.588883048620237
20230627093050450,6.58,6.58,6.588883048620237
20230627093051940,6.58,6.58,6.588883048620237
20230627093052090,6.58,6.58,6.5888423806409415
20230627093052100,6.58,6.58,6.588830829523188
20230627093052110,6.58,6.58,6.588830829523188
20230627093052130,6.58,6.58,6.588802083333333
20230627093052140,6.58,6.58,6.588802083333333
20230627093052200,6.58,6.58,6.588796356538712
20230627093052970,6.58,6.58,6.588796356538712
20230627093053050,6.58,6.58,6.588796356538712
20230627093053070,6.58,6.58,6.588796356538712
20230627093055080,6.58,6.58,6.588796356538712
20230627093055090,6.58,6.58,6.588796356538712
20230627093055110,6.58,6.58,6.588796356538712
20230627093055120,6.58,6.58,6.588796356538712
20230627093055250,6.58,6.58,6.588796356538712
20230627093055560,6.58,6.58,6.588796356538712
20230627093055630,6.58,6.58,6.588796356538712
20230627093055740,6.58,6.58,6.588796356538712
20230627093057650,6.58,6.58,6.588796356538712
20230627093057830,6.58,6.58,6.588796356538712
20230627093057970,6.58,6.58,6.588796356538712
20230627093058110,6.58,6.58,6.588796356538712
20230627093058150,6.58,6.58,6.588796356538712
20230627093058220,6.58,6.58,6.588796356538712
20230627093058510,6.58,6.58,6.588796356538712
20230627093100250,6.58,6.58,6.588796356538712
20230627093100260,6.58,6.58,6.588796356538712
20230627093100360,6.58,6.58,6.588796356538712
20230627093100610,6.58,6.58,6.588796356538712
20230627093101070,6.58,6.58,6.588796356538712
20230627093101080,6.58,6.58,6.588748378728924
20230627093101150,6.58,6.58,6.588748378728924
20230627093101160,6.58,6.58,6.588748378728924
20230627093101200,6.58,6.58,6.588748378728924
20230627093103010,6.58,6.58,6.588748378728924
20230627093103030,6.58,6.58,6.588748378728924
20230627093103400,6.58,6.58,6.5886830213040675
20230627093103490,6.58,6.58,6.5886830213040675
20230627093103750,6.58,6.58,6.5886830213040675
20230627093105790,6.58,6.58,6.5886830213040675
20230627093105890,6.58,6.58,6.5886830213040675
20230627093106050,6.58,6.58,6.5886830213040675
20230627093106150,6.58,6.58,6.5886830213040675
20230627093106210,6.58,6.58,6.5886830213040675
20230627093108210,6.58,6.58,6.5886830213040675
20230627093108360,6.58,6.58,6.5886830213040675
20230627093108960,6.58,6.58,6.5886830213040675
20230627093108990,6.58,6.58,6.5886830213040675
20230627093109060,6.58,6.58,6.5886830213040675
20230627093110890,6.58,6.58,6.5886830213040675
20230627093110900,6.58,6.58,6.5886830213040675
20230627093111070,6.58,6.58,6.5886830213040675
20230627093111340,6.58,6.58,6.5886830213040675
20230627093112030,6.58,6.58,6.5886830213040675
20230627093114210,6.58,6.58,6.5886830213040675
20230627093114360,6.58,6.58,6.5886830213040675
20230627093114400,6.58,6.58,6.588594249201278
20230627093114490,6.58,6.58,6.588594249201278
20230627093114740,6.58,6.58,6.588594249201278
20230627093116750,6.58,6.58,6.5885614258434115
20230627093116960,6.58,6.58,6.5885614258434115
20230627093117060,6.58,6.58,6.5885180493983535
20230627093118940,6.58,6.58,6.588512658227848
20230627093119080,6.58,6.58,6.588354037267081
20230627093119100,6.58,6.58,6.588354037267081
20230627093119120,6.58,6.58,6.5883384996900185
20230627093119140,6.58,6.58,6.588271832718327
20230627093119220,6.58,6.58,6.588271832718327
20230627093119910,6.58,6.58,6.588271832718327
20230627093121790,6.58,6.58,6.588271832718327
20230627093122070,6.58,6.58,6.588271832718327
20230627093122100,6.58,6.58,6.5882667486170865
20230627093122120,6.58,6.58,6.58826167076167
20230627093122140,6.58,6.58,6.588251533742331
20230627093122650,6.58,6.58,6.588251533742331
20230627093122860,6.58,6.58,6.588251533742331
20230627093124330,6.58,6.58,6.588251533742331
20230627093124540,6.58,6.58,6.588251533742331
20230627093125110,6.58,6.58,6.588251533742331
20230627093125120,6.58,6.58,6.588236374770362
20230627093125300,6.58,6.58,6.588236374770362
20230627093127170,6.58,6.58,6.588226299694189
20230627093127460,6.58,6.58,6.588148599269184
20230627093127690,6.58,6.58,6.588148599269184
20230627093127800,6.58,6.58,6.588148599269184
20230627093127920,6.58,6.58,6.588148599269184
20230627093127950,6.58,6.58,6.588148599269184
20230627093128100,6.58,6.58,6.588148599269184
20230627093128110,6.58,6.58,6.588143639683506
20230627093128120,6.58,6.58,6.588138686131387
20230627093128130,6.58,6.58,6.588055388320289
20230627093128140,6.58,6.58,6.5880457005411905
20230627093128190,6.58,6.58,6.588040865384615
20230627093128200,6.58,6.58,6.588031212484994
20230627093128270,6.58,6.58,6.588031212484994
20230627093129760,6.58,6.58,6.588031212484994
20230627093129880,6.58,6.58,6.588031212484994
20230627093129980,6.58,6.58,6.588026394721056
20230627093130100,6.58,6.58,6.588026394721056
20230627093132460,6.58,6.58,6.588026394721056
20230627093133260,6.58,6.58,6.588026394721056
20230627093133380,6.58,6.58,6.588026394721056
20230627093133570,6.58,6.58,6.588026394721056
20230627093135160,6.58,6.58,6.588026394721056
20230627093135720,6.58,6.58,6.588026394721056
20230627093139070,6.58,6.58,6.588026394721056
20230627093140540,6.58,6.58,6.588026394721056
20230627093140640,6.58,6.58,6.588026394721056
20230627093140800,6.58,6.58,6.588026394721056
20230627093141200,6.58,6.58,6.588026394721056
20230627093141210,6.58,6.58,6.588026394721056
20230627093143470,6.58,6.58,6.588026394721056
20230627093143560,6.58,6.58,6.588026394721056
20230627093143620,6.58,6.58,6.587488789237669
20230627093143630,6.58,6.58,6.587488789237669
20230627093143940,6.58,6.58,6.587488789237669
20230627093144300,6.58,6.58,6.587488789237669
20230627093146090,6.58,6.58,6.587488789237669
20230627093146110,6.58,6.58,6.587472035794184
20230627093146210,6.58,6.58,6.587472035794184
20230627093146350,6.58,6.58,6.587472035794184
20230627093146400,6.58,6.58,6.587472035794184
20230627093146540,6.58,6.58,6.5873266777592905
20230627093147120,6.58,6.58,6.5873266777592905
20230627093148840,6.58,6.58,6.5873266777592905
20230627093149020,6.58,6.58,6.5873266777592905
20230627093149090,6.58,6.58,6.587298342541437
20230627093149130,6.58,6.58,6.587294312534511
20230627093149170,6.58,6.58,6.587290286975717
20230627093149190,6.58,6.58,6.587290286975717
20230627093149210,6.58,6.58,6.5872662266226625
20230627093149500,6.58,6.58,6.5872662266226625
20230627093152180,6.58,6.58,6.5872662266226625
20230627093152390,6.58,6.58,6.5872662266226625
20230627093154130,6.58,6.58,6.5872662266226625
20230627093154250,6.58,6.58,6.5872662266226625
20230627093154350,6.58,6.58,6.5872662266226625
20230627093154360,6.58,6.58,6.5872662266226625
20230627093154520,6.58,6.58,6.5872662266226625
20230627093154710,6.58,6.58,6.5872383561643835
20230627093154740,6.58,6.58,6.5872383561643835
20230627093155080,6.58,6.58,6.58723439211391
20230627093155090,6.58,6.58,6.5871592148309706
20230627093155110,6.58,6.58,6.5871203904555315
20230627093155120,6.58,6.58,6.587104978354978
20230627093155130,6.58,6.58,6.587097297297297
20230627093156830,6.58,6.58,6.587097297297297
20230627093156970,6.58,6.58,6.587097297297297
20230627093157290,6.58,6.58,6.587097297297297
20230627093157470,6.58,6.58,6.587097297297297
20230627093157720,6.58,6.58,6.587097297297297
20230627093157730,6.58,6.58,6.587002666666667
20230627093159440,6.58,6.58,6.587002666666667
20230627093159780,6.58,6.58,6.587002666666667
20230627093159920,6.58,6.58,6.587002666666667
20230627093200420,6.58,6.58,6.587002666666667
20230627093202310,6.58,6.58,6.586968733439321
20230627093202340,6.58,6.58,6.587051546391753
20230627093202490,6.58,6.58,6.58705306543019
20230627093202610,6.58,6.58,6.58705306543019
20230627093203150,6.58,6.58,6.587077158916709
20230627093203170,6.58,6.58,6.587077158916709
20230627093204950,6.58,6.58,6.587077158916709
20230627093205290,6.58,6.58,6.587077158916709
20230627093205380,6.58,6.58,6.587077158916709
20230627093205450,6.58,6.58,6.587103797468354
20230627093205490,6.58,6.58,6.587103797468354
20230627093205500,6.58,6.58,6.587000498256104
20230627093205510,6.58,6.58,6.587000498256104
20230627093205520,6.58,6.58,6.587000498256104
20230627093206030,6.58,6.58,6.587000498256104
20230627093207740,6.58,6.58,6.587000498256104
20230627093207750,6.58,6.58,6.587000498256104
20230627093207890,6.58,6.58,6.587000498256104
20230627093208110,6.59,6.58,6.58725989986345
20230627093208120,6.59,6.58,6.587266121707539
20230627093208140,6.59,6.59,6.587266121707539
20230627093208160,6.59,6.58,6.587267362687244
20230627093208320,6.59,6.58,6.587267362687244
20230627093208450,6.59,6.58,6.587267362687244
20230627093208520,6.59,6.58,6.587267362687244
20230627093208660,6.59,6.58,6.587267362687244
20230627093210260,6.59,6.58,6.587267362687244
20230627093210390,6.59,6.58,6.587267362687244
20230627093210470,6.59,6.58,6.587267362687244
20230627093211180,6.59,6.58,6.587267362687244
20230627093213080,6.59,6.58,6.587267362687244
20230627093213170,6.59,6.58,6.587267362687244
20230627093213490,6.59,6.58,6.587267362687244
20230627093213590,6.59,6.57,6.587267362687244
20230627093213610,6.59,6.57,6.587267362687244
20230627093213670,6.59,6.57,6.587267362687244
20230627093213870,6.59,6.57,6.587267362687244
20230627093213890,6.59,6.57,6.587267362687244
20230627093213910,6.59,6.57,6.587267362687244
20230627093213920,6.59,6.58,6.587267362687244
20230627093213970,6.59,6.58,6.587267362687244
20230627093215790,6.59,6.58,6.587267362687244
20230627093215810,6.59,6.58,6.587267362687244
20230627093215860,6.59,6.58,6.587267362687244
20230627093215960,6.59,6.58,6.587267362687244
20230627093215970,6.59,6.58,6.587267362687244
20230627093216380,6.59,6.58,6.587267362687244
20230627093216480,6.59,6.58,6.587267362687244
20230627093216730,6.59,6.58,6.587267362687244
20230627093218680,6.59,6.58,6.587267362687244
20230627093218770,6.59,6.58,6.587267362687244
20230627093219080,6.59,6.58,6.587267362687244
20230627093219090,6.59,6.58,6.587267362687244
20230627093219100,6.59,6.57,6.587267362687244
20230627093219170,6.59,6.57,6.587267362687244
20230627093221010,6.59,6.57,6.587267362687244
20230627093221660,6.59,6.58,6.587267362687244
20230627093221670,6.59,6.58,6.587267362687244
20230627093221680,6.59,6.58,6.587267362687244
20230627093221770,6.59,6.58,6.587267362687244
20230627093222030,6.59,6.58,6.587267362687244
20230627093222100,6.59,6.58,6.587267362687244
20230627093222170,6.59,6.58,6.587267362687244
20230627093223960,6.59,6.58,6.587267362687244
20230627093224090,6.59,6.58,6.587267362687244
20230627093224330,6.59,6.58,6.587267362687244
20230627093224420,6.59,6.58,6.587267362687244
20230627093226420,6.59,6.58,6.587267362687244
20230627093226520,6.59,6.58,6.587267362687244
20230627093226560,6.59,6.58,6.587267362687244
20230627093226890,6.59,6.58,6.587267362687244
20230627093227000,6.59,6.58,6.587267362687244
20230627093227380,6.59,6.58,6.587267362687244
20230627093229270,6.59,6.58,6.587267362687244
20230627093229770,6.59,6.58,6.587267362687244
20230627093229780,6.59,6.58,6.587267362687244
20230627093230350,6.59,6.58,6.587267362687244
20230627093232120,6.59,6.58,6.587267362687244
20230627093232250,6.59,6.58,6.587267362687244
20230627093232330,6.59,6.58,6.5868537074148295
20230627093235290,6.59,6.58,6.586854967948718
20230627093235350,6.59,6.58,6.586854967948718
20230627093235590,6.59,6.58,6.586854967948718
20230627093237220,6.59,6.58,6.586872509960159
20230627093237270,6.59,6.58,6.586882446386021
20230627093237580,6.59,6.58,6.586882446386021
20230627093238120,6.59,6.58,6.586882446386021
20230627093239950,6.59,6.58,6.586882446386021
20230627093239960,6.59,6.58,6.586882446386021
20230627093240020,6.59,6.58,6.586920360925853
20230627093240070,6.59,6.58,6.586920360925853
20230627093240080,6.59,6.58,6.586920360925853
20230627093240110,6.59,6.58,6.586922775382203
20230627093240140,6.59,6.58,6.586922775382203
20230627093240160,6.59,6.58,6.586922775382203
20230627093240380,6.59,6.58,6.586922775382203
20230627093240410,6.59,6.58,6.586922775382203
20230627093240590,6.59,6.58,6.586871873797614
20230627093240870,6.59,6.58,6.586886250478744
20230627093240880,6.59,6.58,6.586886250478744
20230627093241000,6.59,6.58,6.586886250478744
20230627093241100,6.59,6.58,6.586886250478744
20230627093241160,6.59,6.58,6.586907569418029
20230627093242670,6.59,6.58,6.586907569418029
20230627093242930,6.59,6.58,6.586909366704589
20230627093242990,6.59,6.58,6.586909366704589
20230627093243070,6.59,6.58,6.586909366704589
20230627093243170,6.59,6.58,6.586909366704589
20230627093243250,6.59,6.58,6.586925103500188
20230627093243580,6.59,6.58,6.586925103500188
20230627093243610,6.59,6.58,6.586925103500188
20230627093243670,6.59,6.58,6.586925103500188
20230627093245610,6.59,6.58,6.586943509165732
20230627093245620,6.59,6.58,6.586943509165732
20230627093245680,6.59,6.58,6.586943509165732
20230627093248200,6.59,6.58,6.586943509165732
20230627093248750,6.59,6.58,6.586943509165732
20230627093249080,6.59,6.58,6.586943509165732
20230627093249100,6.59,6.58,6.586943509165732
20230627093249120,6.59,6.58,6.586943509165732
20230627093250920,6.59,6.58,6.586943509165732
20230627093251090,6.59,6.58,6.586943509165732
20230627093251540,6.59,6.58,6.586943509165732
20230627093251570,6.59,6.58,6.586999632757988
20230627093251670,6.59,6.58,6.586999632757988
20230627093251830,6.59,6.58,6.586999632757988
20230627093253690,6.59,6.58,6.586999632757988
20230627093253810,6.59,6.58,6.586999632757988
20230627093253830,6.59,6.58,6.586999632757988
20230627093254070,6.59,6.58,6.586999632757988
20230627093254360,6.59,6.58,6.586999632757988
20230627093254660,6.59,6.58,6.586999632757988
20230627093256570,6.59,6.58,6.586999632757988
20230627093258850,6.59,6.58,6.586999632757988
20230627093259190,6.59,6.58,6.586999632757988
20230627093259200,6.59,6.58,6.586999632757988
20230627093259210,6.59,6.58,6.586999632757988
20230627093259380,6.59,6.58,6.586999632757988
20230627093259600,6.59,6.58,6.586999632757988
20230627093301900,6.59,6.58,6.586999632757988
20230627093301960,6.59,6.58,6.586999632757988
20230627093301970,6.59,6.58,6.586999632757988
20230627093302030,6.59,6.58,6.586999632757988
20230627093302040,6.59,6.58,6.586999632757988
20230627093302050,6.59,6.58,6.586721426074799
20230627093302060,6.59,6.58,6.586700348432056
20230627093302100,6.59,6.58,6.5866585872576175
20230627093302190,6.59,6.58,6.586679271227226
20230627093302440,6.59,6.58,6.58667239010989
20230627093302470,6.59,6.58,6.586667810569664
20230627093302580,6.59,6.58,6.586667810569664
20230627093304210,6.59,6.58,6.586667810569664
20230627093304220,6.59,6.58,6.586662092624357
20230627093304230,6.59,6.58,6.586662092624357
20230627093304240,6.58,6.58,6.586629098360656
20230627093304250,6.58,6.58,6.586629098360656
20230627093304260,6.58,6.58,6.586629098360656
20230627093304330,6.58,6.57,6.585306507387614
20230627093304730,6.58,6.57,6.585013876040703
20230627093304740,6.58,6.57,6.5849493398833285
20230627093304820,6.58,6.57,6.5849493398833285
20230627093304990,6.58,6.57,6.5849493398833285
20230627093305000,6.58,6.57,6.584876260311641
20230627093305020,6.58,6.57,6.584876260311641
20230627093305100,6.58,6.57,6.584876260311641
20230627093305200,6.58,6.57,6.584876260311641
20230627093305250,6.58,6.57,6.584876260311641
20230627093305390,6.58,6.57,6.584876260311641
20230627093305400,6.58,6.57,6.584876260311641
20230627093305450,6.58,6.57,6.584876260311641
20230627093307100,6.58,6.57,6.584876260311641
20230627093307180,6.58,6.57,6.584876260311641
20230627093307220,6.58,6.57,6.584876260311641
20230627093307700,6.58,6.57,6.584876260311641
20230627093307880,6.58,6.57,6.584876260311641
20230627093308080,6.58,6.57,6.584876260311641
20230627093310120,6.58,6.57,6.584876260311641
20230627093310200,6.58,6.57,6.584876260311641
20230627093310330,6.58,6.57,6.584876260311641
20230627093310400,6.58,6.57,6.584876260311641
20230627093310430,6.58,6.57,6.584876260311641
20230627093310470,6.58,6.57,6.584725572979494
20230627093310570,6.58,6.57,6.584725572979494
20230627093310660,6.58,6.57,6.584725572979494
20230627093312450,6.58,6.57,6.584725572979494
20230627093312970,6.58,6.57,6.5846768860835585
20230627093313190,6.58,6.57,6.5846768860835585
20230627093313310,6.58,6.57,6.5846768860835585
20230627093315390,6.58,6.57,6.5846768860835585
20230627093315750,6.58,6.57,6.5846768860835585
20230627093316050,6.58,6.57,6.5846768860835585
20230627093316120,6.58,6.57,6.5846768860835585
20230627093318220,6.58,6.57,6.5846768860835585
20230627093318720,6.58,6.57,6.5846768860835585
20230627093321200,6.58,6.57,6.5846768860835585
20230627093321210,6.58,6.57,6.5846768860835585
20230627093321240,6.58,6.57,6.5846768860835585
20230627093323240,6.58,6.57,6.5846768860835585
20230627093323280,6.58,6.57,6.5846768860835585
20230627093323730,6.58,6.57,6.5846768860835585
20230627093323870,6.58,6.57,6.5846768860835585
20230627093324360,6.59,6.57,6.584633710541989
20230627093326850,6.59,6.57,6.584459341299913
20230627093328680,6.59,6.57,6.584459341299913
20230627093328880,6.59,6.57,6.584459341299913
20230627093328980,6.59,6.57,6.584459341299913
20230627093329280,6.58,6.57,6.584459341299913
20230627093329310,6.58,6.57,6.584459341299913
20230627093329540,6.58,6.57,6.584459341299913
20230627093331250,6.58,6.57,6.584459341299913
20230627093331280,6.58,6.57,6.584459341299913
20230627093331300,6.58,6.57,6.584459341299913
20230627093331440,6.58,6.57,6.584459341299913
20230627093331650,6.58,6.57,6.584459341299913
20230627093332050,6.58,6.57,6.584459341299913
20230627093334070,6.59,6.57,6.584438627108784
20230627093334080,6.59,6.57,6.584438627108784
20230627093334340,6.59,6.57,6.584438627108784
20230627093334950,6.59,6.57,6.5843762546601665
20230627093336910,6.59,6.57,6.5843762546601665
20230627093336940,6.58,6.57,6.5843762546601665
20230627093337070,6.58,6.57,6.5843762546601665
20230627093337080,6.58,6.57,6.5843762546601665
20230627093337450,6.58,6.57,6.5843762546601665
20230627093337480,6.58,6.57,6.5843762546601665
20230627093339670,6.58,6.57,6.5843762546601665
20230627093339680,6.58,6.57,6.5843762546601665
20230627093339760,6.58,6.57,6.5843762546601665
20230627093339920,6.58,6.57,6.5843762546601665
20230627093340050,6.58,6.57,6.5843762546601665
20230627093340220,6.58,6.57,6.5843762546601665
20230627093342170,6.58,6.57,6.5843762546601665
20230627093342330,6.58,6.57,6.5843762546601665
20230627093342820,6.58,6.57,6.5843204983012456
20230627093342960,6.58,6.57,6.5843204983012456
20230627093342990,6.58,6.57,6.5843204983012456
20230627093343200,6.58,6.57,6.5843204983012456
20230627093344720,6.58,6.57,6.5843204983012456
20230627093345210,6.58,6.57,6.5843204983012456
20230627093345260,6.58,6.57,6.5843204983012456
20230627093345300,6.58,6.57,6.5843204983012456
20230627093345310,6.58,6.57,6.5843204983012456
20230627093345320,6.58,6.57,6.5843204983012456
20230627093345340,6.58,6.57,6.5843204983012456
20230627093345470,6.58,6.57,6.5843204983012456
20230627093345500,6.58,6.57,6.5843204983012456
20230627093345630,6.58,6.57,6.5843204983012456
20230627093347820,6.58,6.57,6.5843204983012456
20230627093348430,6.58,6.57,6.5843204983012456
20230627093348540,6.58,6.57,6.5843204983012456
20230627093348550,6.58,6.57,6.5843204983012456
20230627093350170,6.58,6.57,6.5843087362171335
20230627093350710,6.58,6.57,6.584302653867871
20230627093351020,6.58,6.57,6.584302653867871
20230627093351320,6.58,6.57,6.584302653867871
20230627093353580,6.58,6.57,6.584302653867871
20230627093353590,6.58,6.57,6.584302653867871
20230627093353600,6.58,6.57,6.584302653867871
20230627093353860,6.58,6.57,6.584302653867871
20230627093356190,6.58,6.57,6.584302653867871
20230627093356220,6.58,6.57,6.584302653867871
20230627093356420,6.58,6.57,6.584259362772499
20230627093356440,6.58,6.57,6.583685622317597
20230627093356530,6.58,6.57,6.583685622317597
20230627093356550,6.58,6.57,6.583685622317597
20230627093358370,6.58,6.57,6.583685622317597
20230627093358380,6.58,6.57,6.583685622317597
20230627093358460,6.58,6.57,6.583685622317597
20230627093358800,6.58,6.57,6.583685622317597
20230627093359040,6.58,6.57,6.583685622317597
20230627093359320,6.58,6.57,6.583589206182866
20230627093401030,6.58,6.57,6.583589206182866
20230627093401210,6.58,6.57,6.583589206182866
20230627093401370,6.58,6.57,6.583589206182866
20230627093401380,6.58,6.57,6.583589206182866
20230627093401480,6.58,6.57,6.583587326525269
20230627093404080,6.58,6.57,6.583587326525269
20230627093404140,6.58,6.57,6.583587326525269
20230627093404220,6.58,6.57,6.583587326525269
20230627093404830,6.58,6.57,6.583587326525269
20230627093406330,6.58,6.57,6.5835593660691085
20230627093406440,6.58,6.57,6.5835593660691085
20230627093407030,6.58,6.57,6.583558441558441
20230627093407080,6.58,6.57,6.583547384774728
20230627093407120,6.58,6.57,6.5835464664768315
20230627093407140,6.58,6.57,6.583542798034652
20230627093407410,6.58,6.57,6.583542798034652
20230627093407420,6.58,6.57,6.583535483870968
20230627093407440,6.58,6.57,6.583534571723426
20230627093409770,6.58,6.57,6.583534571723426
20230627093409880,6.58,6.57,6.583534571723426
20230627093410080,6.58,6.57,6.583516427104723
20230627093412540,6.58,6.57,6.583492225337752
20230627093412550,6.58,6.57,6.583487780040733
20230627093412580,6.58,6.57,6.583487780040733
20230627093412620,6.58,6.57,6.583487780040733
20230627093412640,6.58,6.57,6.583487780040733
20230627093414500,6.58,6.58,6.583487780040733
20230627093414620,6.58,6.58,6.583487780040733
20230627093415330,6.58,6.58,6.583487780040733
20230627093415400,6.58,6.58,6.583487780040733
20230627093420230,6.58,6.58,6.583487780040733
20230627093420440,6.58,6.58,6.583487780040733
20230627093423540,6.58,6.58,6.583487780040733
20230627093426290,6.58,6.57,6.583470111448835
20230627093428220,6.58,6.57,6.583470111448835
20230627093428310,6.58,6.57,6.583470111448835
20230627093428650,6.58,6.57,6.583470111448835
20230627093430590,6.58,6.57,6.583414755732802
20230627093430600,6.58,6.58,6.583413054309915
20230627093430690,6.58,6.57,6.583413054309915
20230627093430820,6.58,6.57,6.583413054309915
20230627093431070,6.58,6.57,6.583413054309915
20230627093431080,6.58,6.57,6.583413054309915
20230627093431730,6.58,6.57,6.583411354581673
20230627093433590,6.58,6.57,6.583411354581673
20230627093433670,6.58,6.57,6.583411354581673
20230627093433760,6.58,6.57,6.583411354581673
20230627093433850,6.58,6.57,6.583411354581673
20230627093433970,6.58,6.57,6.583411354581673
20230627093434140,6.58,6.58,6.583411354581673
20230627093436220,6.58,6.58,6.583411354581673
20230627093436490,6.58,6.57,6.583410505352253
20230627093436800,6.58,6.57,6.583410505352253
20230627093437110,6.58,6.57,6.583410505352253
20230627093437190,6.58,6.57,6.583410505352253
20230627093439450,6.58,6.57,6.583410505352253
20230627093439650,6.58,6.58,6.583410505352253
20230627093441640,6.58,6.58,6.583410505352253
20230627093441790,6.58,6.58,6.583410505352253
20230627093442230,6.58,6.58,6.583410505352253
20230627093442470,6.58,6.58,6.583410505352253
20230627093442490,6.58,6.58,6.583410505352253
20230627093444090,6.58,6.58,6.583410505352253
20230627093444180,6.58,6.58,6.583410505352253
20230627093444610,6.58,6.58,6.583410505352253
20230627093447650,6.58,6.58,6.583410505352253
20230627093447920,6.58,6.58,6.583410505352253
20230627093448030,6.58,6.58,6.583420333084763
20230627093449660,6.58,6.58,6.58342523596622
20230627093450090,6.58,6.58,6.58342523596622
20230627093450680,6.58,6.58,6.58342523596622
20230627093452300,6.58,6.58,6.58342523596622
20230627093455160,6.58,6.58,6.58342523596622
20230627093455190,6.58,6.58,6.58342523596622
20230627093458080,6.58,6.58,6.58342523596622
20230627093500320,6.58,6.58,6.58342523596622
20230627093500580,6.58,6.58,6.58342523596622
20230627093501060,6.58,6.58,6.58342523596622
20230627093501190,6.58,6.58,6.58342523596622
20230627093501270,6.58,6.58,6.58342523596622
20230627093501310,6.58,6.58,6.58342523596622
20230627093501320,6.58,6.58,6.58342523596622
20230627093503030,6.58,6.58,6.58342523596622
20230627093503160,6.58,6.58,6.58342523596622
20230627093504080,6.58,6.58,6.583393208661417
20230627093504100,6.58,6.57,6.583390705679863
20230627093504210,6.58,6.57,6.583390705679863
20230627093504220,6.58,6.58,6.583390705679863
20230627093505790,6.58,6.58,6.583390705679863
20230627093505830,6.58,6.58,6.583390705679863
20230627093505980,6.58,6.58,6.583390705679863
20230627093506150,6.58,6.58,6.583390705679863
20230627093506340,6.58,6.58,6.583390705679863
20230627093506490,6.58,6.58,6.583390705679863
20230627093506900,6.58,6.58,6.583390705679863
20230627093508430,6.58,6.58,6.583390705679863
20230627093509280,6.58,6.58,6.583390705679863
20230627093509320,6.58,6.58,6.583390705679863
20230627093509450,6.58,6.58,6.583390705679863
20230627093511080,6.58,6.58,6.583390705679863
20230627093511230,6.58,6.58,6.583390705679863
20230627093511530,6.58,6.58,6.583390705679863
20230627093511740,6.58,6.58,6.583390705679863
20230627093512280,6.58,6.58,6.583390705679863
20230627093513820,6.58,6.58,6.583390705679863
20230627093513890,6.58,6.58,6.583390705679863
20230627093513910,6.58,6.58,6.583390705679863
20230627093513990,6.58,6.58,6.583390705679863
20230627093514280,6.58,6.58,6.583390705679863
20230627093514290,6.58,6.58,6.583390705679863
20230627093514480,6.58,6.57,6.583390705679863
20230627093514560,6.58,6.57,6.5831355161437015
20230627093514570,6.58,6.57,6.583131955484896
20230627093514860,6.58,6.57,6.583131955484896
20230627093516810,6.58,6.57,6.583098180184228
20230627093516860,6.58,6.57,6.58309123514907
20230627093517180,6.58,6.57,6.58309123514907
20230627093519220,6.58,6.57,6.583098969995522
20230627093519240,6.58,6.57,6.583098969995522
20230627093519580,6.58,6.57,6.583098969995522
20230627093520020,6.58,6.57,6.583098969995522
20230627093522040,6.58,6.57,6.583098969995522
20230627093522050,6.58,6.57,6.583098969995522
20230627093522060,6.58,6.57,6.583098969995522
20230627093522070,6.58,6.57,6.583098969995522
20230627093522080,6.58,6.57,6.583098969995522
20230627093522090,6.58,6.57,6.583098969995522
20230627093522100,6.58,6.57,6.582993079584775
20230627093522110,6.58,6.57,6.582910223367698
20230627093522120,6.58,6.57,6.582910223367698
20230627093522130,6.58,6.57,6.582910223367698
20230627093522150,6.58,6.57,6.582910223367698
20230627093522160,6.58,6.57,6.582635007354487
20230627093522170,6.58,6.57,6.582635007354487
20230627093522300,6.58,6.57,6.582611955842533
20230627093522330,6.58,6.57,6.582611955842533
20230627093522340,6.58,6.57,6.582611955842533
20230627093522850,6.58,6.57,6.582582904222451
20230627093522860,6.58,6.57,6.582582904222451
20230627093523130,6.58,6.57,6.582582904222451
20230627093523150,6.58,6.57,6.582582904222451
20230627093524810,6.58,6.57,6.582582904222451
20230627093524820,6.58,6.58,6.582578125
20230627093525360,6.58,6.58,6.582591300779647
20230627093525380,6.58,6.58,6.58260647010647
20230627093525610,6.58,6.58,6.58260647010647
20230627093525650,6.58,6.58,6.58260647010647
20230627093525670,6.58,6.58,6.582591084876857
20230627093525710,6.58,6.58,6.582591084876857
20230627093527350,6.58,6.58,6.582591084876857
20230627093527590,6.58,6.58,6.582591084876857
20230627093527600,6.58,6.58,6.582591084876857
20230627093527670,6.58,6.58,6.582591084876857
20230627093527760,6.58,6.58,6.582575880210441
20230627093528080,6.58,6.58,6.582575880210441
20230627093528160,6.58,6.58,6.582575880210441
20230627093528170,6.58,6.58,6.582575880210441
20230627093528500,6.58,6.58,6.582575880210441
20230627093530740,6.58,6.58,6.582575880210441
20230627093530810,6.58,6.58,6.582575880210441
20230627093530830,6.58,6.58,6.582575880210441
20230627093531010,6.58,6.58,6.582575880210441
20230627093531070,6.58,6.58,6.5825743174924165
20230627093532870,6.58,6.58,6.5825743174924165
20230627093533120,6.58,6.58,6.5825743174924165
20230627093533220,6.58,6.58,6.5825743174924165
20230627093533290,6.58,6.58,6.582573797007683
20230627093533550,6.58,6.58,6.582573797007683
20230627093535790,6.58,6.58,6.582573797007683
20230627093535950,6.58,6.58,6.582573797007683
20230627093536040,6.58,6.58,6.582573797007683
20230627093536060,6.58,6.58,6.582566532258064
20230627093538960,6.58,6.58,6.582566532258064
20230627093539200,6.58,6.58,6.582566532258064
20230627093540960,6.58,6.58,6.582566532258064
20230627093543500,6.58,6.57,6.582414891499104
20230627093543990,6.58,6.57,6.582414891499104
20230627093544020,6.58,6.57,6.582414891499104
20230627093546460,6.58,6.57,6.582414891499104
20230627093546550,6.58,6.57,6.582414891499104
20230627093546680,6.58,6.57,6.582414891499104
20230627093547390,6.58,6.57,6.582414891499104
20230627093549070,6.58,6.57,6.582414891499104
20230627093549080,6.58,6.57,6.582414891499104
20230627093549110,6.58,6.57,6.582392164622082
20230627093549230,6.58,6.57,6.582392164622082
20230627093549330,6.58,6.57,6.582392164622082
20230627093551880,6.58,6.57,6.582392164622082
20230627093552090,6.58,6.57,6.582326313717772
20230627093552110,6.58,6.57,6.582326313717772
20230627093552230,6.58,6.57,6.582326313717772
20230627093552720,6.58,6.57,6.582326313717772
20230627093552740,6.58,6.57,6.582306938455508
20230627093554790,6.58,6.57,6.582306938455508
20230627093555030,6.58,6.57,6.582306938455508
20230627093555070,6.58,6.57,6.582306938455508
20230627093555080,6.58,6.57,6.582306938455508
20230627093555110,6.58,6.57,6.582306938455508
20230627093555340,6.58,6.57,6.582306938455508
20230627093555360,6.58,6.57,6.582306938455508
20230627093555410,6.58,6.57,6.582306938455508
20230627093555420,6.58,6.57,6.582306938455508
20230627093557110,6.58,6.57,6.582306938455508
20230627093557250,6.58,6.57,6.582306938455508
20230627093558180,6.58,6.57,6.582306938455508
20230627093559900,6.58,6.57,6.582306938455508
20230627093559980,6.58,6.57,6.582306938455508
20230627093600170,6.58,6.57,6.582306938455508
20230627093600430,6.58,6.57,6.582300313234143
20230627093600950,6.58,6.57,6.582300313234143
20230627093602650,6.58,6.57,6.582254729861518
20230627093603300,6.58,6.57,6.582254729861518
20230627093603320,6.58,6.57,6.582254729861518
20230627093605360,6.58,6.57,6.582254729861518
20230627093606240,6.58,6.57,6.582254729861518
20230627093607930,6.58,6.57,6.582254729861518
20230627093607970,6.58,6.57,6.582254729861518
20230627093608390,6.58,6.57,6.582254729861518
20230627093610700,6.58,6.57,6.582254729861518
20230627093610880,6.58,6.57,6.581906386204283
20230627093611300,6.58,6.57,6.581906386204283
20230627093611640,6.58,6.57,6.581830163810959
20230627093613260,6.58,6.57,6.581830163810959
20230627093613660,6.58,6.57,6.581818862275449
20230627093613830,6.58,6.57,6.581818862275449
20230627093614020,6.58,6.57,6.581818862275449
20230627093614420,6.58,6.57,6.581818862275449
20230627093616010,6.58,6.57,6.581818862275449
20230627093616390,6.58,6.57,6.581817501869858
20230627093617010,6.58,6.57,6.581817501869858
20230627093617130,6.58,6.57,6.581817501869858
20230627093618600,6.58,6.57,6.581817501869858
20230627093618950,6.58,6.57,6.581817501869858
20230627093619070,6.58,6.57,6.581817501869858
20230627093619080,6.58,6.57,6.581817501869858
20230627093619470,6.58,6.57,6.581817501869858
20230627093619480,6.58,6.57,6.581817501869858
20230627093619490,6.58,6.57,6.581817501869858
20230627093619550,6.58,6.57,6.581817501869858
20230627093621330,6.58,6.57,6.581817501869858
20230627093621800,6.58,6.57,6.581817501869858
20230627093621990,6.58,6.57,6.581817501869858
20230627093622260,6.58,6.57,6.581817501869858
20230627093624120,6.58,6.57,6.5818164829003925
20230627093624260,6.58,6.57,6.5818164829003925
20230627093624400,6.58,6.57,6.5818164829003925
20230627093624470,6.58,6.57,6.5818164829003925
20230627093626700,6.58,6.57,6.581781255822619
20230627093627230,6.58,6.58,6.58157999337529
20230627093627240,6.58,6.58,6.581575817641229
20230627093627250,6.58,6.58,6.581574517247071
20230627093627260,6.58,6.58,6.581573738040251
20230627093627270,6.58,6.58,6.581573218997361
20230627093627310,6.58,6.58,6.581572959604287
20230627093627320,6.58,6.58,6.581572700296736
20230627093627340,6.58,6.58,6.581571146245059
20230627093627350,6.58,6.58,6.581558823529412
20230627093627370,6.58,6.58,6.58155831427638
20230627093627380,6.58,6.58,6.58155805977462
20230627093627430,6.58,6.58,6.581557551020408
20230627093627440,6.58,6.58,6.581552229092092
20230627093627450,6.58,6.58,6.581490159325211
20230627093627460,6.58,6.57,6.581391684901532
20230627093627470,6.58,6.57,6.581391684901532
20230627093627480,6.58,6.57,6.581391684901532
20230627093627490,6.58,6.57,6.581391684901532
20230627093627510,6.58,6.57,6.581391684901532
20230627093627520,6.58,6.57,6.581391278984979
20230627093627660,6.58,6.57,6.581391278984979
20230627093627670,6.58,6.57,6.581346600813481
20230627093627680,6.58,6.57,6.581346600813481
20230627093627690,6.58,6.57,6.581346600813481
20230627093627700,6.58,6.57,6.581346600813481
20230627093627710,6.58,6.57,6.581346600813481
20230627093627720,6.58,6.57,6.581346600813481
20230627093627730,6.58,6.57,6.581346600813481
20230627093627740,6.58,6.57,6.581318649471092
20230627093627760,6.58,6.57,6.581317009562445
20230627093627790,6.58,6.57,6.581317009562445
20230627093627820,6.58,6.57,6.581317009562445
20230627093627830,6.58,6.57,6.581317009562445
20230627093627860,6.58,6.57,6.581317009562445
20230627093629560,6.58,6.57,6.581317009562445
20230627093630330,6.58,6.57,6.581317009562445
20230627093630460,6.58,6.57,6.581317009562445
20230627093630510,6.58,6.57,6.581317009562445
20230627093630520,6.58,6.57,6.581317009562445
20230627093632380,6.58,6.57,6.581317009562445
20230627093632570,6.58,6.57,6.581317009562445
20230627093632590,6.58,6.57,6.581317009562445
20230627093632620,6.58,6.57,6.581317009562445
20230627093632880,6.58,6.57,6.581317009562445
20230627093634920,6.58,6.57,6.581293913546335
20230627093635760,6.58,6.57,6.581293913546335
20230627093637990,6.58,6.57,6.581293913546335
20230627093638230,6.58,6.57,6.581288696904248
20230627093638380,6.58,6.57,6.581288696904248
20230627093638540,6.58,6.57,6.581288696904248
20230627093640420,6.58,6.57,6.581288140472078
20230627093640610,6.58,6.57,6.581288140472078
20230627093640690,6.58,6.57,6.580415670650731
20230627093640700,6.58,6.57,6.580415670650731
20230627093640710,6.58,6.57,6.580415670650731
20230627093640730,6.58,6.57,6.580415670650731
20230627093640750,6.58,6.57,6.5803784570596795
20230627093640840,6.58,6.57,6.5803784570596795
20230627093641040,6.58,6.57,6.5803784570596795
20230627093642990,6.58,6.57,6.5803784570596795
20230627093643150,6.58,6.57,6.5803784570596795
20230627093643180,6.58,6.57,6.5803784570596795
20230627093643190,6.58,6.57,6.5803784570596795
20230627093643320,6.58,6.57,6.5803784570596795
20230627093643350,6.58,6.57,6.580377857048488
20230627093643520,6.58,6.57,6.580377857048488
20230627093643640,6.58,6.57,6.580371814872595
20230627093643650,6.58,6.57,6.580371814872595
20230627093643690,6.58,6.57,6.580371814872595
20230627093646270,6.58,6.57,6.580371814872595
20230627093646330,6.58,6.57,6.580371814872595
20230627093646400,6.58,6.57,6.580371814872595
20230627093646420,6.58,6.57,6.580371283915357
20230627093646500,6.58,6.57,6.580371283915357
20230627093646650,6.58,6.57,6.580371283915357
20230627093646760,6.58,6.57,6.58036803500193
20230627093648290,6.58,6.57,6.58036803500193
20230627093648480,6.58,6.57,6.58036803500193
20230627093648650,6.58,6.57,6.58036803500193
20230627093648770,6.58,6.57,6.58036803500193
20230627093648800,6.58,6.57,6.58036803500193
20230627093648880,6.58,6.57,6.58036803500193
20230627093649080,6.58,6.57,6.580367940306188
20230627093649100,6.58,6.57,6.580367845659164
20230627093649110,6.58,6.57,6.5803625144620135
20230627093649400,6.58,6.57,6.580362281603289
20230627093649490,6.58,6.57,6.580362281603289
20230627093651760,6.58,6.57,6.580358641739794
20230627093651790,6.58,6.57,6.580358641739794
20230627093651800,6.58,6.57,6.580358641739794
20230627093656400,6.58,6.57,6.580357323872276
20230627093656830,6.58,6.57,6.580357323872276
20230627093657000,6.58,6.57,6.580357323872276
20230627093657360,6.58,6.57,6.580357323872276
20230627093659280,6.58,6.57,6.580357323872276
20230627093659450,6.58,6.57,6.580357323872276
20230627093659710,6.58,6.57,6.580357323872276
20230627093702170,6.58,6.57,6.580357323872276
20230627093702190,6.58,6.57,6.580357323872276
20230627093704570,6.58,6.57,6.580357323872276
20230627093705310,6.58,6.57,6.580357142857143
20230627093705640,6.58,6.57,6.580356646009864
20230627093707320,6.58,6.57,6.580356646009864
20230627093708180,6.58,6.57,6.580356646009864
20230627093710080,6.58,6.57,6.580356646009864
20230627093710140,6.58,6.57,6.580355111841274
20230627093710210,6.58,6.57,6.580355111841274
20230627093710300,6.58,6.57,6.580355111841274
20230627093710750,6.58,6.57,6.580355111841274
20230627093710810,6.58,6.57,6.580355111841274
20230627093711010,6.58,6.57,6.580355111841274
20230627093712710,6.58,6.57,6.580355111841274
20230627093712780,6.58,6.57,6.580355111841274
20230627093712800,6.58,6.57,6.580355111841274
20230627093712820,6.58,6.57,6.580355111841274
20230627093712910,6.58,6.57,6.580355111841274
20230627093713090,6.58,6.57,6.580355111841274
20230627093713180,6.58,6.57,6.580355111841274
20230627093713190,6.58,6.57,6.580355111841274
20230627093713340,6.58,6.57,6.580355111841274
20230627093713570,6.58,6.57,6.580326756315194
20230627093713580,6.58,6.57,6.580326756315194
20230627093713630,6.58,6.57,6.580326756315194
20230627093713720,6.58,6.57,6.580326756315194
20230627093715380,6.58,6.57,6.580326756315194
20230627093715590,6.58,6.57,6.580326756315194
20230627093716040,6.58,6.57,6.580287967947915
20230627093716050,6.58,6.57,6.580282818170442
20230627093716100,6.58,6.57,6.580231602540157
20230627093716110,6.58,6.57,6.580227781926811
20230627093716150,6.58,6.57,6.580227781926811
20230627093716210,6.58,6.57,6.580227781926811
20230627093716470,6.58,6.57,6.580227781926811
20230627093718320,6.58,6.57,6.580226368159204
20230627093718330,6.58,6.57,6.580226368159204
20230627093718530,6.58,6.57,6.580221282943809
20230627093718930,6.58,6.57,6.580221282943809
20230627093718960,6.58,6.57,6.580202258344708
20230627093719080,6.58,6.57,6.5801971970730495
20230627093719210,6.58,6.57,6.5801971970730495
20230627093720760,6.58,6.57,6.5801971970730495
20230627093720840,6.58,6.57,6.5801971970730495
20230627093720990,6.58,6.57,6.5801971970730495
20230627093721100,6.58,6.57,6.5801971970730495
20230627093721160,6.58,6.57,6.5801971970730495
20230627093721910,6.58,6.57,6.5801971970730495
20230627093721920,6.58,6.57,6.5801971970730495
20230627093723510,6.58,6.57,6.5801971970730495
20230627093723940,6.58,6.57,6.5801971970730495
20230627093724090,6.58,6.57,6.5801971970730495
20230627093724200,6.58,6.57,6.5801971970730495
20230627093731520,6.58,6.57,6.5801971970730495
20230627093732020,6.58,6.57,6.5801971970730495
20230627093732120,6.58,6.57,6.579951585572501
20230627093732130,6.58,6.57,6.5799479733817305
20230627093732200,6.58,6.57,6.5799479733817305
20230627093732330,6.58,6.57,6.5799479733817305
20230627093732580,6.58,6.57,6.579873904167167
20230627093734200,6.58,6.57,6.579873904167167
20230627093734310,6.58,6.57,6.579873904167167
20230627093734370,6.57,6.57,6.579873904167167
20230627093734520,6.57,6.57,6.579873904167167
20230627093734620,6.58,6.57,6.579873904167167
20230627093735020,6.58,6.57,6.579873904167167
20230627093735370,6.58,6.57,6.579873904167167
20230627093735420,6.58,6.57,6.579873904167167
20230627093737000,6.58,6.57,6.579873904167167
20230627093737190,6.58,6.57,6.579873904167167
20230627093737430,6.58,6.57,6.579873904167167
20230627093737760,6.58,6.57,6.579873904167167
20230627093739760,6.58,6.57,6.579873904167167
20230627093740410,6.58,6.57,6.579873904167167
20230627093742370,6.58,6.57,6.579873904167167
20230627093743180,6.57,6.57,6.579873904167167
20230627093743370,6.57,6.57,6.579873904167167
20230627093743400,6.57,6.57,6.579873904167167
20230627093743440,6.58,6.57,6.579608187134503
20230627093743490,6.58,6.57,6.579608187134503
20230627093743500,6.58,6.57,6.579545665814548
20230627093745290,6.58,6.57,6.579545665814548
20230627093745630,6.58,6.57,6.579545665814548
20230627093745800,6.58,6.57,6.579545665814548
20230627093745840,6.58,6.57,6.579545665814548
20230627093745890,6.57,6.57,6.579545665814548
20230627093746110,6.57,6.57,6.579545665814548
20230627093746230,6.57,6.57,6.579545665814548
20230627093750500,6.57,6.57,6.579545665814548
20230627093751520,6.57,6.57,6.579545665814548
20230627093751580,6.58,6.57,6.579253135689852
20230627093751590,6.57,6.57,6.579147784917145
20230627093751610,6.57,6.57,6.579147784917145
20230627093751620,6.57,6.57,6.579147784917145
20230627093753390,6.57,6.57,6.579147784917145
20230627093753550,6.57,6.57,6.579147784917145
20230627093753820,6.57,6.57,6.579147784917145
20230627093755830,6.57,6.57,6.579147784917145
20230627093755900,6.57,6.57,6.579147784917145
20230627093758640,6.57,6.57,6.579115929004718
20230627093801200,6.57,6.57,6.579115929004718
20230627093801210,6.57,6.57,6.579115929004718
20230627093801320,6.57,6.57,6.579115929004718
20230627093801400,6.57,6.57,6.579115929004718
20230627093801940,6.57,6.57,6.579115929004718
20230627093802050,6.58,6.57,6.579115929004718
20230627093804070,6.58,6.57,6.579115929004718
20230627093804080,6.58,6.57,6.579115929004718
20230627093804100,6.58,6.57,6.579115929004718
20230627093804420,6.58,6.57,6.579115929004718
20230627093805090,6.57,6.57,6.579115929004718
20230627093806630,6.57,6.57,6.579115929004718
20230627093806640,6.57,6.57,6.57903283448738
20230627093806660,6.57,6.57,6.57903283448738
20230627093807360,6.57,6.57,6.57903283448738
20230627093807370,6.57,6.57,6.57903283448738
20230627093807570,6.57,6.57,6.57903283448738
20230627093807580,6.57,6.57,6.57903283448738
20230627093810080,6.57,6.57,6.57903283448738
20230627093810100,6.57,6.57,6.57903283448738
20230627093810330,6.57,6.57,6.57903283448738
20230627093810340,6.57,6.57,6.57903283448738
20230627093810360,6.57,6.57,6.57903283448738
20230627093810490,6.57,6.57,6.57903283448738
20230627093812270,6.57,6.57,6.57903283448738
20230627093813010,6.57,6.57,6.57903283448738
20230627093813050,6.57,6.57,6.57903283448738
20230627093813140,6.57,6.57,6.57903283448738
20230627093813190,6.57,6.57,6.57903283448738
20230627093814710,6.57,6.57,6.57900267141585
20230627093814740,6.57,6.57,6.57900267141585
20230627093815860,6.57,6.57,6.57900267141585
20230627093815880,6.57,6.57,6.57900267141585
20230627093817520,6.57,6.57,6.57900267141585
20230627093817670,6.57,6.57,6.57900267141585
20230627093818040,6.58,6.57,6.578930109307718
20230627093818050,6.58,6.57,6.578930109307718
20230627093818070,6.57,6.57,6.578857737378162
20230627093818080,6.57,6.57,6.578857737378162
20230627093818090,6.57,6.57,6.578857737378162
20230627093818100,6.57,6.57,6.578856767411301
20230627093818120,6.57,6.57,6.5788509520682865
20230627093818160,6.57,6.57,6.5788509520682865
20230627093818180,6.57,6.57,6.5788509520682865
20230627093818230,6.57,6.57,6.5788509520682865
20230627093820820,6.57,6.57,6.5788509520682865
20230627093820830,6.57,6.57,6.5788509520682865
20230627093820880,6.57,6.57,6.5788509520682865
20230627093820900,6.57,6.57,6.5788480472596
20230627093821080,6.57,6.57,6.5788480472596
20230627093821100,6.57,6.57,6.5788480472596
20230627093821330,6.57,6.57,6.5788480472596
20230627093823460,6.57,6.57,6.5788480472596
20230627093823520,6.57,6.57,6.5788354817566095
20230627093823570,6.57,6.57,6.5788354817566095
20230627093823860,6.57,6.57,6.578831622625027
20230627093823920,6.57,6.57,6.578831622625027
20230627093826030,6.57,6.57,6.578831622625027
20230627093826280,6.57,6.57,6.578828730487938
20230627093826430,6.57,6.57,6.578828730487938
20230627093826490,6.57,6.57,6.578827766863131
20230627093828600,6.57,6.56,6.578376478108022
20230627093828760,6.57,6.56,6.578367564116207
20230627093828770,6.57,6.56,6.578367564116207
20230627093829270,6.57,6.56,6.578367564116207
20230627093829280,6.57,6.56,6.578359208847299
20230627093829390,6.57,6.56,6.578359208847299
20230627093829410,6.57,6.56,6.578359208847299
20230627093830990,6.57,6.56,6.578359208847299
20230627093831050,6.57,6.56,6.578359208847299
20230627093831090,6.57,6.56,6.578320602588585
20230627093831370,6.57,6.56,6.578320602588585
20230627093831390,6.57,6.56,6.578320602588585
20230627093831460,6.57,6.57,6.578288069322625
20230627093831490,6.57,6.57,6.578288069322625
20230627093831530,6.57,6.57,6.578281942977824
20230627093831540,6.57,6.57,6.578257527900611
20230627093831610,6.57,6.57,6.578254051778573
20230627093831620,6.57,6.57,6.578254051778573
20230627093831630,6.57,6.57,6.5782531832053035
20230627093831650,6.57,6.57,6.5782531832053035
20230627093831690,6.57,6.57,6.5782531832053035
20230627093831710,6.57,6.57,6.578249710739455
20230627093831760,6.57,6.57,6.578253934942287
20230627093834070,6.57,6.56,6.578231065736015
20230627093834080,6.57,6.56,6.578231065736015
20230627093834110,6.57,6.56,6.578231065736015
20230627093834140,6.57,6.56,6.578231065736015
20230627093834180,6.57,6.56,6.578148721122112
20230627093834300,6.57,6.56,6.578113575682892
20230627093834380,6.57,6.56,6.578113575682892
20230627093834410,6.57,6.56,6.578113575682892
20230627093834440,6.57,6.56,6.578112742581374
20230627093834500,6.57,6.57,6.578109411885456
20230627093836330,6.57,6.57,6.578109411885456
20230627093836470,6.57,6.57,6.578109411885456
20230627093836620,6.57,6.57,6.578109411885456
20230627093836700,6.57,6.57,6.578109411885456
20230627093836880,6.58,6.57,6.578119640669661
20230627093836900,6.58,6.57,6.578119640669661
20230627093836910,6.58,6.57,6.578119640669661
20230627093837230,6.58,6.57,6.578119640669661
20230627093837250,6.58,6.57,6.578119640669661
20230627093837300,6.58,6.57,6.578120408163265
20230627093837310,6.58,6.57,6.578120408163265
20230627093839850,6.58,6.57,6.578120408163265
20230627093841790,6.58,6.57,6.578120408163265
20230627093841800,6.58,6.57,6.578120408163265
20230627093841900,6.58,6.57,6.578098097079475
20230627093842000,6.58,6.57,6.578098097079475
20230627093842300,6.58,6.57,6.578098097079475
20230627093842500,6.58,6.57,6.57809804719284
20230627093842610,6.58,6.57,6.57809804719284
20230627093844650,6.58,6.57,6.57809804719284
20230627093844670,6.58,6.57,6.57809804719284
20230627093844890,6.58,6.57,6.57809804719284
20230627093845330,6.58,6.57,6.57809804719284
20230627093847340,6.58,6.57,6.57809804719284
20230627093847450,6.58,6.57,6.57809804719284
20230627093847530,6.58,6.57,6.578087548242942
20230627093849770,6.58,6.57,6.578087548242942
20230627093849790,6.58,6.57,6.578087548242942
20230627093849820,6.58,6.57,6.578087548242942
20230627093850220,6.58,6.57,6.578087548242942
20230627093850230,6.58,6.57,6.578087548242942
20230627093850280,6.58,6.57,6.578087548242942
20230627093850640,6.58,6.57,6.578087548242942
20230627093852480,6.58,6.57,6.578087548242942
20230627093852750,6.58,6.57,6.578087548242942
20230627093852770,6.58,6.57,6.5780939366332625
20230627093852800,6.58,6.57,6.578094129554656
20230627093852840,6.58,6.57,6.578094129554656
20230627093853490,6.58,6.57,6.578094129554656
20230627093855630,6.58,6.57,6.578094129554656
20230627093855690,6.58,6.57,6.578094129554656
20230627093856090,6.58,6.57,6.578094322437
20230627093857940,6.58,6.57,6.578094322437
20230627093857960,6.58,6.57,6.578094322437
20230627093858260,6.58,6.57,6.578094322437
20230627093858400,6.58,6.57,6.578094322437
20230627093901080,6.58,6.57,6.578094322437
20230627093901090,6.58,6.57,6.578094322437
20230627093901410,6.58,6.57,6.578094322437
20230627093901480,6.58,6.57,6.578094322437
20230627093903610,6.58,6.57,6.578094322437
20230627093903770,6.58,6.57,6.578094322437
20230627093904080,6.57,6.57,6.578072848350318
20230627093904090,6.57,6.57,6.578072848350318
20230627093904120,6.57,6.57,6.578072848350318
20230627093904180,6.57,6.57,6.578072848350318
20230627093904510,6.57,6.57,6.578069591527988
20230627093906690,6.57,6.57,6.578069591527988
20230627093907220,6.57,6.57,6.578069591527988
20230627093908720,6.57,6.57,6.578069591527988
20230627093909030,6.57,6.57,6.578069591527988
20230627093909700,6.57,6.57,6.578069591527988
20230627093909830,6.57,6.57,6.578069591527988
20230627093911450,6.57,6.57,6.578069591527988
20230627093912190,6.57,6.57,6.578067150635209
20230627093914450,6.57,6.57,6.578065524193549
20230627093914510,6.57,6.57,6.578063085760355
20230627093914520,6.57,6.57,6.578062273276904
20230627093914540,6.57,6.57,6.578041206030151
20230627093914850,6.57,6.57,6.578041206030151
20230627093915150,6.57,6.57,6.578041206030151
20230627093916980,6.57,6.57,6.578041206030151
20230627093916990,6.57,6.57,6.578041206030151
20230627093917540,6.57,6.57,6.578041206030151
20230627093917670,6.57,6.57,6.578038782276701
20230627093919640,6.57,6.57,6.578038782276701
20230627093920490,6.57,6.57,6.578038782276701
20230627093920500,6.57,6.57,6.578038782276701
20230627093920510,6.57,6.57,6.578038782276701
20230627093920530,6.57,6.57,6.578038782276701
20230627093922440,6.57,6.57,6.578034745932918
20230627093922490,6.57,6.57,6.578031519775146
20230627093922610,6.57,6.57,6.578029101856497
20230627093922630,6.57,6.57,6.578018641010223
20230627093922750,6.57,6.57,6.5779946043165465
20230627093922760,6.57,6.57,6.5779946043165465
20230627093922790,6.57,6.57,6.5779946043165465
20230627093923040,6.57,6.57,6.5779946043165465
20230627093923070,6.57,6.57,6.5779946043165465
20230627093925070,6.57,6.57,6.577954545454546
20230627093925080,6.57,6.57,6.5779529599362165
20230627093925090,6.57,6.57,6.5779529599362165
20230627093925100,6.57,6.57,6.577951375049821
20230627093925210,6.57,6.57,6.577951375049821
20230627093926050,6.57,6.57,6.577948998904273
20230627093926060,6.57,6.57,6.577948998904273
20230627093928080,6.57,6.57,6.57794425087108
20230627093928090,6.57,6.57,6.57794425087108
20230627093928770,6.57,6.57,6.577939508506616
20230627093928780,6.57,6.57,6.577939508506616
20230627093928790,6.57,6.57,6.5779103885804915
20230627093928800,6.57,6.57,6.5779103885804915
20230627093928810,6.57,6.57,6.577900207900208
20230627093931070,6.57,6.57,6.577900207900208
20230627093931290,6.57,6.57,6.577900207900208
20230627093931300,6.57,6.57,6.577900207900208
20230627093931340,6.57,6.57,6.577900207900208
20230627093931400,6.57,6.57,6.577898851939826
20230627093933330,6.57,6.57,6.577898851939826
20230627093933600,6.57,6.57,6.577898851939826
20230627093933610,6.57,6.57,6.577898851939826
20230627093934080,6.57,6.57,6.577897339531203
20230627093934120,6.57,6.57,6.577897339531203
20230627093934180,6.57,6.57,6.577897339531203
20230627093935740,6.57,6.57,6.577897339531203
20230627093935800,6.57,6.57,6.577897339531203
20230627093936610,6.57,6.57,6.577897339531203
20230627093936620,6.57,6.57,6.577897339531203
20230627093938370,6.57,6.57,6.577897339531203
20230627093938460,6.57,6.57,6.577897339531203
20230627093938590,6.57,6.57,6.577897339531203
20230627093939100,6.57,6.57,6.577897339531203
20230627093939280,6.57,6.57,6.577897339531203
20230627093941050,6.57,6.57,6.577897339531203
20230627093941140,6.57,6.57,6.577897339531203
20230627093941190,6.57,6.57,6.577896296296296
20230627093942070,6.57,6.57,6.577896296296296
20230627093942080,6.57,6.57,6.577896296296296
20230627093943850,6.57,6.57,6.577896296296296
20230627093943870,6.57,6.57,6.577896296296296
20230627093944830,6.57,6.57,6.577896504048983
20230627093946680,6.57,6.57,6.57790044356826
20230627093946710,6.57,6.57,6.57790044356826
20230627093946720,6.57,6.57,6.57790044356826
20230627093947200,6.57,6.57,6.57790044356826
20230627093947420,6.57,6.57,6.57790044356826
20230627093947520,6.57,6.57,6.57790044356826
20230627093947570,6.57,6.57,6.57790044356826
20230627093947650,6.57,6.57,6.57790044356826
20230627093947670,6.57,6.57,6.57790044356826
20230627093952030,6.57,6.57,6.577888003149297
20230627093952070,6.57,6.57,6.577881022615536
20230627093952080,6.57,6.57,6.577881022615536
20230627093952210,6.57,6.57,6.577881022615536
20230627093952280,6.57,6.57,6.577879473063311
20230627093952320,6.57,6.57,6.577879473063311
20230627093952410,6.57,6.57,6.577879473063311
20230627093952420,6.57,6.57,6.57790011682243
20230627093952430,6.57,6.57,6.57790011682243
20230627093952460,6.57,6.57,6.57790011682243
20230627093952690,6.57,6.57,6.57790011682243
20230627093953000,6.57,6.57,6.57790011682243
20230627093954600,6.58,6.57,6.57790011682243
20230627093955390,6.58,6.57,6.57790011682243
20230627093955680,6.58,6.57,6.577905825242718
20230627093957380,6.58,6.57,6.577905825242718
20230627093957400,6.58,6.57,6.577905825242718
20230627093958080,6.58,6.57,6.577906435018926
20230627093958460,6.58,6.57,6.577906435018926
20230627094000080,6.58,6.57,6.577906435018926
20230627094000090,6.58,6.57,6.577906435018926
20230627094000160,6.58,6.57,6.577906435018926
20230627094000360,6.58,6.57,6.577906435018926
20230627094001080,6.58,6.57,6.577868108525635
20230627094001110,6.58,6.57,6.577868108525635
20230627094001120,6.58,6.57,6.577868108525635
20230627094003110,6.58,6.57,6.5778565921356975
20230627094003120,6.58,6.57,6.577854321225551
20230627094003480,6.58,6.57,6.577855767379164
20230627094006460,6.58,6.57,6.577855767379164
20230627094008790,6.58,6.57,6.577855973813421
20230627094008800,6.58,6.57,6.577855973813421
20230627094010850,6.58,6.57,6.577855973813421
20230627094010880,6.58,6.57,6.577855973813421
20230627094011010,6.58,6.57,6.577856180207932
20230627094011020,6.58,6.57,6.57785638656271
20230627094011070,6.58,6.57,6.57785638656271
20230627094011130,6.58,6.57,6.57785638656271
20230627094016170,6.58,6.57,6.57785638656271
20230627094016230,6.58,6.57,6.57785638656271
20230627094016860,6.58,6.57,6.57785638656271
20230627094016900,6.58,6.57,6.57785638656271
20230627094016910,6.58,6.57,6.57785638656271
20230627094016990,6.58,6.57,6.57785638656271
20230627094017020,6.58,6.57,6.5778090317642555
20230627094019220,6.58,6.57,6.5778090317642555
20230627094019360,6.58,6.57,6.5778090317642555
20230627094019370,6.58,6.57,6.5778090317642555
20230627094019700,6.58,6.57,6.5778090317642555
20230627094019740,6.58,6.57,6.5778090317642555
20230627094019800,6.58,6.57,6.5778090317642555
20230627094021580,6.58,6.57,6.5778090317642555
20230627094021680,6.58,6.57,6.5778090317642555
20230627094022120,6.58,6.57,6.5778090317642555
20230627094022170,6.58,6.57,6.5778090317642555
20230627094022310,6.58,6.57,6.5778090317642555
20230627094022350,6.58,6.57,6.5778090317642555
20230627094022550,6.58,6.57,6.5778090317642555
20230627094022610,6.58,6.57,6.577814878234399
20230627094024270,6.58,6.57,6.577814878234399
20230627094025080,6.58,6.57,6.577814878234399
20230627094025260,6.58,6.57,6.577814878234399
20230627094027030,6.58,6.57,6.577814878234399
20230627094027380,6.58,6.57,6.577814878234399
20230627094027610,6.58,6.57,6.577814878234399
20230627094028170,6.58,6.57,6.577814758463294
20230627094030540,6.58,6.57,6.57781600456187
20230627094030710,6.58,6.57,6.57781600456187
20230627094030730,6.58,6.57,6.57781600456187
20230627094030840,6.58,6.57,6.577706146926537
20230627094032840,6.58,6.57,6.577706146926537
20230627094033020,6.58,6.57,6.577706791569087
20230627094035270,6.58,6.57,6.577688785046729
20230627094035630,6.58,6.57,6.577688785046729
20230627094036090,6.58,6.57,6.577688785046729
20230627094038120,6.58,6.57,6.577689432869289
20230627094040470,6.58,6.57,6.577689432869289
20230627094041030,6.58,6.57,6.577672944247623
20230627094043900,6.58,6.57,6.57767359492963
20230627094044020,6.58,6.57,6.57767359492963
20230627094046070,6.58,6.57,6.577672164756313
20230627094046080,6.58,6.57,6.577671449869549
20230627094046370,6.58,6.57,6.577672534227438
20230627094046660,6.58,6.57,6.577670391061453
20230627094046740,6.58,6.57,6.577673856452213
20230627094048860,6.58,6.57,6.577673856452213
20230627094048930,6.58,6.57,6.577673856452213
20230627094049070,6.58,6.57,6.577673856452213
20230627094049090,6.58,6.57,6.577673856452213
20230627094049150,6.58,6.57,6.577673856452213
20230627094049270,6.58,6.57,6.577673856452213
20230627094049320,6.58,6.57,6.577674072696849
20230627094051250,6.58,6.57,6.577674072696849
20230627094051640,6.58,6.57,6.577555372505949
20230627094051680,6.58,6.57,6.577555372505949
20230627094052210,6.58,6.57,6.577555372505949
20230627094054080,6.58,6.57,6.577555372505949
20230627094054330,6.58,6.57,6.577555372505949
20230627094054390,6.58,6.57,6.577555372505949
20230627094054430,6.58,6.57,6.577555372505949
20230627094055070,6.58,6.57,6.577555372505949
20230627094055080,6.58,6.57,6.577555372505949
20230627094055180,6.58,6.57,6.577555372505949
20230627094055190,6.58,6.57,6.577555372505949
20230627094056740,6.58,6.57,6.577555372505949
20230627094056780,6.58,6.57,6.577555372505949
20230627094057270,6.58,6.57,6.577555372505949
20230627094100080,6.58,6.57,6.577555372505949
20230627094100090,6.58,6.57,6.577555372505949
20230627094100600,6.58,6.57,6.577555372505949
20230627094102590,6.58,6.57,6.577555372505949
20230627094103000,6.58,6.57,6.577555372505949
20230627094103010,6.58,6.57,6.577555372505949
20230627094103050,6.58,6.57,6.577555372505949
20230627094103130,6.58,6.57,6.577555372505949
20230627094104950,6.58,6.57,6.577555372505949
20230627094104970,6.58,6.57,6.577555372505949
20230627094104990,6.58,6.57,6.577555372505949
20230627094107670,6.58,6.57,6.577555372505949
20230627094107950,6.58,6.57,6.577555372505949
20230627094110250,6.58,6.57,6.577555372505949
20230627094111020,6.58,6.57,6.577555372505949
20230627094112880,6.58,6.57,6.577555372505949
20230627094113650,6.58,6.57,6.577555372505949
20230627094113660,6.58,6.57,6.577555372505949
20230627094113790,6.58,6.57,6.577555372505949
20230627094113850,6.58,6.57,6.577555372505949
20230627094114010,6.58,6.57,6.577555372505949
20230627094114040,6.58,6.57,6.577555372505949
20230627094116590,6.58,6.57,6.577558948414491
20230627094116610,6.58,6.57,6.577558948414491
20230627094118340,6.58,6.57,6.577558948414491
20230627094118560,6.58,6.57,6.577558948414491
20230627094118790,6.58,6.57,6.577558948414491
20230627094119140,6.58,6.57,6.577457883946876
20230627094119150,6.58,6.57,6.577456554674272
20230627094119160,6.58,6.57,6.577456554674272
20230627094119210,6.58,6.57,6.577456554674272
20230627094119230,6.58,6.57,6.577456554674272
20230627094119390,6.58,6.57,6.577450823319982
20230627094119430,6.58,6.57,6.5774576120727914
20230627094119440,6.58,6.57,6.5774576120727914
20230627094119460,6.58,6.57,6.5774576120727914
20230627094121370,6.58,6.57,6.5774576120727914
20230627094121770,6.58,6.57,6.5774576120727914
20230627094121870,6.58,6.57,6.5774576120727914
20230627094122070,6.58,6.57,6.5774576120727914
20230627094122080,6.58,6.57,6.5774576120727914
20230627094123940,6.58,6.57,6.5774576120727914
20230627094124410,6.58,6.57,6.5774576120727914
20230627094124870,6.58,6.57,6.5774576120727914
20230627094127460,6.58,6.57,6.5774576120727914
20230627094127480,6.58,6.57,6.5774576120727914
20230627094129410,6.58,6.57,6.5774576120727914
20230627094130110,6.58,6.57,6.5774576120727914
20230627094130120,6.58,6.57,6.5774576120727914
20230627094130150,6.58,6.58,6.5774576120727914
20230627094131810,6.58,6.58,6.5774576120727914
20230627094132420,6.58,6.57,6.5774576120727914
20230627094132540,6.58,6.57,6.5774576120727914
20230627094132550,6.58,6.57,6.5774576120727914
20230627094132770,6.58,6.57,6.5774576120727914
20230627094133000,6.58,6.57,6.5774576120727914
20230627094135160,6.58,6.57,6.5774576120727914
20230627094135650,6.58,6.57,6.5774576120727914
20230627094137350,6.58,6.57,6.5774576120727914
20230627094137770,6.58,6.57,6.5774576120727914
20230627094137780,6.58,6.57,6.5774576120727914
20230627094138110,6.58,6.57,6.5774576120727914
20230627094140000,6.58,6.57,6.5774576120727914
20230627094140110,6.58,6.57,6.5774576120727914
20230627094140330,6.58,6.57,6.5774576120727914
20230627094140640,6.58,6.57,6.5774576120727914
20230627094140710,6.58,6.57,6.5774576120727914
20230627094142810,6.58,6.57,6.57730107258668
20230627094142820,6.58,6.57,6.57730107258668
20230627094142830,6.58,6.57,6.57730107258668
20230627094143020,6.58,6.57,6.57730107258668
20230627094143770,6.58,6.56,6.577286532237989
20230627094143810,6.58,6.56,6.577286532237989
20230627094145250,6.58,6.56,6.577286532237989
20230627094145930,6.58,6.56,6.577286532237989
20230627094145950,6.58,6.56,6.577286532237989
20230627094146080,6.58,6.56,6.577286532237989
20230627094146150,6.58,6.57,6.577286532237989
20230627094146200,6.58,6.57,6.577286532237989
20230627094146350,6.58,6.57,6.577286532237989
20230627094148140,6.58,6.57,6.577286532237989
20230627094148520,6.58,6.57,6.577286532237989
20230627094149090,6.58,6.57,6.577286532237989
20230627094149140,6.58,6.57,6.577286532237989
20230627094150720,6.58,6.57,6.577286532237989
20230627094151630,6.58,6.57,6.577286532237989
20230627094153490,6.58,6.57,6.577286532237989
20230627094154390,6.58,6.57,6.577313727100961
20230627094154400,6.58,6.57,6.577313727100961
20230627094154610,6.58,6.57,6.577313727100961
20230627094156900,6.58,6.57,6.577313727100961
20230627094156920,6.58,6.57,6.577313727100961
20230627094157150,6.58,6.57,6.577313727100961
20230627094159010,6.58,6.57,6.577313727100961
20230627094159050,6.58,6.57,6.577313727100961
20230627094159090,6.58,6.57,6.577313727100961
20230627094159120,6.58,6.57,6.577313727100961
20230627094201680,6.58,6.57,6.577313727100961
20230627094201720,6.58,6.57,6.577313727100961
20230627094201760,6.58,6.57,6.577313727100961
20230627094201830,6.58,6.57,6.577313727100961
20230627094202010,6.58,6.57,6.577313727100961
20230627094202100,6.58,6.57,6.5774100607382024
20230627094202140,6.58,6.58,6.5774100607382024
20230627094202400,6.58,6.58,6.5774100607382024
20230627094204300,6.58,6.58,6.577419856831622
20230627094204710,6.58,6.58,6.577419856831622
20230627094204850,6.58,6.58,6.577419856831622
20230627094205310,6.58,6.58,6.577419856831622
20230627094206950,6.58,6.58,6.577419856831622
20230627094206990,6.58,6.58,6.577419856831622
20230627094207240,6.58,6.58,6.577419856831622
20230627094207390,6.58,6.58,6.577425727173744
20230627094207640,6.58,6.58,6.577425727173744
20230627094207660,6.58,6.58,6.5774880049527935
20230627094207800,6.58,6.58,6.5774880049527935
20230627094207810,6.58,6.58,6.578334776334776
20230627094207850,6.58,6.59,6.578334776334776
20230627094207880,6.58,6.59,6.578334776334776
20230627094208000,6.58,6.59,6.578334776334776
20230627094209590,6.58,6.59,6.578334776334776
20230627094209800,6.58,6.59,6.578334776334776
20230627094210110,6.58,6.59,6.578334776334776
20230627094210170,6.58,6.59,6.578334776334776
20230627094210360,6.58,6.59,6.578334776334776
20230627094210730,6.58,6.59,6.578334776334776
20230627094212770,6.58,6.59,6.578334776334776
20230627094212920,6.58,6.59,6.578334776334776
20230627094213440,6.58,6.59,6.578334776334776
20230627094215070,6.58,6.59,6.578334776334776
20230627094215410,6.58,6.59,6.578334776334776
20230627094215920,6.58,6.59,6.578334776334776
20230627094215960,6.58,6.59,6.578334776334776
20230627094216080,6.58,6.59,6.578372461471986
20230627094216120,6.58,6.59,6.578372461471986
20230627094216200,6.58,6.59,6.578372461471986
20230627094218440,6.58,6.59,6.578372461471986
20230627094220460,6.58,6.59,6.578372461471986
20230627094220580,6.58,6.59,6.578372461471986
20230627094221290,6.58,6.59,6.578372461471986
20230627094225920,6.58,6.59,6.578372461471986
20230627094225970,6.58,6.58,6.578387350647493
20230627094226070,6.58,6.58,6.578387350647493
20230627094226330,6.58,6.58,6.578387350647493
20230627094226340,6.58,6.58,6.578387350647493
20230627094226400,6.58,6.58,6.578387350647493
20230627094228490,6.58,6.58,6.578387350647493
20230627094229010,6.58,6.58,6.578387350647493
20230627094229230,6.58,6.58,6.578387350647493
20230627094229680,6.58,6.58,6.578387350647493
20230627094232020,6.58,6.58,6.578387350647493
20230627094232050,6.58,6.58,6.578387350647493
20230627094234400,6.58,6.58,6.578387350647493
20230627094234600,6.58,6.58,6.578387350647493
20230627094234840,6.58,6.58,6.578387350647493
20230627094237010,6.58,6.58,6.578387350647493
20230627094237100,6.58,6.58,6.578387350647493
20230627094237420,6.58,6.58,6.578387350647493
20230627094237680,6.58,6.58,6.578387350647493
20230627094237780,6.58,6.58,6.578387350647493
20230627094239750,6.58,6.58,6.578387350647493
20230627094240180,6.58,6.58,6.578526896161731
20230627094240220,6.58,6.58,6.578542351542281
20230627094240240,6.58,6.58,6.578553560198449
20230627094240280,6.58,6.58,6.578553560198449
20230627094240290,6.58,6.58,6.578553560198449
20230627094240310,6.58,6.58,6.578553560198449
20230627094240320,6.58,6.58,6.578553661263276
20230627094240330,6.58,6.58,6.578554065381391
20230627094240340,6.58,6.58,6.578554065381391
20230627094240360,6.58,6.58,6.578554065381391
20230627094240400,6.58,6.58,6.578554065381391
20230627094242130,6.58,6.58,6.578554065381391
20230627094242310,6.58,6.58,6.5785668434272955
20230627094242370,6.58,6.58,6.578593108249217
20230627094242580,6.58,6.58,6.578595489977729
20230627094242800,6.58,6.58,6.578595489977729
20230627094243000,6.58,6.58,6.578595489977729
20230627094243020,6.58,6.58,6.578595489977729
20230627094243070,6.58,6.58,6.578597052280312
20230627094243080,6.58,6.58,6.578599000277701
20230627094243090,6.58,6.58,6.578600069372182
20230627094243170,6.58,6.58,6.578600069372182
20230627094244790,6.58,6.58,6.578600069372182
20230627094245020,6.58,6.58,6.578678608336204
20230627094245130,6.58,6.58,6.578678608336204
20230627094245640,6.58,6.58,6.578678608336204
20230627094247790,6.58,6.58,6.578678608336204
20230627094247800,6.58,6.58,6.578678608336204
20230627094250910,6.58,6.58,6.578680947788952
20230627094251010,6.58,6.58,6.578680947788952
20230627094251030,6.58,6.58,6.578680947788952
20230627094251070,6.58,6.58,6.578680947788952
20230627094253140,6.58,6.58,6.578680947788952
20230627094253260,6.58,6.58,6.578680947788952
20230627094253550,6.58,6.58,6.578680947788952
20230627094253560,6.58,6.58,6.578680947788952
20230627094253680,6.58,6.58,6.578680947788952
20230627094255500,6.58,6.58,6.578680947788952
20230627094256380,6.58,6.58,6.578680947788952
20230627094256390,6.58,6.58,6.578680947788952
20230627094258550,6.58,6.58,6.578682037164487
20230627094258590,6.58,6.58,6.578682399889913
20230627094259050,6.58,6.58,6.578682399889913
20230627094259110,6.58,6.58,6.578683758333906
20230627094301070,6.58,6.58,6.578686016193221
20230627094301080,6.58,6.58,6.578686556927297
20230627094301110,6.58,6.58,6.578689074479737
20230627094301120,6.58,6.58,6.578689074479737
20230627094301140,6.58,6.58,6.578689074479737
20230627094301260,6.58,6.58,6.578689074479737
20230627094301440,6.58,6.58,6.578692170818505
20230627094302030,6.58,6.58,6.578692170818505
20230627094302090,6.58,6.58,6.578693601312551
20230627094304070,6.58,6.58,6.578696630746147
20230627094304080,6.58,6.58,6.578703791629926
20230627094304370,6.58,6.58,6.578703791629926
20230627094304380,6.58,6.58,6.578703791629926
20230627094304400,6.58,6.58,6.578703791629926
20230627094304470,6.58,6.58,6.578704494610535
20230627094306440,6.58,6.58,6.578704494610535
20230627094306560,6.58,6.58,6.578704494610535
20230627094306950,6.58,6.58,6.578704494610535
20230627094307040,6.58,6.58,6.578704494610535
20230627094307060,6.58,6.58,6.578704494610535
20230627094307070,6.58,6.58,6.57871067908735
20230627094307080,6.58,6.58,6.57871067908735
20230627094307090,6.58,6.58,6.57871067908735
20230627094307110,6.58,6.58,6.57871067908735
20230627094307120,6.58,6.58,6.57871067908735
20230627094307130,6.58,6.58,6.57871067908735
20230627094307140,6.58,6.58,6.57871067908735
20230627094307170,6.58,6.58,6.57871067908735
20230627094307180,6.58,6.58,6.57871067908735
20230627094307240,6.58,6.58,6.57871067908735
20230627094307340,6.58,6.58,6.57871067908735
20230627094307440,6.58,6.58,6.57871067908735
20230627094309030,6.58,6.58,6.57871067908735
20230627094309380,6.58,6.58,6.578699279994617
20230627094309890,6.58,6.58,6.578699279994617
20230627094310050,6.58,6.58,6.578707974065905
20230627094310100,6.58,6.58,6.578707974065905
20230627094311680,6.58,6.58,6.578707974065905
20230627094311940,6.58,6.58,6.578707974065905
20230627094311950,6.58,6.58,6.578708146762013
20230627094312800,6.58,6.58,6.5787083194119615
20230627094314490,6.58,6.58,6.5787083194119615
20230627094314500,6.58,6.58,6.5787083194119615
20230627094317090,6.58,6.57,6.578712963579466
20230627094319810,6.58,6.57,6.578712963579466
20230627094320170,6.58,6.57,6.578712963579466
20230627094322900,6.58,6.57,6.578712963579466
20230627094323210,6.58,6.57,6.578712963579466
20230627094323230,6.58,6.57,6.578712963579466
20230627094325300,6.58,6.57,6.578713306263729
20230627094325440,6.58,6.57,6.578714162176545
20230627094325790,6.58,6.57,6.578714162176545
20230627094326020,6.58,6.57,6.578714162176545
20230627094326390,6.58,6.57,6.578714162176545
20230627094328210,6.58,6.57,6.578714162176545
20230627094328570,6.58,6.57,6.578714162176545
20230627094328590,6.58,6.57,6.578714162176545
20230627094328920,6.58,6.57,6.578714162176545
20230627094331070,6.58,6.57,6.578714931525063
20230627094331170,6.58,6.57,6.578715102366392
20230627094334070,6.58,6.57,6.578716893461666
20230627094334090,6.58,6.57,6.578716893461666
20230627094334110,6.58,6.57,6.578716893461666
20230627094334250,6.58,6.57,6.578716893461666
20230627094334400,6.58,6.57,6.578716893461666
20230627094334410,6.58,6.57,6.578716893461666
20230627094336250,6.58,6.57,6.578716893461666
20230627094336330,6.58,6.57,6.578716893461666
20230627094336550,6.58,6.57,6.578716893461666
20230627094336830,6.58,6.57,6.578716893461666
20230627094337080,6.58,6.57,6.578717744610282
20230627094337100,6.58,6.57,6.578717829663041
20230627094338750,6.58,6.57,6.578717829663041
20230627094338790,6.58,6.57,6.578717829663041
20230627094338940,6.58,6.57,6.578717829663041
20230627094341750,6.58,6.57,6.578717829663041
20230627094344480,6.58,6.57,6.578717829663041
20230627094347040,6.58,6.57,6.578717829663041
20230627094347070,6.58,6.57,6.578718084753631
20230627094347340,6.58,6.57,6.578718084753631
20230627094347900,6.58,6.57,6.578718084753631
20230627094350020,6.58,6.57,6.578718084753631
20230627094350250,6.58,6.57,6.578716928585638
20230627094350440,6.58,6.57,6.578716928585638
20230627094350450,6.58,6.57,6.578716928585638
20230627094352140,6.58,6.57,6.578716928585638
20230627094352360,6.58,6.57,6.578717183770883
20230627094352390,6.58,6.57,6.578717183770883
20230627094352780,6.58,6.57,6.578706793802145
20230627094353020,6.58,6.57,6.578706793802145
20230627094355160,6.58,6.57,6.578706793802145
20230627094355290,6.58,6.57,6.578706793802145
20230627094355340,6.58,6.57,6.578698670898631
20230627094355410,6.58,6.57,6.57869901500628
20230627094355620,6.58,6.57,6.57869901500628
20230627094355690,6.58,6.57,6.57869901500628
20230627094355790,6.58,6.57,6.578701504354711
20230627094357680,6.58,6.57,6.578701761329903
20230627094357930,6.58,6.57,6.578701761329903
20230627094358300,6.58,6.57,6.578702103805315
20230627094358400,6.58,6.57,6.578702103805315
20230627094358570,6.58,6.57,6.578702103805315
20230627094358600,6.58,6.57,6.578702103805315
20230627094358750,6.58,6.57,6.578702103805315
20230627094403030,6.58,6.57,6.578702103805315
20230627094403880,6.58,6.57,6.578702103805315
20230627094403890,6.58,6.57,6.578702103805315
20230627094403960,6.58,6.57,6.578702103805315
20230627094403980,6.58,6.57,6.578702103805315
20230627094403990,6.58,6.57,6.578702103805315
20230627094406140,6.58,6.57,6.578702103805315
20230627094406170,6.58,6.57,6.578702103805315
20230627094406200,6.58,6.57,6.578702103805315
20230627094406220,6.58,6.57,6.578702103805315
20230627094406470,6.58,6.57,6.578702103805315
20230627094406570,6.58,6.57,6.578702103805315
20230627094406600,6.58,6.57,6.578697199341021
20230627094406720,6.58,6.57,6.578697199341021
20230627094408390,6.58,6.57,6.578697199341021
20230627094408450,6.58,6.57,6.578700026301946
20230627094408490,6.58,6.57,6.578700026301946
20230627094408570,6.58,6.57,6.578700026301946
20230627094409160,6.58,6.57,6.578700026301946
20230627094409550,6.58,6.57,6.578700026301946
20230627094409570,6.58,6.57,6.578700026301946
20230627094411100,6.58,6.57,6.578700026301946
20230627094411120,6.58,6.57,6.578700026301946
20230627094411860,6.58,6.57,6.578700026301946
20230627094413770,6.58,6.57,6.578700026301946
20230627094413840,6.58,6.57,6.578700026301946
20230627094413980,6.57,6.57,6.578700026301946
20230627094414000,6.57,6.57,6.578700026301946
20230627094414020,6.57,6.57,6.578700026301946
20230627094414640,6.57,6.57,6.578700026301946
20230627094414680,6.57,6.57,6.578700026301946
20230627094414980,6.57,6.57,6.578700026301946
20230627094416570,6.57,6.57,6.578700026301946
20230627094416820,6.57,6.57,6.578700026301946
20230627094417010,6.57,6.57,6.578700026301946
20230627094417060,6.57,6.57,6.578700026301946
20230627094419200,6.57,6.57,6.578700026301946
20230627094419230,6.57,6.57,6.578700026301946
20230627094419290,6.57,6.57,6.578700026301946
20230627094419510,6.57,6.57,6.578700026301946
20230627094419790,6.58,6.57,6.578700026301946
20230627094419810,6.58,6.57,6.578700026301946
20230627094419840,6.57,6.57,6.578700026301946
20230627094419960,6.58,6.57,6.578700026301946
20230627094420030,6.58,6.57,6.578700026301946
20230627094420040,6.57,6.57,6.578700026301946
20230627094420340,6.57,6.57,6.578700026301946
20230627094422210,6.57,6.57,6.578700026301946
20230627094422520,6.57,6.57,6.578700026301946
20230627094424640,6.57,6.57,6.578700026301946
20230627094425010,6.57,6.57,6.578700026301946
20230627094425160,6.57,6.57,6.578700026301946
20230627094427250,6.58,6.57,6.578700026301946
20230627094427500,6.58,6.57,6.578700026301946
20230627094428130,6.58,6.57,6.578700026301946
20230627094428460,6.58,6.57,6.578700026301946
20230627094430810,6.58,6.57,6.578700026301946
20230627094431110,6.58,6.57,6.578700026301946
20230627094431120,6.57,6.57,6.578700026301946
20230627094432900,6.57,6.57,6.578700026301946
20230627094435340,6.57,6.57,6.578700026301946
20230627094435500,6.58,6.57,6.578700026301946
20230627094435610,6.57,6.57,6.578700026301946
20230627094436060,6.57,6.57,6.578700026301946
20230627094436330,6.57,6.57,6.578700026301946
20230627094438230,6.57,6.57,6.578700026301946
20230627094438380,6.57,6.57,6.578700026301946
20230627094441060,6.57,6.57,6.578700026301946
20230627094441370,6.57,6.57,6.578700026301946
20230627094441850,6.57,6.57,6.578700026301946
20230627094441870,6.57,6.57,6.578700026301946
20230627094443590,6.57,6.57,6.578700026301946
20230627094443610,6.57,6.57,6.578700026301946
20230627094443990,6.57,6.57,6.578700026301946
20230627094444090,6.57,6.57,6.578700026301946
20230627094444270,6.57,6.57,6.578700026301946
20230627094444280,6.57,6.57,6.578700026301946
20230627094444470,6.57,6.57,6.578700026301946
20230627094444670,6.57,6.57,6.578700026301946
20230627094446750,6.57,6.57,6.578700026301946
20230627094449000,6.57,6.57,6.578700026301946
20230627094449030,6.57,6.57,6.578700026301946
20230627094449150,6.57,6.57,6.578700026301946
20230627094449210,6.57,6.57,6.578700026301946
20230627094451550,6.57,6.57,6.578700026301946
20230627094452660,6.57,6.57,6.578700026301946
20230627094455000,6.57,6.57,6.578700026301946
20230627094457470,6.57,6.57,6.578700026301946
20230627094457520,6.57,6.57,6.578700026301946
20230627094458140,6.57,6.57,6.578700026301946
20230627094459640,6.57,6.57,6.578350127551021
20230627094459740,6.57,6.57,6.578350127551021
20230627094459750,6.57,6.57,6.578350127551021
20230627094459930,6.57,6.57,6.578350127551021
20230627094500090,6.57,6.57,6.578350127551021
20230627094500140,6.57,6.57,6.578350127551021
20230627094500240,6.57,6.57,6.578350127551021
20230627094500250,6.57,6.57,6.578350127551021
20230627094500280,6.57,6.57,6.578350127551021
20230627094500380,6.57,6.57,6.5782560426314785
20230627094500450,6.57,6.57,6.5782560426314785
20230627094500470,6.57,6.57,6.5782560426314785
20230627094500580,6.57,6.57,6.5782560426314785
20230627094502630,6.57,6.57,6.5782560426314785
20230627094502810,6.57,6.57,6.5782560426314785
20230627094505020,6.57,6.57,6.5782560426314785
20230627094505040,6.57,6.57,6.5782560426314785
20230627094505340,6.57,6.57,6.5782560426314785
20230627094505450,6.57,6.57,6.5782560426314785
20230627094506050,6.57,6.57,6.5782560426314785
20230627094506080,6.57,6.57,6.5782560426314785
20230627094506090,6.57,6.57,6.5782560426314785
20230627094507770,6.57,6.57,6.5782560426314785
20230627094508350,6.57,6.57,6.5782560426314785
20230627094508430,6.57,6.57,6.5782560426314785
20230627094508520,6.58,6.57,6.5782560426314785
20230627094508800,6.58,6.57,6.5782560426314785
20230627094508820,6.57,6.57,6.5782560426314785
20230627094508830,6.58,6.57,6.5782560426314785
20230627094508890,6.58,6.57,6.5782560426314785
20230627094508930,6.58,6.57,6.577546272120685
20230627094508940,6.58,6.57,6.577543208444496
20230627094510460,6.58,6.57,6.577543208444496
20230627094510520,6.58,6.57,6.577543208444496
20230627094510540,6.58,6.57,6.577543208444496
20230627094511380,6.58,6.57,6.577543208444496
20230627094511400,6.58,6.57,6.577543208444496
20230627094513650,6.58,6.57,6.577552859618717
20230627094513690,6.58,6.57,6.577552859618717
20230627094513700,6.58,6.57,6.577552859618717
20230627094513810,6.58,6.57,6.577552859618717
20230627094513850,6.58,6.57,6.577552859618717
20230627094513870,6.58,6.57,6.577552859618717
20230627094513900,6.58,6.57,6.577552859618717
20230627094514080,6.58,6.57,6.577552859618717
20230627094514360,6.58,6.57,6.577552859618717
20230627094514380,6.58,6.57,6.577552859618717
20230627094516080,6.58,6.57,6.577552859618717
20230627094516100,6.58,6.57,6.577552859618717
20230627094516120,6.58,6.57,6.577552859618717
20230627094516130,6.58,6.57,6.577552859618717
20230627094516150,6.58,6.57,6.577552859618717
20230627094519020,6.58,6.57,6.577552859618717
20230627094519040,6.58,6.57,6.577552859618717
20230627094519070,6.58,6.57,6.577552859618717
20230627094519090,6.58,6.57,6.577552859618717
20230627094519100,6.58,6.57,6.577552859618717
20230627094519130,6.58,6.57,6.577552859618717
20230627094519370,6.58,6.57,6.577552859618717
20230627094519390,6.58,6.57,6.577581225375435
20230627094521400,6.58,6.57,6.577581225375435
20230627094521870,6.58,6.57,6.577581225375435
20230627094521890,6.58,6.57,6.577581225375435
20230627094522120,6.58,6.57,6.577581363480644
20230627094522200,6.58,6.57,6.577581363480644
20230627094522290,6.58,6.57,6.577581363480644
20230627094522460,6.58,6.57,6.577581363480644
20230627094524160,6.58,6.57,6.577581363480644
20230627094524180,6.58,6.57,6.577581363480644
20230627094524360,6.58,6.57,6.577581363480644
20230627094524580,6.58,6.57,6.577581363480644
20230627094524970,6.58,6.57,6.577581363480644
20230627094525070,6.58,6.57,6.5775712331889675
20230627094525100,6.58,6.57,6.5775712331889675
20230627094530020,6.58,6.57,6.5775712331889675
20230627094530250,6.58,6.57,6.5775712331889675
20230627094530490,6.58,6.57,6.5775712331889675
20230627094532190,6.58,6.57,6.5775712331889675
20230627094532210,6.58,6.57,6.5775712331889675
20230627094532220,6.58,6.57,6.577572339940761
20230627094532610,6.58,6.57,6.577572339940761
20230627094532790,6.58,6.57,6.577572339940761
20230627094532860,6.58,6.57,6.577572339940761
20230627094535720,6.58,6.57,6.577572339940761
20230627094537990,6.58,6.57,6.577572339940761
20230627094538570,6.58,6.57,6.577572339940761
20230627094538590,6.58,6.57,6.577572339940761
20230627094541020,6.58,6.57,6.577572339940761
20230627094541080,6.58,6.57,6.577572339940761
20230627094543210,6.58,6.57,6.577572339940761
20230627094543570,6.58,6.57,6.577572339940761
20230627094543900,6.58,6.57,6.577572339940761
20230627094546660,6.58,6.57,6.577572339940761
20230627094548270,6.58,6.57,6.577572339940761
20230627094549070,6.58,6.57,6.577572478213818
20230627094549080,6.58,6.57,6.577572616471124
20230627094549090,6.58,6.57,6.577572616471124
20230627094549170,6.58,6.57,6.5775727547126825
20230627094549470,6.58,6.57,6.577573860078556
20230627094552150,6.58,6.57,6.577579784213515
20230627094554690,6.58,6.57,6.577579784213515
20230627094554760,6.58,6.57,6.577579784213515
20230627094556350,6.58,6.57,6.577579784213515
20230627094556450,6.58,6.57,6.577581157775255
20230627094556500,6.58,6.57,6.577581157775255
20230627094556890,6.58,6.57,6.577581157775255
20230627094557420,6.58,6.57,6.577581157775255
20230627094559130,6.58,6.57,6.577581157775255
20230627094559150,6.58,6.57,6.577581157775255
20230627094559220,6.58,6.57,6.577581157775255
20230627094559390,6.58,6.57,6.577581157775255
20230627094602040,6.58,6.57,6.577581157775255
20230627094602060,6.58,6.57,6.577581157775255
20230627094602070,6.58,6.57,6.577581157775255
20230627094602220,6.58,6.57,6.577581157775255
20230627094602250,6.58,6.57,6.577581157775255
20230627094604750,6.58,6.57,6.577581157775255
20230627094607350,6.58,6.57,6.577581157775255
20230627094607370,6.58,6.57,6.577567826724575
20230627094608270,6.58,6.57,6.577567826724575
20230627094610040,6.58,6.57,6.577567826724575
20230627094610070,6.58,6.57,6.577567826724575
20230627094610080,6.58,6.57,6.577567826724575
20230627094610110,6.58,6.57,6.577567826724575
20230627094610120,6.58,6.57,6.577567826724575
20230627094610130,6.58,6.57,6.577567826724575
20230627094610160,6.58,6.57,6.577567826724575
20230627094610180,6.58,6.57,6.577567826724575
20230627094610290,6.58,6.57,6.577567826724575
20230627094610440,6.58,6.57,6.577567826724575
20230627094610590,6.58,6.57,6.577567826724575
20230627094610600,6.58,6.57,6.577567826724575
20230627094610620,6.58,6.57,6.577567826724575
20230627094610650,6.58,6.57,6.577567826724575
20230627094610730,6.58,6.57,6.577567826724575
20230627094610780,6.58,6.57,6.577567826724575
20230627094610910,6.58,6.57,6.577567826724575
20230627094610950,6.58,6.57,6.577567826724575
20230627094612670,6.58,6.57,6.577567826724575
20230627094612700,6.58,6.57,6.577567826724575
20230627094612970,6.58,6.57,6.577567826724575
20230627094615250,6.58,6.57,6.577567826724575
20230627094615350,6.58,6.57,6.577567826724575
20230627094616070,6.58,6.57,6.577567826724575
20230627094616080,6.58,6.57,6.577567826724575
20230627094618070,6.58,6.57,6.577567826724575
20230627094619060,6.58,6.57,6.577567826724575
20230627094619090,6.58,6.57,6.577567826724575
20230627094619140,6.58,6.57,6.577567826724575
20230627094621200,6.58,6.57,6.577567826724575
20230627094621830,6.58,6.57,6.577567826724575
20230627094621840,6.58,6.57,6.577567826724575
20230627094623320,6.58,6.57,6.577572537112011
20230627094624080,6.58,6.57,6.577572537112011
20230627094626500,6.58,6.57,6.577572537112011
20230627094626570,6.58,6.57,6.577572537112011
20230627094629760,6.58,6.57,6.577572537112011
20230627094631410,6.58,6.57,6.577572537112011
20230627094631630,6.58,6.57,6.577572537112011
20230627094631660,6.58,6.57,6.577572537112011
20230627094631820,6.58,6.57,6.577572537112011
20230627094632110,6.58,6.57,6.577572537112011
20230627094634200,6.58,6.57,6.577572537112011
20230627094634410,6.58,6.57,6.577572537112011
20230627094634430,6.58,6.57,6.577572537112011
20230627094634600,6.58,6.57,6.577572537112011
20230627094635020,6.58,6.57,6.577572537112011
20230627094637100,6.58,6.57,6.577572537112011
20230627094637240,6.58,6.57,6.577572537112011
20230627094637330,6.58,6.57,6.577572537112011
20230627094637350,6.58,6.57,6.577572537112011
20230627094639760,6.58,6.57,6.577572537112011
20230627094639780,6.58,6.57,6.577572537112011
20230627094640150,6.58,6.57,6.577572537112011
20230627094640200,6.58,6.57,6.577572537112011
20230627094640530,6.58,6.57,6.577572537112011
20230627094642990,6.58,6.57,6.577572537112011
20230627094643170,6.58,6.57,6.577572537112011
20230627094646160,6.58,6.57,6.577572537112011
20230627094647980,6.58,6.57,6.577572537112011
20230627094648820,6.58,6.57,6.577572537112011
20230627094650860,6.58,6.57,6.577572537112011
20230627094653120,6.58,6.57,6.577572537112011
20230627094653570,6.58,6.57,6.577572537112011
20230627094655900,6.58,6.57,6.577572537112011
20230627094656240,6.58,6.57,6.577572537112011
20230627094656710,6.58,6.57,6.577572537112011
20230627094656790,6.58,6.57,6.577572537112011
20230627094658770,6.58,6.57,6.577572537112011
20230627094702070,6.58,6.57,6.577572537112011
20230627094703900,6.58,6.57,6.577572537112011
20230627094703970,6.58,6.58,6.577572537112011
20230627094703980,6.58,6.58,6.577572537112011
20230627094704030,6.58,6.58,6.577572537112011
20230627094704060,6.58,6.58,6.577572537112011
20230627094704070,6.58,6.58,6.577598532436489
20230627094704080,6.58,6.58,6.577598532436489
20230627094704090,6.58,6.58,6.577598532436489
20230627094704120,6.58,6.58,6.577598532436489
20230627094704130,6.58,6.58,6.577598532436489
20230627094704140,6.58,6.58,6.577598532436489
20230627094704340,6.58,6.58,6.577598532436489
20230627094704370,6.58,6.58,6.577602332685365
20230627094704420,6.58,6.58,6.577602332685365
20230627094704460,6.58,6.58,6.577602332685365
20230627094704640,6.58,6.58,6.577602332685365
20230627094704690,6.58,6.58,6.577614027299966
20230627094704720,6.58,6.58,6.577614027299966
20230627094705030,6.58,6.58,6.577614027299966
20230627094705070,6.58,6.58,6.577614027299966
20230627094706880,6.58,6.58,6.577614027299966
20230627094706980,6.58,6.58,6.577614027299966
20230627094707100,6.58,6.58,6.577614846870839
20230627094707190,6.58,6.58,6.577614846870839
20230627094707330,6.58,6.58,6.577614846870839
20230627094707410,6.58,6.58,6.577628574595433
20230627094709560,6.58,6.58,6.577628574595433
20230627094710230,6.58,6.58,6.577628574595433
20230627094710310,6.58,6.58,6.5776388504346865
20230627094710390,6.58,6.58,6.5776388504346865
20230627094711990,6.58,6.58,6.577644719399028
20230627094712010,6.58,6.58,6.577644719399028
20230627094712060,6.58,6.58,6.577644719399028
20230627094712110,6.58,6.58,6.577646766443917
20230627094712150,6.58,6.58,6.577646766443917
20230627094712580,6.58,6.58,6.577646766443917
20230627094712590,6.58,6.58,6.578099595658651
20230627094712600,6.58,6.59,6.578117297067573
20230627094712610,6.58,6.59,6.578117297067573
20230627094712620,6.58,6.59,6.578117297067573
20230627094712630,6.58,6.59,6.578117297067573
20230627094712970,6.58,6.59,6.578117297067573
20230627094712980,6.58,6.59,6.578117297067573
20230627094712990,6.58,6.59,6.578117297067573
20230627094713040,6.58,6.59,6.578117297067573
20230627094713060,6.58,6.59,6.578117297067573
20230627094713070,6.58,6.59,6.578117297067573
20230627094713080,6.58,6.59,6.578117297067573
20230627094713090,6.58,6.59,6.578117297067573
20230627094713130,6.58,6.59,6.578117297067573
20230627094714970,6.58,6.59,6.578117297067573
20230627094714980,6.58,6.59,6.578117297067573
20230627094715720,6.58,6.59,6.578117297067573
20230627094715740,6.58,6.59,6.578117297067573
20230627094717640,6.58,6.59,6.578117297067573
20230627094717680,6.58,6.59,6.578117297067573
20230627094717880,6.58,6.59,6.578117297067573
20230627094718070,6.58,6.59,6.578117297067573
20230627094718280,6.58,6.59,6.578117297067573
20230627094718420,6.58,6.59,6.578117297067573
20230627094718560,6.58,6.59,6.578117297067573
20230627094721040,6.58,6.59,6.578117297067573
20230627094721100,6.58,6.59,6.578117297067573
20230627094723050,6.58,6.59,6.578117297067573
20230627094725620,6.58,6.59,6.578117297067573
20230627094725690,6.58,6.59,6.578117297067573
20230627094726620,6.58,6.59,6.578117297067573
20230627094728370,6.58,6.59,6.578117297067573
20230627094728620,6.58,6.59,6.578117297067573
20230627094728850,6.58,6.59,6.578117297067573
20230627094728870,6.58,6.59,6.578117297067573
20230627094731330,6.58,6.59,6.578117297067573
20230627094731590,6.58,6.59,6.578117297067573
20230627094731830,6.58,6.59,6.578117297067573
20230627094732040,6.58,6.59,6.578117297067573
20230627094736620,6.58,6.59,6.578117297067573
20230627094737070,6.58,6.59,6.578117297067573
20230627094737180,6.58,6.59,6.578117297067573
20230627094737360,6.58,6.59,6.578117297067573
20230627094739620,6.58,6.59,6.578117297067573
20230627094740140,6.58,6.59,6.578117297067573
20230627094742110,6.58,6.59,6.578117297067573
20230627094742820,6.58,6.59,6.578117297067573
20230627094744740,6.58,6.59,6.578117297067573
20230627094744780,6.58,6.59,6.578117297067573
20230627094744800,6.58,6.59,6.578117297067573
20230627094745330,6.58,6.59,6.578117297067573
20230627094745540,6.58,6.59,6.578117297067573
20230627094749710,6.58,6.59,6.578117297067573
20230627094750260,6.58,6.59,6.578117297067573
20230627094750320,6.58,6.59,6.578117297067573
20230627094750590,6.58,6.59,6.578117297067573
20230627094753340,6.58,6.59,6.578117297067573
20230627094753440,6.58,6.59,6.578117297067573
20230627094755530,6.58,6.59,6.578117297067573
20230627094755550,6.58,6.59,6.578117297067573
20230627094755680,6.58,6.59,6.578117297067573
20230627094755960,6.58,6.59,6.578117297067573
20230627094756330,6.58,6.59,6.578117297067573
20230627094757960,6.58,6.59,6.578117297067573
20230627094758060,6.58,6.59,6.578117297067573
20230627094758140,6.58,6.59,6.578276553106212
20230627094758180,6.58,6.59,6.57833368398906
20230627094758220,6.58,6.59,6.57833368398906
20230627094800890,6.58,6.59,6.57833368398906
20230627094801550,6.58,6.59,6.5783371022876675
20230627094803230,6.58,6.59,6.5783416583416585
20230627094803260,6.58,6.59,6.5783416583416585
20230627094804080,6.58,6.59,6.5783416583416585
20230627094804090,6.58,6.59,6.5783416583416585
20230627094804170,6.58,6.59,6.5783416583416585
20230627094806340,6.58,6.59,6.5783416583416585
20230627094806550,6.58,6.59,6.5783416583416585
20230627094806800,6.58,6.59,6.5783416583416585
20230627094809260,6.58,6.59,6.5783416583416585
20230627094809270,6.58,6.59,6.5783416583416585
20230627094809730,6.58,6.59,6.5783416583416585
20230627094809750,6.58,6.59,6.5783416583416585
20230627094811320,6.58,6.59,6.5783416583416585
20230627094811330,6.58,6.59,6.5783416583416585
20230627094811600,6.58,6.59,6.5783416583416585
20230627094814680,6.58,6.59,6.578465077373484
20230627094814690,6.58,6.59,6.578466283324621
20230627094814880,6.58,6.59,6.578483154870724
20230627094816750,6.58,6.59,6.578483154870724
20230627094816930,6.58,6.59,6.578483154870724
20230627094817470,6.58,6.59,6.578483154870724
20230627094817540,6.58,6.59,6.578486526007938
20230627094817720,6.58,6.59,6.578486526007938
20230627094819710,6.58,6.59,6.578486526007938
20230627094819890,6.58,6.59,6.578486526007938
20230627094819900,6.58,6.59,6.578486526007938
20230627094820120,6.58,6.59,6.578507852037355
20230627094820250,6.58,6.59,6.578507852037355
20230627094820500,6.58,6.59,6.578507852037355
20230627094822090,6.58,6.59,6.578507852037355
20230627094822210,6.58,6.59,6.578507852037355
20230627094822300,6.58,6.59,6.5785626561199
20230627094823230,6.58,6.59,6.5785626561199
20230627094824820,6.58,6.59,6.5785626561199
20230627094824880,6.58,6.59,6.57857395373018
20230627094825060,6.58,6.59,6.57857395373018
20230627094825070,6.58,6.59,6.57857395373018
20230627094825100,6.58,6.59,6.57857395373018
20230627094825110,6.58,6.59,6.57857395373018
