Timestamp,ask1,bid1,VWAP
20230824093000000,5.61,6.85,0.0
20230824093000030,5.61,6.54,0.0
20230824093000040,5.61,6.54,0.0
20230824093000050,5.61,6.54,0.0
20230824093000060,5.61,6.54,0.0
20230824093000070,5.61,6.54,0.0
20230824093000120,5.61,6.54,0.0
20230824093000130,5.61,6.54,0.0
20230824093000140,5.61,6.4,6.24
20230824093000150,5.61,6.4,6.239285714285714
20230824093000160,5.61,6.4,6.239285714285714
20230824093000170,5.61,6.4,6.239285714285714
20230824093000180,5.61,6.4,6.239285714285714
20230824093000190,5.61,6.4,6.239285714285714
20230824093000200,5.92,6.24,6.23983870967742
20230824093000210,5.92,6.24,6.23983870967742
20230824093000220,6.16,6.24,6.239861111111111
20230824093000240,6.16,6.24,6.239861111111111
20230824093000250,6.16,6.24,6.239866666666667
20230824093000280,6.16,6.24,6.239886363636364
20230824093000290,6.16,6.24,6.239886363636364
20230824093000310,6.16,6.24,6.239886363636364
20230824093000320,6.16,6.24,6.239886363636364
20230824093000420,6.16,6.24,6.239886363636364
20230824093000430,6.16,6.24,6.239886363636364
20230824093000450,6.16,6.24,6.239886363636364
20230824093000470,6.16,6.24,6.237536231884058
20230824093000510,6.16,6.24,6.237536231884058
20230824093000540,6.16,6.24,6.237536231884058
20230824093000570,6.16,6.24,6.237536231884058
20230824093000580,6.16,6.24,6.237536231884058
20230824093000590,6.16,6.24,6.237536231884058
20230824093000600,6.16,6.24,6.2373758865248226
20230824093000640,6.16,6.24,6.2373758865248226
20230824093000650,6.16,6.24,6.2373758865248226
20230824093000660,6.16,6.24,6.2373758865248226
20230824093000700,6.16,6.24,6.2373758865248226
20230824093000770,6.16,6.24,6.2373758865248226
20230824093000820,6.16,6.24,6.2373758865248226
20230824093000830,6.16,6.24,6.2373758865248226
20230824093000880,6.16,6.24,6.2373758865248226
20230824093000950,6.16,6.24,6.2373758865248226
20230824093000960,6.16,6.24,6.2373758865248226
20230824093001080,6.16,6.24,6.2373758865248226
20230824093001100,6.16,6.24,6.2373758865248226
20230824093001220,6.16,6.24,6.2373758865248226
20230824093001260,6.16,6.24,6.2373758865248226
20230824093001290,6.16,6.24,6.2373758865248226
20230824093001300,6.16,6.24,6.2373758865248226
20230824093001310,6.16,6.24,6.2373758865248226
20230824093001320,6.16,6.24,6.2373758865248226
20230824093001330,6.16,6.24,6.2373758865248226
20230824093001410,6.16,6.24,6.2373758865248226
20230824093001510,6.16,6.24,6.2373758865248226
20230824093001570,6.16,6.24,6.2373758865248226
20230824093001600,6.16,6.24,6.2373758865248226
20230824093001650,6.16,6.24,6.2373758865248226
20230824093001670,6.16,6.24,6.2373758865248226
20230824093001700,6.16,6.24,6.2373758865248226
20230824093001790,6.16,6.24,6.238636363636363
20230824093001850,6.16,6.24,6.238636363636363
20230824093001880,6.16,6.24,6.238636363636363
20230824093001890,6.16,6.24,6.238636363636363
20230824093001920,6.16,6.24,6.238636363636363
20230824093001950,6.16,6.24,6.238636363636363
20230824093002260,6.16,6.24,6.238636363636363
20230824093002380,6.16,6.24,6.238636363636363
20230824093002450,6.16,6.24,6.238636363636363
20230824093002470,6.16,6.24,6.238636363636363
20230824093002480,6.16,6.25,6.238636363636363
20230824093002600,6.16,6.25,6.238636363636363
20230824093002630,6.16,6.25,6.238636363636363
20230824093002650,6.16,6.25,6.238636363636363
20230824093002900,6.16,6.25,6.238636363636363
20230824093002940,6.16,6.25,6.238636363636363
20230824093002950,6.16,6.25,6.238636363636363
20230824093003050,6.16,6.25,6.238636363636363
20230824093003100,6.16,6.24,6.2399476439790575
20230824093003120,6.16,6.24,6.2399476439790575
20230824093003190,6.16,6.24,6.2399476439790575
20230824093003210,6.16,6.24,6.2399476439790575
20230824093003220,6.16,6.24,6.2399476439790575
20230824093003260,6.16,6.24,6.2399476439790575
20230824093003290,6.16,6.24,6.2399476439790575
20230824093003330,6.16,6.24,6.2399476439790575
20230824093003490,6.16,6.24,6.2399476439790575
20230824093003570,6.16,6.24,6.2399476439790575
20230824093003580,6.16,6.24,6.2399476439790575
20230824093003640,6.16,6.24,6.2399476439790575
20230824093003650,6.16,6.24,6.2399476439790575
20230824093003680,6.16,6.24,6.2399476439790575
20230824093003700,6.16,6.24,6.2399476439790575
20230824093003740,6.16,6.24,6.2399476439790575
20230824093004040,6.16,6.24,6.2399476439790575
20230824093004200,6.16,6.24,6.2399476439790575
20230824093004210,6.16,6.24,6.2399476439790575
20230824093004330,6.16,6.24,6.2399476439790575
20230824093004440,6.16,6.24,6.2399476439790575
20230824093004500,6.16,6.24,6.2399476439790575
20230824093004860,6.16,6.24,6.2399476439790575
20230824093005010,6.16,6.24,6.2399476439790575
20230824093005420,6.16,6.24,6.2399476439790575
20230824093005800,6.16,6.24,6.24004132231405
20230824093006030,6.16,6.24,6.24004132231405
20230824093006040,6.16,6.24,6.24004132231405
20230824093006370,6.16,6.24,6.24004132231405
20230824093006490,6.16,6.25,6.24004132231405
20230824093006600,6.16,6.25,6.24004132231405
20230824093006710,6.16,6.25,6.24004132231405
20230824093006770,6.16,6.25,6.24004132231405
20230824093006930,6.16,6.25,6.24004132231405
20230824093007040,6.16,6.25,6.24004132231405
20230824093007110,6.16,6.25,6.24004132231405
20230824093007120,6.16,6.25,6.24004132231405
20230824093007150,6.16,6.25,6.24004132231405
20230824093007190,6.16,6.25,6.24004132231405
20230824093007340,6.16,6.25,6.24004132231405
20230824093007360,6.16,6.25,6.24004132231405
20230824093007370,6.16,6.25,6.24004132231405
20230824093007380,6.16,6.25,6.24004132231405
20230824093007560,6.16,6.25,6.24004132231405
20230824093007590,6.16,6.25,6.24004132231405
20230824093008040,6.16,6.25,6.24004132231405
20230824093008100,6.16,6.25,6.24004132231405
20230824093008110,6.16,6.25,6.24004132231405
20230824093008230,6.16,6.25,6.24004132231405
20230824093008290,6.16,6.25,6.24004132231405
20230824093008730,6.16,6.25,6.240325203252032
20230824093008740,6.16,6.25,6.240404858299595
20230824093009040,6.16,6.25,6.240404858299595
20230824093009120,6.16,6.25,6.240404858299595
20230824093009550,6.16,6.25,6.240404858299595
20230824093009590,6.16,6.25,6.240404858299595
20230824093010100,6.16,6.25,6.241346153846154
20230824093010160,6.16,6.25,6.241346153846154
20230824093010210,6.16,6.25,6.241346153846154
20230824093010450,6.16,6.25,6.241346153846154
20230824093011550,6.16,6.25,6.241346153846154
20230824093013270,6.16,6.26,6.241346153846154
20230824093013300,6.16,6.26,6.241346153846154
20230824093013320,6.16,6.26,6.241346153846154
20230824093014650,6.16,6.26,6.241346153846154
20230824093014660,6.16,6.25,6.241346153846154
20230824093015040,6.16,6.26,6.241346153846154
20230824093015500,6.16,6.26,6.241346153846154
20230824093015510,6.16,6.26,6.241346153846154
20230824093015550,6.16,6.26,6.241346153846154
20230824093015750,6.16,6.26,6.241346153846154
20230824093015790,6.16,6.26,6.241346153846154
20230824093016070,6.26,6.26,6.248424821002387
20230824093016080,6.26,6.25,6.248901601830664
20230824093016170,6.26,6.25,6.248901601830664
20230824093016500,6.26,6.25,6.248901601830664
20230824093016530,6.26,6.26,6.248901601830664
20230824093016700,6.26,6.25,6.248901601830664
20230824093016720,6.26,6.26,6.248901601830664
20230824093016760,6.26,6.26,6.249266666666666
20230824093017400,6.26,6.26,6.249266666666666
20230824093017480,6.26,6.26,6.249266666666666
20230824093018500,6.26,6.26,6.249266666666666
20230824093018530,6.26,6.26,6.249266666666666
20230824093018540,6.26,6.26,6.249266666666666
20230824093018680,6.26,6.26,6.249266666666666
20230824093019190,6.26,6.26,6.249266666666666
20230824093019220,6.26,6.26,6.249266666666666
20230824093019930,6.26,6.26,6.249266666666666
20230824093020120,6.26,6.26,6.249266666666666
20230824093020260,6.26,6.26,6.249266666666666
20230824093020750,6.26,6.26,6.249266666666666
20230824093020980,6.26,6.26,6.249266666666666
20230824093021780,6.26,6.26,6.249266666666666
20230824093021840,6.26,6.26,6.249266666666666
20230824093022210,6.26,6.26,6.249266666666666
20230824093022730,6.26,6.26,6.249266666666666
20230824093023920,6.26,6.26,6.251577909270217
20230824093024150,6.26,6.26,6.251577909270217
20230824093024360,6.26,6.26,6.251577909270217
20230824093024440,6.26,6.26,6.251577909270217
20230824093025330,6.26,6.26,6.251577909270217
20230824093025380,6.26,6.26,6.251577909270217
20230824093025640,6.26,6.26,6.251577909270217
20230824093025860,6.26,6.26,6.251577909270217
20230824093026940,6.26,6.26,6.251577909270217
20230824093027210,6.26,6.26,6.251577909270217
20230824093027460,6.26,6.26,6.251614173228346
20230824093027970,6.26,6.26,6.251614173228346
20230824093028140,6.26,6.26,6.251614173228346
20230824093028150,6.26,6.26,6.251614173228346
20230824093030190,6.26,6.26,6.251614173228346
20230824093030760,6.26,6.26,6.251614173228346
20230824093030970,6.26,6.26,6.251614173228346
20230824093030980,6.27,6.25,6.25418410041841
20230824093031000,6.27,6.26,6.25418410041841
20230824093031110,6.27,6.25,6.2542403314917125
20230824093031130,6.27,6.25,6.2542403314917125
20230824093031390,6.27,6.25,6.2542403314917125
20230824093031690,6.27,6.26,6.2542403314917125
20230824093031720,6.27,6.26,6.2542403314917125
20230824093031770,6.27,6.26,6.2542403314917125
20230824093031780,6.27,6.26,6.2542403314917125
20230824093031790,6.27,6.25,6.254766839378238
20230824093031830,6.27,6.25,6.254766839378238
20230824093032080,6.27,6.26,6.254766839378238
20230824093032160,6.27,6.26,6.254766839378238
20230824093032200,6.27,6.26,6.254766839378238
20230824093032270,6.27,6.26,6.254766839378238
20230824093033070,6.27,6.26,6.254766839378238
20230824093033080,6.27,6.26,6.254766839378238
20230824093033100,6.27,6.26,6.254766839378238
20230824093033110,6.27,6.26,6.254766839378238
20230824093033120,6.27,6.26,6.254766839378238
20230824093033160,6.27,6.26,6.254766839378238
20230824093033190,6.27,6.26,6.254766839378238
20230824093033230,6.27,6.25,6.254993804213135
20230824093033240,6.27,6.25,6.254993804213135
20230824093033250,6.27,6.26,6.254993804213135
20230824093033430,6.27,6.26,6.254993804213135
20230824093033470,6.27,6.26,6.254993804213135
20230824093033570,6.27,6.26,6.254993804213135
20230824093034040,6.27,6.26,6.255012345679012
20230824093034130,6.27,6.26,6.255049019607843
20230824093034590,6.27,6.26,6.255176184690158
20230824093034660,6.27,6.26,6.255176184690158
20230824093035770,6.27,6.26,6.255176184690158
20230824093035950,6.27,6.26,6.255230024213075
20230824093036150,6.27,6.26,6.255230024213075
20230824093036440,6.27,6.26,6.255230024213075
20230824093036660,6.27,6.26,6.255764294049008
20230824093036690,6.27,6.26,6.255764294049008
20230824093036740,6.27,6.26,6.255764294049008
20230824093036820,6.27,6.26,6.255764294049008
20230824093037080,6.27,6.26,6.255764294049008
20230824093037230,6.27,6.26,6.255764294049008
20230824093037440,6.27,6.26,6.255764294049008
20230824093037550,6.27,6.26,6.2565380374862185
20230824093037570,6.27,6.26,6.2565380374862185
20230824093037580,6.27,6.26,6.2565380374862185
20230824093037670,6.27,6.26,6.2565380374862185
20230824093038040,6.27,6.26,6.2565380374862185
20230824093038080,6.27,6.26,6.256728260869565
20230824093038650,6.27,6.26,6.256728260869565
20230824093039390,6.27,6.26,6.256728260869565
20230824093039760,6.27,6.26,6.256728260869565
20230824093039980,6.27,6.26,6.257088607594937
20230824093041140,6.27,6.26,6.257118997912317
20230824093041480,6.27,6.26,6.257118997912317
20230824093042830,6.27,6.26,6.257118997912317
20230824093043390,6.27,6.26,6.257118997912317
20230824093043460,6.27,6.26,6.257118997912317
20230824093043510,6.27,6.26,6.257118997912317
20230824093044210,6.27,6.26,6.257118997912317
20230824093044230,6.27,6.26,6.257118997912317
20230824093044700,6.27,6.26,6.257118997912317
20230824093044880,6.27,6.26,6.257118997912317
20230824093044890,6.27,6.26,6.257118997912317
20230824093045140,6.27,6.26,6.257118997912317
20230824093045330,6.27,6.26,6.257118997912317
20230824093045440,6.27,6.26,6.257118997912317
20230824093046340,6.27,6.26,6.257118997912317
20230824093046680,6.27,6.26,6.257118997912317
20230824093046930,6.27,6.26,6.257118997912317
20230824093047610,6.27,6.26,6.257118997912317
20230824093047740,6.27,6.26,6.257118997912317
20230824093047810,6.27,6.26,6.257118997912317
20230824093048030,6.27,6.26,6.257118997912317
20230824093048430,6.27,6.26,6.257118997912317
20230824093048680,6.27,6.26,6.257118997912317
20230824093048960,6.27,6.26,6.257118997912317
20230824093049120,6.27,6.26,6.257118997912317
20230824093049160,6.27,6.26,6.257118997912317
20230824093049180,6.27,6.26,6.257118997912317
20230824093049190,6.27,6.26,6.257118997912317
20230824093049640,6.27,6.26,6.257118997912317
20230824093049950,6.27,6.26,6.257118997912317
20230824093050250,6.27,6.26,6.257118997912317
20230824093050510,6.27,6.26,6.257118997912317
20230824093050820,6.27,6.26,6.257118997912317
20230824093050830,6.27,6.26,6.257118997912317
20230824093051450,6.27,6.26,6.257118997912317
20230824093051600,6.27,6.26,6.257118997912317
20230824093052090,6.28,6.26,6.257950819672131
20230824093052100,6.28,6.26,6.257950819672131
20230824093052570,6.28,6.26,6.257950819672131
20230824093052580,6.28,6.26,6.257950819672131
20230824093053080,6.28,6.26,6.257950819672131
20230824093054030,6.28,6.26,6.257950819672131
20230824093054040,6.28,6.26,6.257950819672131
20230824093054110,6.28,6.26,6.257950819672131
20230824093054850,6.28,6.26,6.257950819672131
20230824093055080,6.28,6.26,6.2590480132450335
20230824093055090,6.28,6.27,6.259407526020817
20230824093055110,6.28,6.27,6.259639498432602
20230824093055130,6.28,6.27,6.259639498432602
20230824093055140,6.28,6.27,6.259639498432602
20230824093055230,6.28,6.27,6.259639498432602
20230824093055240,6.28,6.27,6.259639498432602
20230824093055250,6.28,6.27,6.259639498432602
20230824093056140,6.28,6.27,6.259639498432602
20230824093056150,6.28,6.27,6.259639498432602
20230824093056220,6.28,6.27,6.259639498432602
20230824093056530,6.28,6.27,6.259799382716049
20230824093056540,6.28,6.26,6.2602291204730225
20230824093056720,6.28,6.26,6.260228951255539
20230824093057180,6.28,6.26,6.260228951255539
20230824093057440,6.28,6.27,6.260228951255539
20230824093057660,6.28,6.27,6.260228951255539
20230824093057960,6.28,6.27,6.260228951255539
20230824093058120,6.28,6.27,6.260228951255539
20230824093058260,6.28,6.27,6.260228951255539
20230824093058270,6.28,6.27,6.260228951255539
20230824093058280,6.28,6.27,6.260228951255539
20230824093058710,6.28,6.27,6.260228951255539
20230824093059010,6.28,6.27,6.260236162361624
20230824093059040,6.28,6.27,6.260236162361624
20230824093059070,6.28,6.27,6.260236162361624
20230824093059220,6.28,6.27,6.260236162361624
20230824093059330,6.28,6.27,6.260236162361624
20230824093059360,6.28,6.27,6.260236162361624
20230824093059480,6.28,6.27,6.260236162361624
20230824093059670,6.28,6.27,6.260898716119828
20230824093059800,6.28,6.27,6.260898716119828
20230824093059830,6.28,6.27,6.260898716119828
20230824093059890,6.28,6.27,6.260898716119828
20230824093059930,6.28,6.27,6.260898716119828
20230824093059980,6.28,6.27,6.2609375
20230824093059990,6.28,6.27,6.260951029098652
20230824093100140,6.28,6.27,6.260951029098652
20230824093100220,6.28,6.27,6.260951029098652
20230824093100380,6.28,6.27,6.260951029098652
20230824093100540,6.28,6.27,6.260951029098652
20230824093100610,6.28,6.27,6.260951029098652
20230824093100800,6.28,6.27,6.260951029098652
20230824093101090,6.28,6.27,6.261027445460943
20230824093101150,6.28,6.27,6.261027445460943
20230824093101320,6.28,6.27,6.261027445460943
20230824093103740,6.28,6.27,6.261067415730337
20230824093103780,6.28,6.27,6.26109243697479
20230824093103830,6.28,6.27,6.26109243697479
20230824093103940,6.28,6.27,6.26109243697479
20230824093103960,6.28,6.27,6.26109243697479
20230824093104480,6.28,6.27,6.26109243697479
20230824093105890,6.28,6.27,6.26109243697479
20230824093105900,6.28,6.27,6.26109243697479
20230824093105980,6.28,6.27,6.26109243697479
20230824093106810,6.28,6.27,6.26115840893231
20230824093107240,6.28,6.27,6.26115840893231
20230824093107360,6.28,6.27,6.26115840893231
20230824093108310,6.28,6.27,6.26115840893231
20230824093108550,6.28,6.27,6.26115840893231
20230824093109170,6.28,6.27,6.2611645746164575
20230824093109400,6.28,6.27,6.2611645746164575
20230824093110350,6.28,6.27,6.2611645746164575
20230824093110360,6.28,6.27,6.2611645746164575
20230824093110370,6.28,6.27,6.2611645746164575
20230824093111340,6.28,6.27,6.2611645746164575
20230824093111370,6.28,6.27,6.261346685082873
20230824093111470,6.28,6.27,6.261346685082873
20230824093111800,6.28,6.27,6.2614873200822485
20230824093112140,6.28,6.27,6.2614873200822485
20230824093112330,6.28,6.27,6.2614873200822485
20230824093112740,6.28,6.27,6.2614873200822485
20230824093112810,6.28,6.27,6.2614873200822485
20230824093113010,6.28,6.26,6.261976744186047
20230824093113020,6.28,6.26,6.261982267257758
20230824093113100,6.28,6.26,6.261982267257758
20230824093113120,6.28,6.27,6.261982267257758
20230824093113160,6.28,6.27,6.261992409867172
20230824093113320,6.28,6.27,6.261992409867172
20230824093114260,6.28,6.27,6.261992409867172
20230824093114300,6.28,6.27,6.261992409867172
20230824093114400,6.28,6.27,6.261992409867172
20230824093114640,6.28,6.27,6.262022684310019
20230824093114750,6.28,6.27,6.262156133828996
20230824093114970,6.28,6.27,6.262156133828996
20230824093115320,6.28,6.27,6.262156133828996
20230824093115360,6.28,6.27,6.262156133828996
20230824093116090,6.27,6.27,6.262175525339926
20230824093116100,6.27,6.27,6.262175525339926
20230824093116110,6.27,6.27,6.262175525339926
20230824093116170,6.27,6.27,6.262175525339926
20230824093116260,6.27,6.27,6.262175525339926
20230824093116420,6.27,6.27,6.262275777913362
20230824093117090,6.27,6.27,6.262275777913362
20230824093117150,6.27,6.27,6.262280487804878
20230824093117170,6.27,6.26,6.262279098110908
20230824093117290,6.27,6.26,6.262279098110908
20230824093117550,6.27,6.26,6.262279098110908
20230824093117730,6.27,6.26,6.262279098110908
20230824093118270,6.27,6.26,6.262283800243606
20230824093118430,6.27,6.26,6.262257676098736
20230824093118910,6.27,6.26,6.262257676098736
20230824093119110,6.27,6.26,6.262257676098736
20230824093119250,6.27,6.26,6.2622563176895305
20230824093119260,6.27,6.26,6.2622563176895305
20230824093119320,6.27,6.26,6.2622563176895305
20230824093119820,6.27,6.26,6.2622563176895305
20230824093119930,6.27,6.26,6.262339285714286
20230824093120000,6.27,6.26,6.262330960854093
20230824093120800,6.27,6.26,6.262330960854093
20230824093121370,6.27,6.26,6.262329579134558
20230824093121630,6.27,6.26,6.262329579134558
20230824093122430,6.27,6.26,6.262329579134558
20230824093122450,6.27,6.26,6.262329579134558
20230824093122700,6.27,6.26,6.262329579134558
20230824093123150,6.27,6.26,6.262329579134558
20230824093123500,6.27,6.26,6.262328199052133
20230824093123670,6.27,6.26,6.262686567164179
20230824093123740,6.27,6.26,6.262686567164179
20230824093123750,6.27,6.26,6.262686567164179
20230824093123780,6.27,6.26,6.262686567164179
20230824093123800,6.27,6.26,6.262699140401146
20230824093123910,6.27,6.26,6.262699140401146
20230824093124050,6.27,6.26,6.262699140401146
20230824093124080,6.27,6.26,6.262707498568975
20230824093124110,6.27,6.26,6.262707498568975
20230824093124390,6.27,6.26,6.262707498568975
20230824093124640,6.27,6.26,6.262707498568975
20230824093125050,6.27,6.26,6.262753128555176
20230824093125110,6.27,6.26,6.262753128555176
20230824093125400,6.27,6.26,6.262753128555176
20230824093125670,6.27,6.26,6.262753128555176
20230824093125720,6.27,6.26,6.262751563388289
20230824093125790,6.27,6.26,6.262751563388289
20230824093126010,6.27,6.26,6.262751563388289
20230824093126630,6.27,6.26,6.262751563388289
20230824093126960,6.27,6.26,6.262751563388289
20230824093127790,6.27,6.26,6.26275
20230824093127820,6.27,6.26,6.26275
20230824093127850,6.27,6.26,6.262672556598564
20230824093127900,6.27,6.26,6.262672556598564
20230824093128030,6.27,6.26,6.262672556598564
20230824093128120,6.27,6.26,6.262669608383894
20230824093128220,6.27,6.26,6.262669608383894
20230824093129480,6.27,6.26,6.262669608383894
20230824093129650,6.27,6.26,6.262669608383894
20230824093129790,6.27,6.26,6.262644808743169
20230824093129920,6.27,6.26,6.262643364281813
20230824093130520,6.27,6.26,6.262643364281813
20230824093130650,6.27,6.26,6.262633297062024
20230824093130820,6.27,6.26,6.262633297062024
20230824093131090,6.27,6.26,6.262633297062024
20230824093131630,6.27,6.26,6.262633297062024
20230824093131830,6.27,6.26,6.262633297062024
20230824093133040,6.27,6.26,6.262633297062024
20230824093134010,6.27,6.26,6.262633297062024
20230824093134190,6.27,6.26,6.262624728850326
20230824093134210,6.27,6.26,6.262624728850326
20230824093135800,6.27,6.26,6.26266846361186
20230824093135980,6.27,6.26,6.26266846361186
20230824093136020,6.27,6.26,6.262658431793771
20230824093136260,6.27,6.26,6.262658431793771
20230824093136430,6.27,6.26,6.262658431793771
20230824093137050,6.27,6.26,6.262644230769231
20230824093137110,6.27,6.26,6.262642819006941
20230824093137310,6.27,6.26,6.262654584221749
20230824093137320,6.27,6.26,6.262641909814324
20230824093137340,6.27,6.26,6.262641909814324
20230824093138040,6.27,6.26,6.262636315510853
20230824093138160,6.27,6.26,6.262636315510853
20230824093138220,6.27,6.26,6.262636315510853
20230824093138450,6.27,6.26,6.262636315510853
20230824093138670,6.27,6.26,6.262636315510853
20230824093139050,6.26,6.25,6.262636315510853
20230824093139070,6.26,6.25,6.262625197680548
20230824093139080,6.26,6.25,6.262622432859399
20230824093140010,6.27,6.26,6.262558746736293
20230824093140020,6.26,6.25,6.2625179856115105
20230824093140070,6.26,6.25,6.2625179856115105
20230824093140310,6.26,6.25,6.2625179856115105
20230824093141380,6.26,6.25,6.2625179856115105
20230824093141600,6.26,6.25,6.2625179856115105
20230824093141680,6.26,6.25,6.2625179856115105
20230824093142920,6.26,6.25,6.2625179856115105
20230824093142960,6.26,6.25,6.2625179856115105
20230824093142980,6.26,6.25,6.2625179856115105
20230824093143010,6.26,6.25,6.2625179856115105
20230824093143200,6.26,6.25,6.2625179856115105
20230824093143860,6.26,6.25,6.2625179856115105
20230824093143870,6.26,6.25,6.2625179856115105
20230824093144480,6.26,6.25,6.2625179856115105
20230824093144540,6.26,6.25,6.2625179856115105
20230824093144610,6.26,6.25,6.2625179856115105
20230824093144970,6.26,6.25,6.2625179856115105
20230824093145000,6.26,6.25,6.2625179856115105
20230824093145010,6.26,6.25,6.2625179856115105
20230824093145040,6.26,6.25,6.2625179856115105
20230824093145050,6.26,6.25,6.2625179856115105
20230824093145060,6.26,6.25,6.262516692347201
20230824093145300,6.26,6.25,6.262516692347201
20230824093145310,6.26,6.25,6.262516692347201
20230824093145340,6.26,6.25,6.262516692347201
20230824093145370,6.26,6.25,6.262516692347201
20230824093145600,6.26,6.25,6.262516692347201
20230824093145630,6.26,6.25,6.262516692347201
20230824093145810,6.26,6.25,6.262503832396526
20230824093145920,6.26,6.25,6.262503832396526
20230824093146200,6.26,6.25,6.262503832396526
20230824093147540,6.26,6.25,6.262503832396526
20230824093147700,6.26,6.25,6.262491103202847
20230824093147730,6.26,6.25,6.262491103202847
20230824093147810,6.26,6.25,6.262477249747219
20230824093148080,6.26,6.25,6.262477249747219
20230824093148310,6.26,6.25,6.2624647887323945
20230824093148320,6.26,6.25,6.2624647887323945
20230824093148740,6.26,6.25,6.2624647887323945
20230824093148800,6.26,6.25,6.2624647887323945
20230824093149050,6.26,6.25,6.2624647887323945
20230824093149270,6.26,6.25,6.262356751370204
20230824093149750,6.26,6.25,6.262356751370204
20230824093150560,6.26,6.25,6.262356751370204
20230824093150740,6.26,6.25,6.262356751370204
20230824093150830,6.26,6.25,6.262356751370204
20230824093151620,6.26,6.25,6.262356751370204
20230824093151700,6.26,6.25,6.262356751370204
20230824093152550,6.26,6.25,6.262356751370204
20230824093153120,6.26,6.25,6.262356751370204
20230824093154340,6.26,6.25,6.262289395441031
20230824093155460,6.26,6.25,6.262289395441031
20230824093155990,6.26,6.25,6.262289395441031
20230824093156280,6.26,6.25,6.262284866468843
20230824093156330,6.26,6.25,6.262284866468843
20230824093156830,6.26,6.25,6.262284866468843
20230824093157230,6.26,6.25,6.262284866468843
20230824093157270,6.26,6.25,6.262281481481481
20230824093157450,6.26,6.25,6.262281481481481
20230824093157900,6.26,6.25,6.262275862068965
20230824093158320,6.26,6.25,6.262275862068965
20230824093158810,6.26,6.25,6.262275862068965
20230824093159800,6.26,6.25,6.262263596276335
20230824093200020,6.26,6.25,6.262227650219834
20230824093200200,6.26,6.25,6.262227650219834
20230824093200210,6.26,6.25,6.262227650219834
20230824093200220,6.26,6.25,6.262227650219834
20230824093200270,6.26,6.25,6.262227650219834
20230824093200640,6.26,6.25,6.262227650219834
20230824093200650,6.26,6.25,6.2622265625
20230824093200750,6.26,6.25,6.262178988326848
20230824093200830,6.26,6.25,6.262177929022849
20230824093200890,6.26,6.25,6.262177929022849
20230824093200900,6.26,6.25,6.262049062049062
20230824093200930,6.26,6.25,6.262049062049062
20230824093200970,6.26,6.25,6.261258426966292
20230824093200980,6.26,6.25,6.261258426966292
20230824093201210,6.26,6.25,6.261258426966292
20230824093201470,6.26,6.25,6.261258426966292
20230824093201540,6.26,6.25,6.261258426966292
20230824093201640,6.26,6.25,6.261258426966292
20230824093201700,6.26,6.25,6.261258426966292
20230824093201910,6.26,6.25,6.261258426966292
20230824093202280,6.26,6.25,6.261258426966292
20230824093202290,6.26,6.25,6.261258426966292
20230824093202340,6.26,6.25,6.261258426966292
20230824093202920,6.26,6.25,6.261258426966292
20230824093203100,6.26,6.25,6.261258426966292
20230824093204290,6.26,6.25,6.261253369272238
20230824093204490,6.26,6.25,6.261253369272238
20230824093206440,6.26,6.25,6.261253369272238
20230824093206740,6.26,6.25,6.261253369272238
20230824093207090,6.26,6.25,6.261242735806884
20230824093207720,6.26,6.25,6.261242735806884
20230824093208560,6.26,6.25,6.261242735806884
20230824093208670,6.26,6.25,6.261242735806884
20230824093209830,6.26,6.25,6.26124218051832
20230824093209870,6.26,6.25,6.26124218051832
20230824093210110,6.26,6.25,6.261232142857143
20230824093210160,6.26,6.25,6.261232142857143
20230824093210210,6.26,6.25,6.261222123104371
20230824093210690,6.26,6.25,6.261222123104371
20230824093210770,6.26,6.25,6.261222123104371
20230824093211160,6.26,6.25,6.261222123104371
20230824093211800,6.26,6.25,6.26121615623613
20230824093212150,6.26,6.25,6.261215616681455
20230824093212160,6.26,6.25,6.261215616681455
20230824093212170,6.26,6.25,6.261215616681455
20230824093212340,6.26,6.25,6.261215616681455
20230824093212480,6.26,6.25,6.261215616681455
20230824093212710,6.26,6.25,6.261215616681455
20230824093212800,6.26,6.25,6.261215616681455
20230824093212810,6.26,6.25,6.261215616681455
20230824093212940,6.26,6.25,6.261215616681455
20230824093213130,6.26,6.25,6.261215077605321
20230824093213440,6.26,6.25,6.261210106382979
20230824093213980,6.26,6.25,6.261210106382979
20230824093214050,6.26,6.25,6.261111111111111
20230824093214150,6.26,6.25,6.260928725701944
20230824093214790,6.26,6.25,6.260912563667232
20230824093216210,6.26,6.25,6.26090793381417
20230824093216250,6.26,6.25,6.26090793381417
20230824093216380,6.26,6.25,6.26090793381417
20230824093216930,6.26,6.25,6.260766331658291
20230824093217020,6.26,6.25,6.260766331658291
20230824093217860,6.26,6.25,6.260766331658291
20230824093218280,6.26,6.25,6.260761825031394
20230824093218400,6.26,6.25,6.26076150627615
20230824093218710,6.26,6.25,6.26076150627615
20230824093218800,6.25,6.25,6.2606988352745425
20230824093218820,6.25,6.25,6.260681063122924
20230824093219130,6.25,6.25,6.260650103519668
20230824093219160,6.25,6.25,6.260641290856434
20230824093220000,6.25,6.25,6.260641290856434
20230824093220070,6.25,6.25,6.260590177465951
20230824093220240,6.25,6.25,6.259838957055215
20230824093220280,6.25,6.25,6.259838957055215
20230824093220790,6.25,6.25,6.259835185894979
20230824093220940,6.25,6.25,6.259835185894979
20230824093221130,6.25,6.25,6.259831417624521
20230824093221140,6.25,6.24,6.259778963414634
20230824093221180,6.25,6.24,6.259752945648042
20230824093221220,6.25,6.24,6.259749240121581
20230824093221230,6.25,6.24,6.259723380068207
20230824093221570,6.25,6.24,6.259719696969697
20230824093222060,6.25,6.24,6.2597049924357036
20230824093222070,6.25,6.24,6.259653875094056
20230824093222080,6.25,6.24,6.25962851782364
20230824093222090,6.25,6.24,6.259553239017126
20230824093222100,6.25,6.24,6.259489644970414
20230824093222110,6.25,6.24,6.259472129937246
20230824093222140,6.25,6.24,6.25945816439366
20230824093222150,6.25,6.24,6.259423430040397
20230824093222160,6.25,6.24,6.259423430040397
20230824093222380,6.25,6.24,6.259413059427733
20230824093222560,6.25,6.24,6.259413059427733
20230824093222710,6.25,6.24,6.259413059427733
20230824093223060,6.25,6.24,6.259409607627429
20230824093223100,6.25,6.25,6.259216954022989
20230824093223210,6.25,6.25,6.259216954022989
20230824093223260,6.25,6.25,6.259216954022989
20230824093223280,6.25,6.25,6.259216954022989
20230824093223430,6.25,6.25,6.259216954022989
20230824093223580,6.25,6.25,6.259216954022989
20230824093223800,6.25,6.25,6.259216954022989
20230824093223920,6.25,6.25,6.259216954022989
20230824093224130,6.25,6.25,6.259216954022989
20230824093224760,6.25,6.25,6.259216954022989
20230824093224900,6.25,6.25,6.259190544412608
20230824093225350,6.25,6.25,6.259190544412608
20230824093225600,6.25,6.24,6.258946251768034
20230824093225710,6.25,6.24,6.258946251768034
20230824093225810,6.25,6.24,6.258946251768034
20230824093225830,6.25,6.24,6.258946251768034
20230824093225840,6.25,6.24,6.258946251768034
20230824093226100,6.25,6.24,6.258946251768034
20230824093226390,6.25,6.24,6.2586171662125345
20230824093226780,6.25,6.24,6.2586171662125345
20230824093226860,6.25,6.24,6.2586171662125345
20230824093227050,6.25,6.24,6.2586171662125345
20230824093227300,6.25,6.24,6.2586171662125345
20230824093227410,6.25,6.24,6.2586171662125345
20230824093227840,6.25,6.24,6.2586171662125345
20230824093227880,6.25,6.24,6.2586171662125345
20230824093228110,6.25,6.24,6.258614232209738
20230824093228120,6.25,6.24,6.258611300204221
20230824093228220,6.25,6.24,6.258611300204221
20230824093228970,6.25,6.24,6.258611300204221
20230824093229210,6.25,6.24,6.258611300204221
20230824093229710,6.25,6.24,6.258611300204221
20230824093230800,6.25,6.24,6.258611300204221
20230824093230880,6.25,6.24,6.258611300204221
20230824093230930,6.25,6.24,6.258611300204221
20230824093230990,6.25,6.24,6.258611300204221
20230824093231140,6.25,6.24,6.258611300204221
20230824093231150,6.25,6.24,6.258611300204221
20230824093231440,6.25,6.24,6.258608370193944
20230824093231550,6.25,6.24,6.2585908319185055
20230824093231570,6.25,6.24,6.2585908319185055
20230824093231610,6.25,6.24,6.2585908319185055
20230824093231690,6.25,6.24,6.2585908319185055
20230824093232250,6.25,6.24,6.2585908319185055
20230824093232280,6.25,6.24,6.2585908319185055
20230824093232650,6.25,6.24,6.2585908319185055
20230824093232730,6.25,6.24,6.258561759729273
20230824093233520,6.25,6.24,6.258561759729273
20230824093233660,6.25,6.24,6.258561759729273
20230824093234240,6.25,6.24,6.258561759729273
20230824093234450,6.25,6.24,6.258561759729273
20230824093234830,6.25,6.24,6.258561759729273
20230824093234900,6.25,6.24,6.258561759729273
20230824093235800,6.25,6.24,6.258530006743088
20230824093235900,6.25,6.24,6.258512786002692
20230824093236030,6.25,6.24,6.258512786002692
20230824093236430,6.25,6.24,6.258506559031281
20230824093236710,6.25,6.24,6.258506559031281
20230824093237100,6.25,6.24,6.258494623655914
20230824093238830,6.25,6.24,6.258494623655914
20230824093239040,6.25,6.24,6.258494623655914
20230824093239810,6.25,6.24,6.258494623655914
20230824093240020,6.25,6.24,6.258318525830865
20230824093240060,6.25,6.24,6.258318525830865
20230824093240430,6.25,6.24,6.258318525830865
20230824093240790,6.25,6.24,6.258318525830865
20230824093240880,6.25,6.24,6.258318525830865
20230824093241140,6.25,6.24,6.258318525830865
20230824093241300,6.25,6.24,6.258318525830865
20230824093241440,6.25,6.24,6.258318525830865
20230824093241510,6.25,6.24,6.258318525830865
20230824093241630,6.25,6.24,6.258249345549738
20230824093241700,6.25,6.24,6.258249345549738
20230824093241940,6.25,6.24,6.258249345549738
20230824093242030,6.25,6.24,6.258249345549738
20230824093242390,6.25,6.24,6.258249345549738
20230824093242460,6.25,6.24,6.258249345549738
20230824093242490,6.25,6.24,6.258249345549738
20230824093242600,6.25,6.24,6.258249345549738
20230824093243120,6.25,6.24,6.258249345549738
20230824093243210,6.25,6.24,6.258249345549738
20230824093243710,6.25,6.24,6.258249345549738
20230824093243980,6.25,6.24,6.258203709729906
20230824093244120,6.25,6.24,6.2581717990275525
20230824093244800,6.25,6.24,6.2581717990275525
20230824093244830,6.25,6.24,6.2581717990275525
20230824093245350,6.25,6.24,6.2581717990275525
20230824093245390,6.25,6.24,6.258166504697117
20230824093245490,6.25,6.24,6.258166504697117
20230824093245520,6.25,6.24,6.258166504697117
20230824093246840,6.25,6.24,6.258163860103627
20230824093247810,6.25,6.24,6.258134882220071
20230824093248570,6.25,6.24,6.258119162640901
20230824093248590,6.25,6.24,6.25810350369656
20230824093249150,6.25,6.24,6.25810350369656
20230824093249160,6.25,6.24,6.258085311096857
20230824093249550,6.25,6.24,6.258085311096857
20230824093250020,6.25,6.24,6.258085311096857
20230824093250230,6.25,6.24,6.258085311096857
20230824093250250,6.25,6.24,6.258085311096857
20230824093250320,6.25,6.24,6.258085311096857
20230824093250350,6.25,6.24,6.258085311096857
20230824093250620,6.25,6.24,6.258072366314441
20230824093250740,6.25,6.24,6.258072366314441
20230824093250780,6.25,6.24,6.258072366314441
20230824093250810,6.25,6.24,6.258072366314441
20230824093251190,6.25,6.24,6.258072366314441
20230824093251660,6.25,6.24,6.258064619321817
20230824093251890,6.25,6.24,6.258062040294211
20230824093252260,6.25,6.24,6.258062040294211
20230824093252360,6.25,6.24,6.258062040294211
20230824093252790,6.25,6.24,6.258062040294211
20230824093253110,6.25,6.24,6.258059462915601
20230824093253120,6.25,6.24,6.258056887184404
20230824093253250,6.25,6.24,6.258056887184404
20230824093254830,6.25,6.24,6.258056887184404
20230824093254950,6.25,6.24,6.258056887184404
20230824093255360,6.25,6.24,6.258056887184404
20230824093255460,6.25,6.24,6.258056887184404
20230824093255910,6.25,6.24,6.258056887184404
20230824093255950,6.25,6.24,6.258056887184404
20230824093256230,6.25,6.24,6.258056887184404
20230824093256260,6.25,6.24,6.258056887184404
20230824093256270,6.25,6.24,6.258056887184404
20230824093256350,6.25,6.24,6.258056887184404
20230824093256460,6.25,6.24,6.258056887184404
20230824093256720,6.25,6.24,6.258056887184404
20230824093257080,6.25,6.24,6.258056887184404
20230824093257470,6.25,6.24,6.257920201068175
20230824093257710,6.25,6.24,6.257920201068175
20230824093258700,6.25,6.24,6.257920201068175
20230824093258780,6.25,6.24,6.257920201068175
20230824093258880,6.25,6.24,6.257920201068175
20230824093259050,6.25,6.24,6.257920201068175
20230824093259750,6.25,6.24,6.257789115646259
20230824093259770,6.25,6.24,6.257789115646259
20230824093259800,6.25,6.24,6.257762711864407
20230824093300090,6.25,6.24,6.257762711864407
20230824093301280,6.25,6.24,6.257762711864407
20230824093301610,6.25,6.24,6.257762711864407
20230824093302320,6.25,6.24,6.257762711864407
20230824093302550,6.25,6.24,6.257762711864407
20230824093302740,6.25,6.24,6.257762711864407
20230824093302970,6.25,6.24,6.257356630824373
20230824093303050,6.25,6.24,6.257356630824373
20230824093303470,6.25,6.24,6.257356630824373
20230824093303740,6.25,6.24,6.257356630824373
20230824093305110,6.25,6.24,6.256814900375397
20230824093305120,6.25,6.24,6.2568129330254045
20230824093306410,6.25,6.24,6.2568129330254045
20230824093306660,6.25,6.24,6.2568129330254045
20230824093307460,6.25,6.24,6.2568129330254045
20230824093308120,6.25,6.24,6.256810966810967
20230824093309970,6.25,6.24,6.256810966810967
20230824093310150,6.25,6.24,6.256810966810967
20230824093310920,6.25,6.24,6.256810966810967
20230824093311800,6.25,6.24,6.256789413118527
20230824093311880,6.25,6.24,6.256789413118527
20230824093312530,6.25,6.24,6.256789413118527
20230824093312850,6.25,6.24,6.256789413118527
20230824093313280,6.25,6.24,6.256789413118527
20230824093316130,6.25,6.24,6.256789413118527
20230824093316390,6.25,6.24,6.256789413118527
20230824093316620,6.25,6.24,6.256789413118527
20230824093317960,6.25,6.24,6.256789413118527
20230824093318020,6.25,6.24,6.256789413118527
20230824093318520,6.25,6.24,6.256789413118527
20230824093318530,6.25,6.24,6.256789413118527
20230824093318550,6.25,6.24,6.256789413118527
20230824093318870,6.25,6.24,6.256789413118527
20230824093319620,6.25,6.24,6.256789413118527
20230824093319720,6.25,6.24,6.256789413118527
20230824093319830,6.25,6.24,6.256657239819004
20230824093321900,6.25,6.24,6.256584615384615
20230824093322110,6.25,6.24,6.256584615384615
20230824093322260,6.25,6.24,6.256584615384615
20230824093322470,6.25,6.24,6.256584615384615
20230824093322790,6.25,6.24,6.25632967032967
20230824093323230,6.25,6.24,6.25632967032967
20230824093323800,6.25,6.24,6.25632967032967
20230824093324350,6.25,6.24,6.256306133625411
20230824093325070,6.25,6.24,6.256306133625411
20230824093325850,6.25,6.24,6.256306133625411
20230824093325970,6.25,6.24,6.256306133625411
20230824093328440,6.25,6.24,6.256274189152357
20230824093328690,6.25,6.24,6.256274189152357
20230824093328820,6.25,6.24,6.256274189152357
20230824093330280,6.25,6.24,6.256274189152357
20230824093330760,6.25,6.24,6.256274189152357
20230824093331140,6.25,6.24,6.256274189152357
20230824093331170,6.25,6.24,6.256274189152357
20230824093331430,6.25,6.24,6.256274189152357
20230824093331440,6.25,6.24,6.256274189152357
20230824093331560,6.25,6.24,6.256274189152357
20230824093331670,6.25,6.24,6.256274189152357
20230824093333400,6.25,6.24,6.256274189152357
20230824093333620,6.25,6.24,6.256274189152357
20230824093333800,6.25,6.24,6.256274189152357
20230824093334020,6.25,6.24,6.256274189152357
20230824093334120,6.25,6.24,6.256274189152357
20230824093334230,6.25,6.24,6.256274189152357
20230824093335000,6.25,6.24,6.255753781950965
20230824093335340,6.25,6.24,6.255753781950965
20230824093335520,6.25,6.24,6.255753781950965
20230824093335800,6.25,6.24,6.255753781950965
20230824093337290,6.25,6.24,6.255753781950965
20230824093338130,6.25,6.24,6.255753781950965
20230824093340110,6.25,6.24,6.255636786360114
20230824093340210,6.25,6.24,6.255635330578512
20230824093340560,6.25,6.24,6.255635330578512
20230824093340720,6.25,6.24,6.255635330578512
20230824093341030,6.25,6.24,6.255635330578512
20230824093341670,6.25,6.24,6.253847209515096
20230824093341680,6.25,6.24,6.253847209515096
20230824093341690,6.25,6.23,6.253592276605299
20230824093341700,6.24,6.23,6.253589378107498
20230824093341710,6.25,6.24,6.253589225589225
20230824093341770,6.25,6.24,6.253589225589225
20230824093341780,6.25,6.24,6.253589225589225
20230824093342550,6.25,6.24,6.253589225589225
20230824093342940,6.25,6.24,6.253589225589225
20230824093343080,6.25,6.24,6.253589225589225
20230824093343180,6.25,6.24,6.253577035209688
20230824093343200,6.25,6.24,6.253577035209688
20230824093344000,6.24,6.23,6.253574143207883
20230824093344010,6.24,6.23,6.253574143207883
20230824093344020,6.24,6.23,6.253574143207883
20230824093344040,6.24,6.23,6.253574143207883
20230824093344060,6.24,6.23,6.253574143207883
20230824093344710,6.25,6.23,6.2534923111210166
20230824093345780,6.25,6.23,6.2534923111210166
20230824093345940,6.25,6.23,6.2534923111210166
20230824093346020,6.25,6.23,6.2534923111210166
20230824093346060,6.25,6.23,6.2534923111210166
20230824093346080,6.25,6.23,6.2534923111210166
20230824093346110,6.24,6.23,6.2534923111210166
20230824093346130,6.24,6.23,6.2534923111210166
20230824093346150,6.24,6.23,6.2534923111210166
20230824093346270,6.24,6.23,6.253418459526263
20230824093346350,6.24,6.23,6.253346003823246
20230824093346790,6.24,6.23,6.253346003823246
20230824093346810,6.24,6.23,6.253346003823246
20230824093346830,6.24,6.23,6.253346003823246
20230824093346840,6.24,6.23,6.253346003823246
20230824093346950,6.24,6.23,6.253346003823246
20230824093346990,6.24,6.23,6.253346003823246
20230824093347000,6.24,6.23,6.253346003823246
20230824093347120,6.24,6.23,6.253346003823246
20230824093347170,6.24,6.23,6.253346003823246
20230824093347340,6.24,6.23,6.253241228070175
20230824093347400,6.24,6.23,6.253241228070175
20230824093347810,6.24,6.23,6.253241228070175
20230824093347870,6.24,6.23,6.253241228070175
20230824093348320,6.24,6.23,6.253241228070175
20230824093348410,6.24,6.23,6.253241228070175
20230824093348480,6.24,6.23,6.253241228070175
20230824093348620,6.24,6.23,6.253241228070175
20230824093350120,6.24,6.23,6.253241228070175
20230824093351280,6.24,6.23,6.253146234990583
20230824093351660,6.24,6.23,6.253146234990583
20230824093352080,6.24,6.23,6.253146234990583
20230824093352310,6.24,6.23,6.253146234990583
20230824093352630,6.24,6.23,6.253146234990583
20230824093352820,6.24,6.23,6.253146234990583
20230824093353170,6.24,6.23,6.253146234990583
20230824093353180,6.24,6.23,6.253146234990583
20230824093354070,6.24,6.23,6.253146234990583
20230824093354400,6.24,6.23,6.252968352323371
20230824093354470,6.24,6.23,6.252968352323371
20230824093355090,6.24,6.23,6.252968352323371
20230824093356140,6.24,6.23,6.252968352323371
20230824093356280,6.24,6.23,6.252767859994251
20230824093356300,6.24,6.23,6.252767859994251
20230824093356680,6.24,6.23,6.2524735839432015
20230824093357280,6.24,6.23,6.252470987416605
20230824093357320,6.24,6.23,6.252470987416605
20230824093357600,6.24,6.23,6.252470987416605
20230824093357660,6.24,6.23,6.252393326351372
20230824093358100,6.24,6.23,6.252393326351372
20230824093359210,6.24,6.23,6.252393326351372
20230824093359630,6.24,6.23,6.252393326351372
20230824093359690,6.24,6.23,6.252393326351372
20230824093400400,6.24,6.23,6.252393326351372
20230824093400810,6.24,6.23,6.252393326351372
20230824093401400,6.24,6.23,6.252393326351372
20230824093401440,6.24,6.23,6.252393326351372
20230824093401510,6.24,6.23,6.252393326351372
20230824093401620,6.24,6.23,6.252385620576379
20230824093402250,6.24,6.23,6.252385620576379
20230824093402380,6.24,6.23,6.252385620576379
20230824093402910,6.24,6.23,6.252385620576379
20230824093403060,6.24,6.23,6.252385620576379
20230824093403520,6.24,6.23,6.252385620576379
20230824093403530,6.24,6.23,6.252385620576379
20230824093403640,6.24,6.23,6.252385620576379
20230824093404180,6.24,6.23,6.252385620576379
20230824093404220,6.24,6.23,6.252385620576379
20230824093404230,6.24,6.23,6.252385620576379
20230824093404920,6.24,6.23,6.252385620576379
20230824093405540,6.24,6.23,6.252385620576379
20230824093405580,6.24,6.23,6.252385620576379
20230824093405610,6.24,6.23,6.2523830541136975
20230824093406170,6.24,6.23,6.2523830541136975
20230824093406350,6.24,6.23,6.2523830541136975
20230824093408940,6.24,6.23,6.2523830541136975
20230824093409140,6.24,6.23,6.2523830541136975
20230824093409150,6.24,6.23,6.2523830541136975
20230824093409380,6.24,6.23,6.252148986559222
20230824093409570,6.24,6.23,6.252124126500169
20230824093409970,6.24,6.23,6.252078947099725
20230824093410520,6.24,6.23,6.251637098630164
20230824093410980,6.24,6.23,6.251005024650119
20230824093411010,6.24,6.23,6.251002942317335
20230824093411120,6.24,6.23,6.251000860772424
20230824093413620,6.24,6.23,6.251000860772424
20230824093414130,6.24,6.23,6.250992542462594
20230824093414180,6.24,6.23,6.250992542462594
20230824093414500,6.24,6.23,6.250992542462594
20230824093414630,6.24,6.23,6.250992542462594
20230824093414810,6.24,6.23,6.250988388023318
20230824093414880,6.24,6.23,6.250940902534903
20230824093416150,6.24,6.23,6.250940902534903
20230824093416280,6.24,6.23,6.250940902534903
20230824093417980,6.24,6.23,6.250940902534903
20230824093419180,6.24,6.23,6.250940902534903
20230824093419480,6.24,6.23,6.250940902534903
20230824093419820,6.24,6.23,6.250850886788395
20230824093420460,6.24,6.23,6.250848858187121
20230824093420820,6.24,6.23,6.250834679188566
20230824093421880,6.24,6.23,6.250834679188566
20230824093422250,6.24,6.23,6.250830789908436
20230824093422350,6.24,6.23,6.250830789908436
20230824093422440,6.24,6.23,6.250826902080086
20230824093422710,6.24,6.23,6.250816807913555
20230824093423110,6.24,6.23,6.250814791338472
20230824093423260,6.24,6.23,6.250814791338472
20230824093424260,6.24,6.23,6.250796675941522
20230824093424320,6.24,6.23,6.250796675941522
20230824093424530,6.24,6.23,6.250796675941522
20230824093425440,6.24,6.23,6.250796675941522
20230824093426850,6.24,6.23,6.2507287842499
20230824093426920,6.24,6.23,6.2507287842499
20230824093426940,6.24,6.23,6.250675250647949
20230824093427390,6.24,6.23,6.250675250647949
20230824093428270,6.24,6.23,6.250260396424407
20230824093429370,6.24,6.23,6.250260396424407
20230824093429520,6.24,6.23,6.250260396424407
20230824093429770,6.24,6.23,6.250189144662807
20230824093429850,6.24,6.23,6.250189144662807
20230824093430280,6.24,6.23,6.250189144662807
20230824093430290,6.24,6.23,6.250189144662807
20230824093431440,6.24,6.23,6.250189144662807
20230824093431910,6.24,6.23,6.250189144662807
20230824093432120,6.24,6.23,6.2501854768311444
20230824093432730,6.24,6.23,6.2501854768311444
20230824093433050,6.24,6.23,6.2501854768311444
20230824093433270,6.24,6.23,6.2501854768311444
20230824093434070,6.24,6.23,6.2501854768311444
20230824093434180,6.24,6.23,6.250174583329585
20230824093434190,6.24,6.23,6.250174583329585
20230824093434250,6.24,6.23,6.250160076937596
20230824093434610,6.24,6.23,6.250160076937596
20230824093434930,6.24,6.23,6.250160076937596
20230824093435120,6.24,6.23,6.250158250882915
20230824093435300,6.24,6.23,6.250158250882915
20230824093435490,6.24,6.23,6.250158250882915
20230824093435900,6.24,6.23,6.250154628523167
20230824093436150,6.24,6.23,6.250154628523167
20230824093436330,6.24,6.23,6.250154628523167
20230824093436900,6.24,6.23,6.250154628523167
20230824093437440,6.24,6.23,6.250154628523167
20230824093437860,6.24,6.23,6.250154628523167
20230824093438010,6.24,6.23,6.250152804103522
20230824093439890,6.24,6.23,6.250134595898456
20230824093440350,6.24,6.23,6.250109213857011
20230824093442040,6.24,6.23,6.250109213857011
20230824093442350,6.24,6.23,6.250109213857011
20230824093442370,6.24,6.23,6.250109213857011
20230824093443190,6.24,6.23,6.250103791380219
20230824093444430,6.24,6.23,6.250103791380219
20230824093444600,6.24,6.23,6.250049884846922
20230824093444840,6.24,6.23,6.250049884846922
20230824093445160,6.24,6.23,6.250049884846922
20230824093445230,6.24,6.23,6.250049884846922
20230824093446370,6.24,6.23,6.250049884846922
20230824093446670,6.24,6.23,6.250049884846922
20230824093447420,6.24,6.23,6.250049884846922
20230824093447670,6.24,6.23,6.250049884846922
20230824093448030,6.24,6.23,6.250049884846922
20230824093448050,6.24,6.23,6.250049884846922
20230824093448260,6.24,6.23,6.250049884846922
20230824093450050,6.24,6.23,6.250049884846922
20230824093450570,6.24,6.23,6.250049884846922
20230824093452750,6.24,6.23,6.250049884846922
20230824093452870,6.24,6.23,6.250049884846922
20230824093453370,6.24,6.23,6.250049884846922
20230824093453580,6.24,6.23,6.250049884846922
20230824093453680,6.24,6.23,6.250049884846922
20230824093454610,6.24,6.23,6.249803353270273
20230824093454970,6.24,6.23,6.249803353270273
20230824093457080,6.24,6.23,6.249803353270273
20230824093457470,6.24,6.23,6.249803353270273
20230824093458090,6.24,6.23,6.2498016315563
20230824093458700,6.24,6.23,6.249772454670413
20230824093458740,6.24,6.23,6.249772454670413
20230824093458990,6.24,6.23,6.249772454670413
20230824093459000,6.24,6.23,6.249772454670413
20230824093459570,6.24,6.23,6.249772454670413
20230824093459580,6.24,6.23,6.249772454670413
20230824093501080,6.24,6.23,6.249772454670413
20230824093501110,6.24,6.23,6.249769033511583
20230824093501130,6.24,6.23,6.249767323830275
20230824093503990,6.24,6.23,6.249767323830275
20230824093504170,6.24,6.23,6.249767323830275
20230824093504330,6.24,6.23,6.249767323830275
20230824093504370,6.24,6.23,6.249762198375008
20230824093504470,6.24,6.23,6.249755372796476
20230824093504790,6.24,6.23,6.249755372796476
20230824093504830,6.24,6.23,6.249755372796476
20230824093505110,6.24,6.23,6.249755372796476
20230824093506070,6.24,6.23,6.249755372796476
20230824093506160,6.24,6.23,6.249755372796476
20230824093506400,6.24,6.23,6.249755372796476
20230824093506420,6.24,6.23,6.249696053648832
20230824093506440,6.25,6.23,6.249220221377829
20230824093506450,6.25,6.24,6.249220221377829
20230824093506460,6.25,6.24,6.249220221377829
20230824093506470,6.25,6.24,6.249220221377829
20230824093506480,6.25,6.24,6.249220221377829
20230824093506490,6.25,6.24,6.249220221377829
20230824093506500,6.25,6.24,6.249220221377829
20230824093506510,6.25,6.24,6.249220221377829
20230824093506530,6.25,6.24,6.249220221377829
20230824093506570,6.25,6.24,6.249067424857839
20230824093506630,6.25,6.24,6.249067424857839
20230824093507030,6.25,6.24,6.249067424857839
20230824093507080,6.25,6.24,6.249067424857839
20230824093507090,6.25,6.24,6.249067424857839
20230824093507220,6.25,6.24,6.249067424857839
20230824093508930,6.25,6.24,6.249067424857839
20230824093508980,6.25,6.24,6.249067424857839
20230824093509300,6.25,6.24,6.249067424857839
20230824093509330,6.25,6.24,6.249067424857839
20230824093509340,6.25,6.24,6.249067424857839
20230824093509680,6.25,6.24,6.249067424857839
20230824093510090,6.25,6.24,6.249067424857839
20230824093510100,6.25,6.24,6.249067424857839
20230824093510120,6.25,6.24,6.249067424857839
20230824093510250,6.25,6.24,6.249067424857839
20230824093510890,6.25,6.24,6.249067424857839
20230824093510930,6.25,6.24,6.249067424857839
20230824093511000,6.25,6.24,6.249067424857839
20230824093511090,6.25,6.24,6.249067424857839
20230824093511120,6.25,6.24,6.249067424857839
20230824093511490,6.25,6.24,6.249067424857839
20230824093511500,6.25,6.24,6.249067424857839
20230824093511880,6.25,6.24,6.249067424857839
20230824093512050,6.25,6.24,6.249067424857839
20230824093512350,6.25,6.24,6.249067424857839
20230824093512960,6.25,6.24,6.249067424857839
20230824093513330,6.25,6.24,6.249067424857839
20230824093513350,6.25,6.24,6.249067424857839
20230824093513380,6.25,6.24,6.249067424857839
20230824093513670,6.25,6.24,6.249067424857839
20230824093514220,6.25,6.24,6.249067424857839
20230824093515060,6.25,6.24,6.249067424857839
20230824093515090,6.25,6.24,6.249067424857839
20230824093515190,6.25,6.24,6.249067424857839
20230824093515290,6.25,6.24,6.249067424857839
20230824093515830,6.25,6.24,6.249067424857839
20230824093516120,6.25,6.24,6.249067424857839
20230824093516160,6.25,6.24,6.249067424857839
20230824093516210,6.25,6.24,6.249067424857839
20230824093516260,6.25,6.24,6.249067424857839
20230824093516280,6.25,6.24,6.249067424857839
20230824093516650,6.25,6.24,6.249067424857839
20230824093517370,6.25,6.24,6.248848329008291
20230824093517490,6.25,6.24,6.248848329008291
20230824093518460,6.25,6.24,6.248848329008291
20230824093519080,6.25,6.24,6.248848329008291
20230824093519640,6.25,6.24,6.248848329008291
20230824093520120,6.25,6.24,6.2488485106584335
20230824093520380,6.25,6.24,6.2488485106584335
20230824093520920,6.25,6.24,6.248851589967045
20230824093521660,6.25,6.24,6.248851589967045
20230824093521820,6.25,6.24,6.248851589967045
20230824093521940,6.25,6.24,6.248851589967045
20230824093522200,6.25,6.24,6.248851589967045
20230824093522250,6.25,6.24,6.248851589967045
20230824093522540,6.25,6.24,6.248851589967045
20230824093522570,6.25,6.24,6.248851589967045
20230824093522920,6.25,6.24,6.248851589967045
20230824093524200,6.25,6.24,6.248846023848264
20230824093524210,6.25,6.24,6.248846023848264
20230824093524560,6.25,6.24,6.248846023848264
20230824093525050,6.25,6.24,6.248832139129343
20230824093525090,6.25,6.24,6.248826597438452
20230824093525100,6.24,6.24,6.248759339975093
20230824093525110,6.24,6.24,6.248759339975093
20230824093525260,6.24,6.24,6.248759339975093
20230824093525270,6.24,6.24,6.248759339975093
20230824093525710,6.24,6.24,6.248752527609271
20230824093525890,6.24,6.24,6.248752527609271
20230824093526080,6.24,6.24,6.248752527609271
20230824093527990,6.24,6.24,6.248752527609271
20230824093528020,6.24,6.24,6.248752527609271
20230824093528050,6.24,6.24,6.248752527609271
20230824093528080,6.24,6.24,6.248752527609271
20230824093528090,6.24,6.24,6.248752527609271
20230824093528100,6.24,6.24,6.248752527609271
20230824093528110,6.24,6.24,6.248752527609271
20230824093528120,6.24,6.24,6.248752527609271
20230824093528140,6.24,6.24,6.248752527609271
20230824093528160,6.24,6.24,6.248752527609271
20230824093528180,6.24,6.24,6.248752527609271
20230824093528190,6.24,6.24,6.2487470853412095
20230824093528430,6.24,6.24,6.2487470853412095
20230824093528540,6.24,6.24,6.2487470853412095
20230824093528740,6.24,6.24,6.2487470853412095
20230824093528910,6.24,6.24,6.24874164983688
20230824093529110,6.24,6.24,6.248740292016154
20230824093529290,6.24,6.24,6.248740292016154
20230824093529370,6.24,6.24,6.248740292016154
20230824093529510,6.24,6.24,6.248740292016154
20230824093529670,6.24,6.24,6.248740292016154
20230824093529750,6.24,6.24,6.248740292016154
20230824093530710,6.24,6.24,6.248740292016154
20230824093530800,6.24,6.24,6.248740292016154
20230824093530910,6.24,6.24,6.248740292016154
20230824093531170,6.24,6.24,6.248740292016154
20230824093531180,6.24,6.24,6.2486688594295225
20230824093531420,6.24,6.24,6.2486688594295225
20230824093531460,6.24,6.24,6.2486688594295225
20230824093532740,6.24,6.24,6.2486688594295225
20230824093533530,6.24,6.24,6.248658255116172
20230824093533590,6.24,6.24,6.248658255116172
20230824093534020,6.24,6.24,6.248658255116172
20230824093534100,6.24,6.24,6.248648939440517
20230824093534190,6.24,6.24,6.248648939440517
20230824093535100,6.24,6.24,6.24858559658224
20230824093535250,6.24,6.24,6.24858559658224
20230824093535810,6.24,6.24,6.24858559658224
20230824093536040,6.24,6.24,6.24858559658224
20230824093536190,6.24,6.24,6.24858559658224
20230824093536350,6.24,6.24,6.24858559658224
20230824093536540,6.24,6.24,6.24858559658224
20230824093536870,6.24,6.24,6.24858559658224
20230824093536910,6.24,6.24,6.24858559658224
20230824093536990,6.24,6.24,6.24858559658224
20230824093537250,6.24,6.24,6.24858559658224
20230824093537470,6.24,6.24,6.24858297742526
20230824093537510,6.24,6.24,6.24858297742526
20230824093537580,6.24,6.24,6.24858297742526
20230824093538080,6.24,6.24,6.24858297742526
20230824093538320,6.24,6.24,6.24858297742526
20230824093538590,6.24,6.24,6.24858297742526
20230824093538640,6.24,6.24,6.24858297742526
20230824093538820,6.24,6.24,6.24858297742526
20230824093538940,6.24,6.24,6.24858297742526
20230824093539040,6.24,6.24,6.24858297742526
20230824093539570,6.24,6.24,6.24858297742526
20230824093539590,6.24,6.24,6.24858297742526
20230824093539600,6.24,6.24,6.24858297742526
20230824093539650,6.24,6.24,6.24858297742526
20230824093539990,6.24,6.24,6.24858297742526
20230824093540010,6.24,6.24,6.24858297742526
20230824093540090,6.24,6.24,6.248577310155535
20230824093540420,6.24,6.24,6.248577310155535
20230824093540790,6.24,6.24,6.248576002439396
20230824093541270,6.24,6.24,6.248576002439396
20230824093542570,6.24,6.24,6.248576002439396
20230824093542600,6.24,6.24,6.248576002439396
20230824093542630,6.24,6.24,6.248576002439396
20230824093542660,6.24,6.24,6.248576002439396
20230824093542770,6.24,6.24,6.248576002439396
20230824093542960,6.24,6.24,6.248576002439396
20230824093543040,6.24,6.24,6.248576002439396
20230824093543060,6.24,6.24,6.248576002439396
20230824093544040,6.24,6.24,6.248573170731707
20230824093545490,6.24,6.24,6.2485601217656015
20230824093545570,6.24,6.24,6.2485601217656015
20230824093545600,6.24,6.24,6.2485601217656015
20230824093545980,6.24,6.24,6.2485601217656015
20230824093546140,6.24,6.24,6.2485601217656015
20230824093546340,6.24,6.24,6.248535437850964
20230824093546550,6.24,6.24,6.248534142640364
20230824093548880,6.24,6.24,6.248534142640364
20230824093549440,6.24,6.24,6.248534142640364
20230824093549970,6.24,6.24,6.248469879518073
20230824093550080,6.24,6.24,6.248469879518073
20230824093550270,6.24,6.24,6.248469879518073
20230824093550580,6.24,6.24,6.248460959831503
20230824093550660,6.24,6.24,6.248459687123947
20230824093551320,6.24,6.24,6.248459687123947
20230824093551560,6.24,6.24,6.248459687123947
20230824093552280,6.24,6.24,6.248459687123947
20230824093553090,6.24,6.24,6.248459687123947
20230824093553520,6.24,6.24,6.248459687123947
20230824093553700,6.24,6.24,6.248459687123947
20230824093554600,6.24,6.24,6.248459687123947
20230824093554960,6.24,6.24,6.248459687123947
20230824093555110,6.24,6.24,6.248459687123947
20230824093556160,6.24,6.24,6.248459687123947
20230824093556750,6.24,6.24,6.248459687123947
20230824093557600,6.24,6.24,6.248459687123947
20230824093557630,6.24,6.24,6.248459687123947
20230824093558070,6.24,6.24,6.248459687123947
20230824093558440,6.24,6.24,6.248459687123947
20230824093558740,6.24,6.24,6.248459687123947
20230824093558970,6.24,6.24,6.248459687123947
20230824093600230,6.24,6.24,6.248459687123947
20230824093600260,6.24,6.24,6.248459687123947
20230824093600290,6.24,6.24,6.248459687123947
20230824093600320,6.24,6.24,6.248459687123947
20230824093600560,6.24,6.24,6.248453329325116
20230824093600570,6.24,6.24,6.248453329325116
20230824093600600,6.24,6.24,6.248453329325116
20230824093600690,6.24,6.24,6.248453329325116
20230824093600710,6.24,6.24,6.248453329325116
20230824093601070,6.24,6.24,6.248453329325116
20230824093601080,6.24,6.24,6.248453329325116
20230824093601100,6.24,6.24,6.248453329325116
20230824093603060,6.24,6.24,6.248453329325116
20230824093604310,6.24,6.24,6.248453329325116
20230824093604690,6.24,6.23,6.248453329325116
20230824093605120,6.24,6.23,6.248453329325116
20230824093605400,6.24,6.23,6.248453329325116
20230824093605980,6.24,6.23,6.2484406423532945
20230824093605990,6.24,6.23,6.2484406423532945
20230824093606230,6.24,6.23,6.2484406423532945
20230824093606810,6.24,6.23,6.2484406423532945
20230824093607080,6.24,6.23,6.2484406423532945
20230824093607120,6.24,6.23,6.2484406423532945
20230824093607140,6.24,6.23,6.2484406423532945
20230824093607150,6.24,6.23,6.2484406423532945
20230824093607170,6.24,6.23,6.2484406423532945
20230824093607440,6.24,6.23,6.2484406423532945
20230824093607480,6.24,6.23,6.2484406423532945
20230824093607500,6.24,6.23,6.2484406423532945
20230824093607710,6.24,6.23,6.2484406423532945
20230824093607730,6.24,6.23,6.2484406423532945
20230824093607770,6.24,6.23,6.2484406423532945
20230824093608520,6.24,6.23,6.2484406423532945
20230824093609220,6.24,6.23,6.2484406423532945
20230824093609550,6.24,6.23,6.2484406423532945
20230824093609570,6.24,6.23,6.2484406423532945
20230824093609580,6.24,6.23,6.2484406423532945
20230824093609600,6.24,6.23,6.2484406423532945
20230824093609610,6.24,6.23,6.2484406423532945
20230824093609980,6.24,6.23,6.2484406423532945
20230824093610080,6.24,6.23,6.2484406423532945
20230824093610100,6.24,6.23,6.2484406423532945
20230824093610250,6.24,6.23,6.2484406423532945
20230824093610280,6.24,6.23,6.2484406423532945
20230824093610530,6.24,6.23,6.2484406423532945
20230824093611620,6.24,6.23,6.2484406423532945
20230824093612370,6.24,6.23,6.24839371257485
20230824093613010,6.24,6.23,6.24839371257485
20230824093613840,6.24,6.23,6.24839371257485
20230824093614160,6.24,6.23,6.24839371257485
20230824093614290,6.24,6.23,6.248389944635643
20230824093614960,6.24,6.23,6.248389944635643
20230824093615590,6.24,6.23,6.248389944635643
20230824093616540,6.24,6.23,6.248389944635643
20230824093616800,6.24,6.23,6.248389944635643
20230824093617880,6.24,6.23,6.248389944635643
20230824093617890,6.24,6.23,6.248389944635643
20230824093617900,6.24,6.23,6.248389944635643
20230824093617920,6.24,6.23,6.248389944635643
20230824093618330,6.24,6.23,6.248389944635643
20230824093618710,6.24,6.23,6.248389944635643
20230824093619090,6.24,6.23,6.248346021794298
20230824093619140,6.24,6.23,6.248346021794298
20230824093619150,6.24,6.23,6.248346021794298
20230824093619330,6.24,6.23,6.248346021794298
20230824093619790,6.24,6.23,6.248277810826889
20230824093620040,6.24,6.23,6.248277810826889
20230824093620050,6.24,6.23,6.248277810826889
20230824093620140,6.24,6.23,6.248261773882039
20230824093620970,6.24,6.23,6.248261773882039
20230824093621060,6.24,6.23,6.248261773882039
20230824093621350,6.24,6.23,6.248213068602756
20230824093622050,6.24,6.23,6.248199585430855
20230824093622060,6.24,6.23,6.248199585430855
20230824093622080,6.24,6.23,6.2480817887614
20230824093622090,6.24,6.23,6.247783564814815
20230824093622110,6.24,6.23,6.247727141620998
20230824093622120,6.24,6.23,6.247727141620998
20230824093622130,6.24,6.23,6.247557491786887
20230824093622140,6.24,6.23,6.247552477509639
20230824093622150,6.24,6.23,6.247544961461604
20230824093622160,6.24,6.23,6.246938128703321
20230824093622210,6.24,6.23,6.246938128703321
20230824093622250,6.24,6.23,6.246921806167401
20230824093622270,6.24,6.23,6.246631037748613
20230824093622280,6.24,6.23,6.246601836844949
20230824093622330,6.24,6.23,6.246601836844949
20230824093622600,6.24,6.23,6.246586155714478
20230824093622690,6.24,6.23,6.246579444294578
20230824093622930,6.24,6.23,6.2465015438313864
20230824093623010,6.24,6.23,6.246492687508386
20230824093623030,6.24,6.23,6.246477211796247
20230824093623040,6.24,6.23,6.246433155080214
20230824093623050,6.24,6.23,6.246430958428018
20230824093623060,6.24,6.23,6.2464265668849395
20230824093623070,6.24,6.23,6.246330543377176
20230824093623080,6.24,6.23,6.2463283740701385
20230824093623100,6.24,6.23,6.246326205339354
20230824093623160,6.24,6.23,6.246304549675023
20230824093623240,6.24,6.23,6.246304549675023
20230824093623420,6.24,6.23,6.246300225434292
20230824093623510,6.24,6.23,6.246300225434292
20230824093623540,6.24,6.23,6.246300225434292
20230824093623960,6.24,6.23,6.246300225434292
20230824093623970,6.24,6.23,6.246263561788833
20230824093624150,6.24,6.23,6.246235511064278
20230824093624160,6.24,6.23,6.246231235185673
20230824093624360,6.24,6.23,6.246231235185673
20230824093625070,6.24,6.23,6.246097688389709
20230824093625080,6.24,6.23,6.246066214807091
20230824093625130,6.24,6.23,6.2460494791666665
20230824093625140,6.24,6.23,6.2460244409776395
20230824093625150,6.24,6.23,6.246007792207792
20230824093625160,6.24,6.23,6.245999480789201
20230824093625180,6.24,6.23,6.245999480789201
20230824093625190,6.24,6.23,6.245991177996887
20230824093625230,6.24,6.23,6.245991177996887
20230824093625240,6.24,6.23,6.245991177996887
20230824093625250,6.24,6.23,6.245991177996887
20230824093625270,6.24,6.23,6.2459787399533315
20230824093625680,6.24,6.23,6.244825595381284
20230824093625690,6.23,6.23,6.243968721668177
20230824093625700,6.23,6.23,6.243968721668177
20230824093626160,6.23,6.23,6.243968721668177
20230824093626190,6.23,6.23,6.243968721668177
20230824093626230,6.23,6.23,6.243968721668177
20230824093626240,6.23,6.23,6.243968721668177
20230824093626280,6.23,6.23,6.243968721668177
20230824093626290,6.23,6.23,6.243968721668177
20230824093626300,6.23,6.23,6.243968721668177
20230824093626820,6.23,6.23,6.243968721668177
20230824093626900,6.23,6.23,6.243968721668177
20230824093627210,6.23,6.23,6.243665548098434
20230824093627220,6.23,6.23,6.243623269316659
20230824093627450,6.23,6.23,6.243623269316659
20230824093627460,6.23,6.23,6.243623269316659
20230824093627470,6.23,6.23,6.243623269316659
20230824093627850,6.23,6.23,6.243623269316659
20230824093628090,6.23,6.23,6.243590286287178
20230824093628150,6.23,6.23,6.243590286287178
20230824093628210,6.23,6.23,6.243590286287178
20230824093628220,6.23,6.23,6.243590286287178
20230824093628240,6.23,6.23,6.243550934163701
20230824093628280,6.23,6.23,6.243550934163701
20230824093628510,6.23,6.23,6.243550934163701
20230824093628550,6.23,6.23,6.243509103019538
20230824093628600,6.23,6.23,6.243509103019538
20230824093629490,6.23,6.23,6.243509103019538
20230824093630800,6.23,6.23,6.243509103019538
20230824093630900,6.23,6.23,6.243509103019538
20230824093631100,6.23,6.23,6.243509103019538
20230824093631140,6.23,6.23,6.243509103019538
20230824093631150,6.23,6.23,6.243509103019538
20230824093631160,6.23,6.23,6.243509103019538
20230824093631210,6.23,6.23,6.243509103019538
20230824093631250,6.23,6.23,6.243509103019538
20230824093631260,6.23,6.23,6.243509103019538
20230824093631580,6.23,6.23,6.243509103019538
20230824093631650,6.23,6.23,6.243509103019538
20230824093631890,6.23,6.23,6.243509103019538
20230824093631900,6.23,6.23,6.243509103019538
20230824093632000,6.23,6.23,6.243509103019538
20230824093632010,6.23,6.23,6.243509103019538
20230824093632170,6.23,6.23,6.243509103019538
20230824093632250,6.23,6.23,6.243509103019538
20230824093633060,6.23,6.23,6.243509103019538
20230824093633080,6.23,6.23,6.243509103019538
20230824093634050,6.23,6.23,6.243509103019538
20230824093634140,6.23,6.23,6.243509103019538
20230824093635240,6.23,6.23,6.243509103019538
20230824093635450,6.23,6.23,6.243509103019538
20230824093635860,6.23,6.23,6.243509103019538
20230824093636200,6.23,6.23,6.243509103019538
20230824093636480,6.23,6.23,6.243509103019538
20230824093637130,6.23,6.23,6.243509103019538
20230824093637850,6.23,6.23,6.243509103019538
20230824093638850,6.23,6.23,6.24322788262245
20230824093639950,6.23,6.23,6.24322788262245
20230824093640550,6.23,6.23,6.243223555070883
20230824093641850,6.23,6.23,6.243223555070883
20230824093642560,6.23,6.23,6.243223555070883
20230824093643190,6.23,6.23,6.243223555070883
20230824093643220,6.23,6.23,6.243223555070883
20230824093643260,6.23,6.23,6.243223555070883
20230824093644000,6.23,6.23,6.243223555070883
20230824093644170,6.23,6.23,6.243223555070883
20230824093645080,6.23,6.23,6.243223555070883
20230824093645540,6.23,6.23,6.24321778940484
20230824093645600,6.23,6.23,6.24321778940484
20230824093645690,6.23,6.23,6.24321778940484
20230824093645780,6.23,6.23,6.24321778940484
20230824093645790,6.23,6.23,6.24321778940484
20230824093645810,6.23,6.23,6.24321778940484
20230824093645820,6.23,6.23,6.24321778940484
20230824093646140,6.23,6.23,6.243212028764437
20230824093646150,6.23,6.23,6.243212028764437
20230824093646190,6.23,6.23,6.243212028764437
20230824093646220,6.23,6.23,6.243212028764437
20230824093646240,6.23,6.23,6.243212028764437
20230824093646370,6.23,6.23,6.243212028764437
20230824093647750,6.23,6.23,6.243212028764437
20230824093648410,6.23,6.23,6.243212028764437
20230824093648600,6.23,6.23,6.243212028764437
20230824093649520,6.23,6.23,6.243134748700173
20230824093650020,6.23,6.23,6.243134748700173
20230824093650450,6.23,6.23,6.243134748700173
20230824093650500,6.23,6.23,6.243134748700173
20230824093650640,6.23,6.23,6.243134748700173
20230824093651220,6.23,6.23,6.243134748700173
20230824093651520,6.23,6.23,6.243134748700173
20230824093651700,6.23,6.23,6.243134748700173
20230824093653220,6.23,6.23,6.243134748700173
20230824093653440,6.23,6.23,6.243134748700173
20230824093654390,6.23,6.23,6.243134748700173
20230824093655180,6.23,6.23,6.243134748700173
20230824093655220,6.23,6.23,6.243134748700173
20230824093655230,6.23,6.23,6.243134748700173
20230824093655440,6.23,6.23,6.243134748700173
20230824093655880,6.23,6.23,6.243134748700173
20230824093656410,6.23,6.23,6.243134748700173
20230824093657260,6.23,6.23,6.24302077726343
20230824093658430,6.23,6.23,6.24302077726343
20230824093658970,6.23,6.23,6.24302077726343
20230824093700200,6.23,6.23,6.24302077726343
20230824093700270,6.23,6.23,6.24302077726343
20230824093700290,6.23,6.23,6.24302077726343
20230824093700780,6.23,6.23,6.24302077726343
20230824093701020,6.23,6.23,6.24302077726343
20230824093701090,6.23,6.23,6.24302077726343
20230824093701310,6.23,6.23,6.24302077726343
20230824093701380,6.23,6.23,6.24302077726343
20230824093702490,6.23,6.23,6.24302077726343
20230824093703340,6.23,6.23,6.24302077726343
20230824093703890,6.23,6.23,6.24302077726343
20230824093704000,6.23,6.23,6.24302077726343
20230824093704220,6.23,6.23,6.24302077726343
20230824093704420,6.23,6.23,6.24302077726343
20230824093704710,6.23,6.23,6.24302077726343
20230824093705100,6.23,6.23,6.243019375672766
20230824093705170,6.23,6.23,6.243017974383812
20230824093705650,6.23,6.23,6.243008173800817
20230824093705680,6.23,6.23,6.243008173800817
20230824093705740,6.23,6.23,6.243008173800817
20230824093707050,6.23,6.23,6.243006774922034
20230824093707060,6.23,6.23,6.243005376344086
20230824093707080,6.23,6.23,6.243005376344086
20230824093707480,6.23,6.23,6.243005376344086
20230824093708120,6.23,6.23,6.2430039780668745
20230824093709400,6.23,6.23,6.2430039780668745
20230824093709910,6.23,6.23,6.2430039780668745
20230824093709940,6.23,6.23,6.2430039780668745
20230824093710050,6.23,6.23,6.243001182414275
20230824093710140,6.23,6.23,6.243001182414275
20230824093710280,6.23,6.23,6.243001182414275
20230824093711310,6.23,6.23,6.243001182414275
20230824093711620,6.23,6.23,6.243001182414275
20230824093711640,6.23,6.23,6.242918179876095
20230824093711800,6.23,6.23,6.242918179876095
20230824093711920,6.23,6.23,6.242918179876095
20230824093712080,6.23,6.23,6.242916800170885
20230824093712430,6.23,6.23,6.242916800170885
20230824093712890,6.23,6.23,6.242914041644421
20230824093713100,6.23,6.23,6.242914041644421
20230824093714330,6.23,6.23,6.242914041644421
20230824093715890,6.23,6.23,6.242914041644421
20230824093715910,6.23,6.23,6.24288652104422
20230824093716320,6.23,6.23,6.24288652104422
20230824093716370,6.23,6.23,6.24288652104422
20230824093717070,6.23,6.23,6.24288652104422
20230824093718340,6.23,6.23,6.24288652104422
20230824093719160,6.23,6.23,6.24288652104422
20230824093719660,6.23,6.23,6.24288652104422
20230824093720370,6.23,6.23,6.242807500794576
20230824093720390,6.23,6.23,6.242807500794576
20230824093720520,6.23,6.23,6.242807500794576
20230824093721410,6.23,6.23,6.242807500794576
20230824093722290,6.23,6.23,6.242807500794576
20230824093722370,6.23,6.23,6.242807500794576
20230824093724280,6.23,6.23,6.242807500794576
20230824093724620,6.23,6.23,6.242807500794576
20230824093724700,6.23,6.23,6.242807500794576
20230824093725770,6.23,6.23,6.242807500794576
20230824093725780,6.23,6.23,6.242807500794576
20230824093726040,6.23,6.23,6.242807500794576
20230824093726050,6.23,6.23,6.242807500794576
20230824093727050,6.23,6.23,6.242807500794576
20230824093729460,6.23,6.23,6.242807500794576
20230824093729470,6.23,6.23,6.242742156966304
20230824093729510,6.23,6.23,6.242641707855715
20230824093729540,6.23,6.23,6.242641707855715
20230824093730220,6.23,6.23,6.242641707855715
20230824093731890,6.23,6.23,6.242641707855715
20230824093732060,6.23,6.23,6.242627430373095
20230824093732130,6.23,6.23,6.242506789220807
20230824093732620,6.23,6.23,6.242506789220807
20230824093733090,6.23,6.23,6.242457309454394
20230824093733440,6.23,6.23,6.242457309454394
20230824093733960,6.23,6.23,6.242457309454394
20230824093733980,6.23,6.23,6.242457309454394
20230824093734150,6.23,6.23,6.242457309454394
20230824093734160,6.23,6.23,6.242457309454394
20230824093734330,6.23,6.23,6.242457309454394
20230824093735090,6.23,6.23,6.242457309454394
20230824093735170,6.23,6.23,6.242457309454394
20230824093735670,6.23,6.23,6.242457309454394
20230824093735710,6.23,6.23,6.242457309454394
20230824093737130,6.23,6.23,6.242457309454394
20230824093737170,6.23,6.23,6.242457309454394
20230824093737190,6.23,6.23,6.242457309454394
20230824093738280,6.23,6.23,6.242457309454394
20230824093739080,6.23,6.23,6.242457309454394
20230824093739420,6.23,6.23,6.242457309454394
20230824093740050,6.23,6.23,6.242457309454394
20230824093740260,6.23,6.23,6.242457309454394
20230824093741170,6.23,6.23,6.242457309454394
20230824093741830,6.23,6.23,6.242457309454394
20230824093742030,6.23,6.23,6.242457309454394
20230824093742680,6.23,6.23,6.242376556016597
20230824093743800,6.24,6.23,6.241044154401555
20230824093743810,6.24,6.23,6.241044154401555
20230824093743820,6.24,6.23,6.241044154401555
20230824093743830,6.24,6.23,6.241044154401555
20230824093743840,6.24,6.23,6.241044154401555
20230824093743870,6.24,6.23,6.241044154401555
20230824093744140,6.24,6.23,6.241044154401555
20230824093744180,6.24,6.23,6.241044154401555
20230824093744360,6.24,6.23,6.241044154401555
20230824093744700,6.24,6.23,6.241044154401555
20230824093744740,6.24,6.23,6.241044154401555
20230824093744800,6.24,6.23,6.241044154401555
20230824093744870,6.24,6.23,6.241041088284287
20230824093744940,6.24,6.23,6.241041088284287
20230824093745430,6.24,6.23,6.241025783199334
20230824093745440,6.24,6.23,6.241025783199334
20230824093745940,6.24,6.23,6.241025783199334
20230824093746080,6.24,6.23,6.241024764368878
20230824093746100,6.24,6.23,6.241024764368878
20230824093746240,6.24,6.23,6.241024764368878
20230824093746840,6.24,6.23,6.241024764368878
20230824093746930,6.24,6.23,6.241024764368878
20230824093746960,6.24,6.23,6.241024764368878
20230824093747070,6.24,6.23,6.241024764368878
20230824093747330,6.24,6.23,6.241024764368878
20230824093747920,6.24,6.23,6.241024764368878
20230824093748120,6.24,6.23,6.241024764368878
20230824093748300,6.24,6.23,6.241024764368878
20230824093748410,6.24,6.23,6.241024764368878
20230824093748490,6.24,6.23,6.241024764368878
20230824093748590,6.24,6.23,6.241024764368878
20230824093748800,6.24,6.23,6.241024764368878
20230824093749840,6.24,6.23,6.241024764368878
20230824093750190,6.24,6.23,6.241024764368878
20230824093750250,6.24,6.23,6.241024764368878
20230824093750830,6.24,6.23,6.241024764368878
20230824093751510,6.24,6.23,6.2410145864106354
20230824093751830,6.24,6.23,6.240994286767416
20230824093752430,6.24,6.23,6.240994286767416
20230824093753460,6.24,6.23,6.240994286767416
20230824093754000,6.24,6.23,6.240994286767416
20230824093754030,6.24,6.23,6.240994286767416
20230824093754700,6.24,6.23,6.240994286767416
20230824093754750,6.24,6.23,6.240994286767416
20230824093755490,6.24,6.23,6.240994286767416
20230824093755960,6.24,6.23,6.240994286767416
20230824093757950,6.24,6.23,6.240994286767416
20230824093758090,6.24,6.23,6.240994286767416
20230824093758180,6.24,6.23,6.240994286767416
20230824093758430,6.24,6.23,6.240994286767416
20230824093758460,6.24,6.23,6.240994286767416
20230824093758910,6.24,6.23,6.240994286767416
20230824093759330,6.24,6.23,6.240994286767416
20230824093759620,6.24,6.23,6.240994286767416
20230824093759890,6.24,6.23,6.240994286767416
20230824093800060,6.24,6.23,6.240994286767416
20230824093800110,6.24,6.23,6.240994286767416
20230824093800160,6.24,6.23,6.240990235814296
20230824093800170,6.24,6.23,6.240990235814296
20230824093800180,6.24,6.23,6.240990235814296
20230824093800200,6.24,6.23,6.240989415554533
20230824093800330,6.24,6.23,6.240989415554533
20230824093800490,6.24,6.23,6.240989415554533
20230824093800820,6.24,6.23,6.240989415554533
20230824093801070,6.24,6.23,6.24098233995585
20230824093801330,6.24,6.23,6.24098233995585
20230824093801380,6.24,6.23,6.24098233995585
20230824093804070,6.24,6.23,6.240971239547918
20230824093804080,6.24,6.23,6.240960161556821
20230824093804170,6.24,6.23,6.240960161556821
20230824093805320,6.24,6.23,6.240960161556821
20230824093805670,6.24,6.23,6.240960161556821
20230824093806080,6.24,6.23,6.240960161556821
20230824093806120,6.24,6.23,6.240960161556821
20230824093806980,6.24,6.23,6.240960161556821
20230824093807080,6.24,6.23,6.240960161556821
20230824093807300,6.24,6.23,6.240960161556821
20230824093807630,6.24,6.23,6.240960161556821
20230824093807790,6.24,6.23,6.240960161556821
20230824093808210,6.24,6.23,6.240960161556821
20230824093808440,6.24,6.23,6.240960161556821
20230824093809720,6.24,6.23,6.240960161556821
20230824093809790,6.24,6.23,6.240960161556821
20230824093810080,6.24,6.23,6.240960161556821
20230824093810260,6.24,6.23,6.240960161556821
20230824093811810,6.24,6.23,6.240960161556821
20230824093812270,6.24,6.23,6.240960161556821
20230824093812940,6.24,6.23,6.240960161556821
20230824093812970,6.24,6.23,6.240960161556821
20230824093813290,6.24,6.23,6.240959155575952
20230824093813840,6.24,6.23,6.240959155575952
20230824093814310,6.24,6.23,6.240959155575952
20230824093814480,6.24,6.23,6.240959155575952
20230824093815100,6.24,6.23,6.240959155575952
20230824093815510,6.24,6.23,6.240959155575952
20230824093815530,6.24,6.23,6.240952250774558
20230824093815570,6.24,6.23,6.240952250774558
20230824093816910,6.24,6.23,6.240952250774558
20230824093819080,6.24,6.23,6.240952250774558
20230824093820390,6.24,6.23,6.240952250774558
20230824093823830,6.24,6.23,6.240952250774558
20230824093825000,6.24,6.23,6.240951037495449
20230824093825320,6.24,6.23,6.240951037495449
20230824093825720,6.24,6.23,6.240951037495449
20230824093827280,6.24,6.23,6.240951037495449
20230824093827440,6.24,6.23,6.240951037495449
20230824093828210,6.24,6.23,6.240951037495449
20230824093828360,6.24,6.23,6.240951037495449
20230824093828380,6.24,6.23,6.240951037495449
20230824093828900,6.24,6.23,6.240951037495449
20230824093829800,6.24,6.23,6.240926178153091
20230824093829810,6.24,6.23,6.240926178153091
20230824093831160,6.24,6.23,6.240926178153091
20230824093831180,6.24,6.23,6.240925186126748
20230824093832000,6.24,6.23,6.240925186126748
20230824093833750,6.24,6.23,6.240925186126748
20230824093834090,6.24,6.23,6.240925186126748
20230824093834160,6.24,6.23,6.240925186126748
20230824093835270,6.24,6.23,6.240885652252579
20230824093835580,6.24,6.23,6.240885091763855
20230824093836670,6.24,6.23,6.240885091763855
20230824093837090,6.24,6.23,6.240885091763855
20230824093837170,6.24,6.23,6.240885091763855
20230824093837490,6.24,6.23,6.240885091763855
20230824093837520,6.24,6.23,6.240885091763855
20230824093838480,6.24,6.23,6.240885091763855
20230824093839700,6.24,6.23,6.240885091763855
20230824093840580,6.24,6.23,6.240885091763855
20230824093840900,6.24,6.23,6.240885091763855
20230824093840910,6.24,6.23,6.240885091763855
20230824093841230,6.24,6.23,6.240885091763855
20230824093843060,6.24,6.23,6.240885091763855
20230824093843080,6.24,6.23,6.240885091763855
20230824093843270,6.24,6.23,6.240885091763855
20230824093843610,6.24,6.23,6.240885091763855
20230824093844150,6.24,6.23,6.240885091763855
20230824093844340,6.24,6.23,6.240885091763855
20230824093844420,6.24,6.23,6.240885091763855
20230824093845570,6.24,6.23,6.240885091763855
20230824093847760,6.24,6.23,6.240885091763855
20230824093847800,6.24,6.23,6.240885091763855
20230824093848110,6.24,6.23,6.240885091763855
20230824093848530,6.24,6.23,6.240885091763855
20230824093849030,6.24,6.23,6.240885091763855
20230824093849140,6.24,6.23,6.240885091763855
20230824093850370,6.24,6.23,6.240885091763855
20230824093850750,6.24,6.23,6.240884931754497
20230824093852330,6.24,6.23,6.240884931754497
20230824093854080,6.24,6.23,6.240884931754497
20230824093854370,6.24,6.23,6.240884931754497
20230824093855130,6.24,6.23,6.2408846918489065
20230824093856090,6.24,6.23,6.2408846918489065
20230824093856530,6.24,6.23,6.2408846918489065
20230824093857110,6.24,6.23,6.2408846918489065
20230824093857130,6.24,6.23,6.2408846918489065
20230824093857270,6.24,6.23,6.2408846918489065
20230824093857340,6.24,6.23,6.2408846918489065
20230824093857920,6.24,6.23,6.2408846918489065
20230824093858490,6.24,6.23,6.2408846918489065
20230824093858770,6.24,6.23,6.2408846918489065
20230824093859440,6.24,6.23,6.240884292295186
20230824093900410,6.24,6.23,6.240882136951988
20230824093900820,6.24,6.23,6.240882136951988
20230824093901070,6.24,6.23,6.240882136951988
20230824093901140,6.24,6.23,6.240882136951988
20230824093901550,6.24,6.23,6.240882136951988
20230824093902150,6.24,6.23,6.240882136951988
20230824093902910,6.24,6.23,6.240882136951988
20230824093903080,6.24,6.23,6.240882136951988
20230824093903910,6.24,6.23,6.240882136951988
20230824093904090,6.24,6.23,6.240882136951988
20230824093904270,6.24,6.23,6.240882136951988
20230824093904450,6.24,6.23,6.240865816418179
20230824093904920,6.24,6.23,6.240865816418179
20230824093905410,6.24,6.23,6.240865816418179
20230824093905430,6.24,6.23,6.240865816418179
20230824093905490,6.24,6.23,6.240865816418179
20230824093905620,6.24,6.23,6.240865816418179
20230824093905660,6.24,6.23,6.240865816418179
20230824093906950,6.24,6.23,6.240865816418179
20230824093907090,6.24,6.23,6.240865816418179
20230824093908680,6.24,6.23,6.240865816418179
20230824093908940,6.24,6.23,6.240865816418179
20230824093909260,6.24,6.23,6.240865816418179
20230824093910060,6.24,6.23,6.2408560660445085
20230824093910080,6.24,6.23,6.2408560660445085
20230824093910670,6.24,6.23,6.2408560660445085
20230824093911320,6.24,6.23,6.2408560660445085
20230824093912010,6.24,6.23,6.240848527972961
20230824093912420,6.24,6.23,6.240848527972961
20230824093912500,6.24,6.23,6.240848527972961
20230824093913180,6.24,6.23,6.240848527972961
20230824093913280,6.24,6.23,6.240848452508004
20230824093913310,6.24,6.23,6.240848452508004
20230824093913550,6.24,6.23,6.240848452508004
20230824093914280,6.24,6.23,6.240848452508004
20230824093914530,6.24,6.23,6.240848377056469
20230824093914560,6.24,6.23,6.240848377056469
20230824093915090,6.24,6.23,6.240848377056469
20230824093915210,6.24,6.23,6.240848377056469
20230824093915280,6.24,6.23,6.240848377056469
20230824093915300,6.24,6.23,6.240848377056469
20230824093915380,6.24,6.23,6.240848377056469
20230824093915470,6.24,6.23,6.240848377056469
20230824093916150,6.24,6.23,6.240848377056469
20230824093916170,6.24,6.23,6.240848377056469
20230824093917240,6.24,6.23,6.240848377056469
20230824093917710,6.24,6.23,6.240848377056469
20230824093917790,6.24,6.23,6.240848377056469
20230824093918420,6.24,6.23,6.240842532897642
20230824093918430,6.24,6.23,6.240842532897642
20230824093918460,6.24,6.23,6.240842532897642
20230824093918960,6.24,6.23,6.24084238410596
20230824093919300,6.24,6.23,6.240841715193224
20230824093919350,6.24,6.23,6.240841715193224
20230824093919510,6.24,6.23,6.240841715193224
20230824093919700,6.24,6.23,6.240841715193224
20230824093920070,6.24,6.23,6.240840758711954
20230824093920450,6.24,6.23,6.240840758711954
20230824093920490,6.24,6.23,6.240840758711954
20230824093920500,6.24,6.23,6.240840758711954
20230824093920690,6.24,6.23,6.240840758711954
20230824093920840,6.24,6.23,6.240838539375275
20230824093921310,6.24,6.23,6.240838539375275
20230824093921320,6.24,6.23,6.240838539375275
20230824093922090,6.24,6.23,6.240838391836016
20230824093922120,6.24,6.23,6.240838391836016
20230824093922380,6.24,6.23,6.240826010544816
20230824093923210,6.24,6.23,6.240826010544816
20230824093925090,6.24,6.23,6.240826010544816
20230824093925360,6.24,6.23,6.240826010544816
20230824093925770,6.24,6.23,6.240826010544816
20230824093926840,6.24,6.23,6.240826010544816
20230824093927110,6.24,6.23,6.240826010544816
20230824093927540,6.24,6.23,6.240826010544816
20230824093928070,6.24,6.23,6.240709318497914
20230824093928080,6.24,6.23,6.240690732384588
20230824093928090,6.24,6.23,6.240690732384588
20230824093928170,6.24,6.23,6.240690732384588
20230824093928210,6.24,6.23,6.240690732384588
20230824093929970,6.24,6.23,6.240690732384588
20230824093930000,6.24,6.23,6.240690732384588
20230824093930900,6.24,6.23,6.240690732384588
20230824093932150,6.24,6.23,6.240690732384588
20230824093932960,6.24,6.23,6.240690732384588
20230824093933130,6.24,6.23,6.240690732384588
20230824093934130,6.24,6.23,6.240690732384588
20230824093934520,6.24,6.23,6.240690732384588
20230824093934540,6.24,6.23,6.240690732384588
20230824093934740,6.24,6.23,6.240690732384588
20230824093934760,6.24,6.23,6.240686095931998
20230824093934780,6.24,6.23,6.240686095931998
20230824093935130,6.24,6.23,6.240686095931998
20230824093935250,6.24,6.23,6.240686095931998
20230824093936470,6.24,6.23,6.240666551545502
20230824093936480,6.24,6.23,6.240666551545502
20230824093936590,6.24,6.23,6.240666551545502
20230824093936790,6.24,6.23,6.240666551545502
20230824093936820,6.24,6.23,6.240666551545502
20230824093938450,6.24,6.23,6.240666551545502
20230824093939440,6.24,6.23,6.240666551545502
20230824093939580,6.24,6.23,6.240666551545502
20230824093940080,6.24,6.23,6.240666551545502
20230824093940190,6.24,6.23,6.240666551545502
20230824093940360,6.24,6.23,6.240666551545502
20230824093941550,6.24,6.23,6.240666551545502
20230824093942210,6.24,6.23,6.240666551545502
20230824093942940,6.24,6.23,6.240666551545502
20230824093943190,6.24,6.23,6.240666551545502
20230824093943300,6.24,6.23,6.240666551545502
20230824093943500,6.24,6.23,6.240666551545502
20230824093943760,6.24,6.23,6.240666551545502
20230824093944690,6.24,6.23,6.240666551545502
20230824093944880,6.24,6.23,6.240666551545502
20230824093944930,6.24,6.23,6.240666551545502
20230824093945190,6.24,6.23,6.240666551545502
20230824093945870,6.24,6.23,6.240666551545502
20230824093946090,6.24,6.23,6.240666321422406
20230824093946370,6.24,6.23,6.240666321422406
20230824093946640,6.24,6.23,6.240666321422406
20230824093947190,6.24,6.23,6.24066603399189
20230824093948970,6.24,6.23,6.24066603399189
20230824093949010,6.24,6.23,6.240665345169353
20230824093949120,6.24,6.23,6.240665345169353
20230824093949180,6.24,6.23,6.240665345169353
20230824093950000,6.24,6.23,6.240665345169353
20230824093952190,6.24,6.23,6.240665345169353
20230824093953180,6.24,6.23,6.2406615556895515
20230824093955130,6.24,6.23,6.24066149870801
20230824093955480,6.24,6.23,6.24066149870801
20230824093956200,6.24,6.23,6.24066149870801
20230824093956750,6.24,6.23,6.24066149870801
20230824093957640,6.24,6.23,6.24066149870801
20230824093958220,6.24,6.23,6.24066149870801
20230824093958310,6.24,6.23,6.24066149870801
20230824093959010,6.24,6.23,6.24066149870801
20230824093959060,6.24,6.23,6.24066149870801
20230824093959130,6.24,6.23,6.24066149870801
20230824093959220,6.24,6.23,6.24066149870801
20230824093959250,6.24,6.23,6.2406444406255375
20230824093959480,6.24,6.23,6.2406444406255375
20230824094000390,6.24,6.23,6.2406444406255375
20230824094000480,6.24,6.23,6.2406419007107985
20230824094000530,6.24,6.23,6.2406419007107985
20230824094001090,6.24,6.23,6.2406419007107985
20230824094001200,6.24,6.23,6.2406419007107985
20230824094001250,6.24,6.23,6.2406419007107985
20230824094001430,6.24,6.23,6.2406419007107985
20230824094001550,6.24,6.23,6.2406419007107985
20230824094001560,6.24,6.23,6.2406419007107985
20230824094001580,6.24,6.23,6.2406419007107985
20230824094001680,6.24,6.23,6.2406419007107985
20230824094001950,6.24,6.23,6.2406419007107985
20230824094002280,6.24,6.23,6.2406397679774805
20230824094002290,6.24,6.23,6.240633981403212
20230824094002300,6.24,6.23,6.240594718896202
20230824094002310,6.24,6.24,6.240594718896202
20230824094002320,6.24,6.24,6.240594718896202
20230824094002330,6.24,6.24,6.240594718896202
20230824094002340,6.24,6.24,6.240594718896202
20230824094002350,6.24,6.24,6.240594718896202
20230824094002380,6.24,6.24,6.240594718896202
20230824094002430,6.24,6.24,6.240594718896202
20230824094002560,6.24,6.24,6.240594718896202
20230824094002580,6.24,6.24,6.240594718896202
20230824094002630,6.24,6.24,6.240594718896202
20230824094002640,6.24,6.24,6.240594718896202
20230824094002760,6.24,6.24,6.240594718896202
20230824094002960,6.25,6.24,6.240595464636854
20230824094002970,6.25,6.24,6.240595464636854
20230824094003020,6.25,6.24,6.240595464636854
20230824094003030,6.25,6.24,6.240595464636854
20230824094003470,6.25,6.24,6.240595464636854
20230824094003630,6.25,6.24,6.240595464636854
20230824094004080,6.25,6.24,6.240595464636854
20230824094004090,6.25,6.24,6.240595464636854
20230824094004100,6.25,6.24,6.240596766524013
20230824094004110,6.25,6.24,6.240596766524013
20230824094004120,6.25,6.24,6.240598256735341
20230824094004140,6.25,6.24,6.240598256735341
20230824094004160,6.25,6.24,6.240598256735341
20230824094004180,6.25,6.24,6.240598256735341
20230824094004190,6.25,6.24,6.240598256735341
20230824094004210,6.25,6.24,6.240598256735341
20230824094004280,6.25,6.24,6.240598256735341
20230824094004290,6.25,6.24,6.240598256735341
20230824094004300,6.25,6.24,6.240598256735341
20230824094004340,6.25,6.24,6.240598256735341
20230824094004440,6.25,6.24,6.240598256735341
20230824094004530,6.25,6.24,6.240598256735341
20230824094004560,6.25,6.24,6.240598256735341
20230824094004610,6.25,6.24,6.240598256735341
20230824094004820,6.25,6.24,6.240598256735341
20230824094004930,6.25,6.24,6.240598256735341
20230824094004940,6.25,6.24,6.240598256735341
20230824094004960,6.25,6.24,6.240598256735341
20230824094005090,6.25,6.24,6.240598256735341
20230824094005150,6.25,6.24,6.240598256735341
20230824094005190,6.25,6.24,6.240598256735341
20230824094005240,6.25,6.24,6.240598256735341
20230824094005300,6.25,6.24,6.240598256735341
20230824094005860,6.25,6.24,6.240598256735341
20230824094005870,6.25,6.24,6.240598256735341
20230824094006010,6.25,6.24,6.240598256735341
20230824094006020,6.25,6.24,6.240598256735341
20230824094006030,6.25,6.24,6.240598256735341
20230824094006160,6.25,6.24,6.240598256735341
20230824094006170,6.25,6.24,6.240598256735341
20230824094006270,6.25,6.24,6.240598256735341
20230824094007090,6.25,6.24,6.240598256735341
20230824094007130,6.25,6.24,6.240598256735341
20230824094007200,6.25,6.24,6.240598256735341
20230824094007310,6.25,6.24,6.240598256735341
20230824094007560,6.25,6.24,6.240598256735341
20230824094007570,6.25,6.24,6.240598256735341
20230824094007840,6.25,6.24,6.240598256735341
20230824094008810,6.25,6.24,6.240598256735341
20230824094008820,6.25,6.24,6.240595848788573
20230824094008830,6.25,6.24,6.2405955667744735
20230824094010080,6.25,6.24,6.240595425867508
20230824094010090,6.25,6.24,6.240595050441362
20230824094010130,6.25,6.24,6.240595050441362
20230824094010160,6.25,6.24,6.240595050441362
20230824094010170,6.25,6.24,6.240595050441362
20230824094010180,6.25,6.24,6.240595050441362
20230824094010190,6.25,6.24,6.240594862905767
20230824094010200,6.25,6.24,6.240594862905767
20230824094010260,6.25,6.24,6.240594862905767
20230824094010480,6.25,6.24,6.240597085466719
20230824094011530,6.25,6.24,6.240597085466719
20230824094011550,6.25,6.24,6.240597085466719
20230824094011660,6.25,6.24,6.240601840925183
20230824094011730,6.25,6.24,6.240601840925183
20230824094013090,6.25,6.24,6.240601746244002
20230824094013200,6.25,6.24,6.240601746244002
20230824094013280,6.25,6.24,6.240601698914582
20230824094013340,6.25,6.24,6.240601698914582
20230824094013450,6.25,6.24,6.240601698914582
20230824094013980,6.25,6.24,6.240601698914582
20230824094014240,6.25,6.24,6.240601698914582
20230824094014250,6.25,6.24,6.240601698914582
20230824094014280,6.25,6.24,6.240601698914582
20230824094014310,6.25,6.24,6.240601698914582
20230824094014810,6.25,6.24,6.2406007538872315
20230824094016040,6.25,6.24,6.2406007538872315
20230824094016050,6.25,6.24,6.2406007538872315
20230824094016130,6.25,6.24,6.2406007538872315
20230824094016200,6.25,6.24,6.2406007538872315
20230824094017510,6.25,6.24,6.2406007538872315
20230824094017820,6.25,6.24,6.2406007538872315
20230824094019080,6.25,6.24,6.240600659547739
20230824094020430,6.25,6.24,6.240600659547739
20230824094020940,6.25,6.24,6.240600659547739
20230824094021380,6.25,6.24,6.240600659547739
20230824094021900,6.25,6.24,6.240600659547739
20230824094022040,6.25,6.24,6.240600659547739
20230824094022090,6.25,6.24,6.240607890814966
20230824094022230,6.25,6.24,6.240607890814966
20230824094022440,6.25,6.24,6.240607890814966
20230824094022500,6.25,6.24,6.240607890814966
20230824094024460,6.25,6.24,6.240607890814966
20230824094024690,6.25,6.24,6.240607890814966
20230824094025000,6.25,6.24,6.240607795467022
20230824094025080,6.25,6.24,6.240607795467022
20230824094025090,6.25,6.24,6.240607795467022
20230824094026100,6.25,6.24,6.240607795467022
20230824094027200,6.25,6.24,6.2406076048608385
20230824094027210,6.25,6.24,6.2406068436301
20230824094027280,6.25,6.24,6.2406068436301
20230824094027750,6.25,6.24,6.2406068436301
20230824094027760,6.25,6.24,6.240606796116505
20230824094027910,6.25,6.24,6.24060674861035
20230824094027920,6.25,6.24,6.240606606136506
20230824094028000,6.25,6.24,6.240606558660092
20230824094028010,6.25,6.24,6.240601848256581
20230824094028020,6.25,6.24,6.240601801521976
20230824094028070,6.24,6.24,6.240601194631914
20230824094028080,6.24,6.24,6.240601101372838
20230824094028090,6.24,6.24,6.240601101372838
20230824094028140,6.24,6.24,6.240601101372838
20230824094028150,6.24,6.24,6.240601101372838
20230824094028170,6.24,6.24,6.2405887821506045
20230824094028180,6.24,6.24,6.240587961887056
20230824094028200,6.24,6.24,6.240587961887056
20230824094028250,6.24,6.24,6.240587961887056
20230824094028300,6.24,6.23,6.24055444015444
20230824094028390,6.24,6.23,6.240553286583956
20230824094028590,6.24,6.23,6.240553286583956
20230824094028600,6.24,6.23,6.240553286583956
20230824094028620,6.24,6.23,6.240553286583956
20230824094028690,6.24,6.23,6.240553073486366
20230824094028830,6.24,6.23,6.240553073486366
20230824094028890,6.24,6.23,6.240553073486366
20230824094028930,6.24,6.23,6.240553073486366
20230824094028940,6.24,6.23,6.240553073486366
20230824094028950,6.24,6.23,6.240553073486366
20230824094029070,6.24,6.23,6.240553073486366
20230824094029080,6.24,6.23,6.240553073486366
20230824094029270,6.24,6.23,6.240553073486366
20230824094029340,6.24,6.23,6.240553073486366
20230824094031090,6.24,6.23,6.240553073486366
20230824094031260,6.24,6.23,6.240553073486366
20230824094032450,6.24,6.23,6.240553073486366
20230824094033540,6.24,6.23,6.240553073486366
20230824094033830,6.24,6.23,6.240553073486366
20230824094034470,6.24,6.23,6.240553073486366
20230824094035170,6.24,6.23,6.240553073486366
20230824094035300,6.24,6.23,6.240553030886544
20230824094035550,6.24,6.23,6.240553030886544
20230824094036390,6.24,6.23,6.240553030886544
20230824094036410,6.24,6.23,6.240553030886544
20230824094037170,6.24,6.23,6.240553030886544
20230824094037540,6.24,6.23,6.24055260524898
20230824094037570,6.24,6.23,6.24055260524898
20230824094038590,6.24,6.23,6.24055260524898
20230824094040180,6.24,6.23,6.24055260524898
20230824094040460,6.24,6.23,6.240551586387032
20230824094040710,6.24,6.23,6.240550775848825
20230824094040720,6.24,6.23,6.240550775848825
20230824094040740,6.24,6.23,6.240550775848825
20230824094041210,6.24,6.23,6.240550606665643
20230824094041670,6.24,6.23,6.240550606665643
20230824094041760,6.24,6.23,6.240550606665643
20230824094041770,6.24,6.23,6.240550606665643
20230824094042200,6.24,6.23,6.240550606665643
20230824094042950,6.24,6.23,6.240550606665643
20230824094043210,6.24,6.23,6.240542278021479
20230824094043220,6.24,6.23,6.240542278021479
20230824094043260,6.24,6.23,6.240542278021479
20230824094043300,6.24,6.23,6.240542278021479
20230824094043660,6.24,6.23,6.240542278021479
20230824094044180,6.24,6.23,6.2404788753570894
20230824094044200,6.24,6.23,6.2404788753570894
20230824094044680,6.24,6.23,6.2404788753570894
20230824094044850,6.24,6.23,6.2404788753570894
20230824094045330,6.24,6.23,6.2404788753570894
20230824094046500,6.24,6.23,6.2404788753570894
20230824094049000,6.24,6.23,6.240478731399369
20230824094049110,6.24,6.23,6.240478731399369
20230824094049740,6.24,6.23,6.240478731399369
20230824094049780,6.24,6.23,6.240478371883449
20230824094049870,6.24,6.23,6.240478371883449
20230824094050740,6.24,6.23,6.240400268336315
20230824094051490,6.24,6.23,6.240400268336315
20230824094052040,6.24,6.23,6.240400268336315
20230824094052130,6.24,6.23,6.240400268336315
20230824094052140,6.24,6.23,6.240400268336315
20230824094052230,6.24,6.23,6.240400268336315
20230824094052540,6.24,6.23,6.240400268336315
20230824094052980,6.24,6.23,6.240400268336315
20230824094053230,6.24,6.23,6.240400268336315
20230824094053610,6.24,6.23,6.240400268336315
20230824094054050,6.24,6.23,6.240392521972293
20230824094055000,6.24,6.23,6.240392521972293
20230824094055090,6.24,6.23,6.240390974084003
20230824094055270,6.24,6.23,6.240390200312756
20230824094055810,6.24,6.23,6.240390200312756
20230824094055840,6.24,6.23,6.240390200312756
20230824094058070,6.24,6.23,6.240390171258377
20230824094058080,6.24,6.23,6.240390142208324
20230824094058140,6.24,6.23,6.240390142208324
20230824094058190,6.24,6.23,6.240390142208324
20230824094058310,6.24,6.23,6.240389851945539
20230824094100080,6.24,6.23,6.240389649018441
20230824094100650,6.24,6.23,6.240389649018441
20230824094100960,6.24,6.23,6.240389649018441
20230824094101170,6.24,6.23,6.240389591078067
20230824094101720,6.24,6.23,6.240389591078067
20230824094101780,6.24,6.23,6.240389562114341
20230824094102010,6.24,6.23,6.240389562114341
20230824094102130,6.24,6.23,6.240389475248997
20230824094102360,6.24,6.23,6.240389417360285
20230824094102510,6.24,6.23,6.240389417360285
20230824094103840,6.24,6.23,6.240389417360285
20230824094104130,6.24,6.23,6.240389417360285
20230824094104160,6.24,6.23,6.240389417360285
20230824094104470,6.24,6.23,6.240388090653236
20230824094104610,6.24,6.23,6.240388090653236
20230824094104890,6.24,6.23,6.240388090653236
20230824094105020,6.24,6.23,6.240388033175355
20230824094105180,6.24,6.23,6.240388033175355
20230824094105630,6.24,6.23,6.240388004442799
20230824094106110,6.24,6.23,6.240388004442799
20230824094106120,6.24,6.23,6.240388004442799
20230824094106420,6.24,6.23,6.240388004442799
20230824094106570,6.24,6.23,6.240388004442799
20230824094106740,6.24,6.23,6.240388004442799
20230824094107110,6.24,6.23,6.24038794699045
20230824094107420,6.24,6.23,6.24038794699045
20230824094107640,6.24,6.23,6.24038794699045
20230824094107910,6.24,6.23,6.240387832136777
20230824094107960,6.24,6.23,6.240387688665286
20230824094108000,6.24,6.23,6.240387631306406
20230824094108010,6.24,6.23,6.24038751663955
20230824094108030,6.24,6.23,6.24038751663955
20230824094108150,6.24,6.23,6.240387459331559
20230824094108260,6.24,6.23,6.240387459331559
20230824094108530,6.24,6.23,6.240386691312384
20230824094108630,6.24,6.23,6.240386662723643
20230824094109400,6.24,6.23,6.240386662723643
20230824094109450,6.24,6.23,6.240386662723643
20230824094109810,6.24,6.23,6.240386662723643
20230824094110090,6.24,6.23,6.240386662723643
20230824094110100,6.24,6.23,6.240386662723643
20230824094111080,6.24,6.23,6.240386605558841
20230824094113580,6.24,6.23,6.240386605558841
20230824094113670,6.24,6.23,6.24036821133412
20230824094115520,6.24,6.23,6.240349882144962
20230824094115790,6.24,6.23,6.240349882144962
20230824094115910,6.24,6.23,6.240349882144962
20230824094116490,6.24,6.23,6.240343761501657
20230824094116930,6.24,6.23,6.240343736199028
20230824094117300,6.24,6.23,6.240343736199028
20230824094117590,6.24,6.23,6.240343736199028
20230824094118220,6.24,6.23,6.240343736199028
20230824094119750,6.24,6.23,6.240343736199028
20230824094119920,6.24,6.23,6.240343736199028
20230824094120190,6.24,6.23,6.240341673983026
20230824094122090,6.24,6.23,6.240341673983026
20230824094122280,6.24,6.23,6.240341673983026
20230824094122410,6.24,6.23,6.240341673983026
20230824094122820,6.24,6.23,6.240341673983026
20230824094124080,6.24,6.23,6.240341673983026
20230824094124590,6.24,6.23,6.240341673983026
20230824094124680,6.24,6.23,6.240341673983026
20230824094124800,6.24,6.23,6.240341673983026
20230824094127210,6.24,6.23,6.2403416489867585
20230824094127220,6.24,6.23,6.2403416489867585
20230824094127480,6.24,6.23,6.2403416489867585
20230824094127920,6.24,6.23,6.2403416489867585
20230824094128260,6.24,6.23,6.240341623994148
20230824094128270,6.24,6.23,6.240341623994148
20230824094128330,6.24,6.23,6.240341599005194
20230824094129160,6.24,6.23,6.240341599005194
20230824094129460,6.24,6.23,6.240341599005194
20230824094130090,6.24,6.23,6.240341574019895
20230824094130110,6.24,6.23,6.240341574019895
20230824094130410,6.24,6.23,6.240341574019895
20230824094130630,6.24,6.23,6.240341574019895
20230824094130700,6.24,6.23,6.240341574019895
20230824094130900,6.24,6.23,6.240341574019895
20230824094131300,6.24,6.23,6.240341574019895
20230824094131750,6.24,6.23,6.240339773970105
20230824094132910,6.24,6.23,6.240339650145772
20230824094133710,6.24,6.23,6.240339650145772
20230824094135660,6.24,6.23,6.240339650145772
20230824094135710,6.24,6.23,6.240339650145772
20230824094136630,6.24,6.23,6.240339650145772
20230824094136960,6.24,6.23,6.240339650145772
20230824094142040,6.24,6.23,6.240339625391735
20230824094142450,6.24,6.23,6.240339625391735
20230824094143680,6.24,6.23,6.240339625391735
20230824094144420,6.24,6.23,6.240339501675652
20230824094144560,6.24,6.23,6.240339501675652
20230824094144770,6.24,6.23,6.240339476943251
20230824094145020,6.24,6.23,6.240339452214452
20230824094146010,6.24,6.23,6.240339427489256
20230824094148080,6.24,6.23,6.240339427489256
20230824094148380,6.24,6.23,6.240336973027696
20230824094148460,6.24,6.23,6.240336973027696
20230824094148890,6.24,6.23,6.240336973027696
20230824094149010,6.24,6.23,6.240336899942163
