Timestamp,ask1,bid1,VWAP
20230620093000040,6.45,7.33,0.0
20230620093000050,6.45,7.33,0.0
20230620093000060,6.45,7.33,0.0
20230620093000080,6.45,7.33,0.0
20230620093000090,6.45,6.78,6.66
20230620093000100,6.6,6.68,6.6662368421052625
20230620093000110,6.6,6.68,6.6662368421052625
20230620093000120,6.63,6.64,6.66298947368421
20230620093000130,6.63,6.64,6.66298947368421
20230620093000140,6.64,6.63,6.6556
20230620093000150,6.64,6.63,6.6556
20230620093000380,6.64,6.63,6.6556
20230620093000390,6.66,6.67,6.656524064171123
20230620093000400,6.66,6.67,6.656524064171123
20230620093000410,6.66,6.67,6.656524064171123
20230620093000420,6.66,6.67,6.656524064171123
20230620093000430,6.66,6.67,6.656524064171123
20230620093000440,6.66,6.67,6.656524064171123
20230620093000450,6.66,6.67,6.656524064171123
20230620093000460,6.66,6.67,6.656524064171123
20230620093000470,6.66,6.67,6.656524064171123
20230620093000480,6.66,6.67,6.656524064171123
20230620093000530,6.66,6.67,6.656524064171123
20230620093000540,6.66,6.67,6.656524064171123
20230620093000560,6.66,6.66,6.656736842105262
20230620093000570,6.66,6.66,6.656736842105262
20230620093000580,6.66,6.66,6.656736842105262
20230620093000590,6.66,6.66,6.656736842105262
20230620093000600,6.66,6.66,6.656736842105262
20230620093000620,6.66,6.66,6.656736842105262
20230620093000630,6.66,6.66,6.656736842105262
20230620093001060,6.66,6.66,6.656736842105262
20230620093001070,6.66,6.66,6.656736842105262
20230620093001090,6.66,6.66,6.656736842105262
20230620093001100,6.66,6.67,6.656736842105262
20230620093001110,6.66,6.67,6.656736842105262
20230620093001120,6.66,6.67,6.656736842105262
20230620093001130,6.66,6.67,6.656736842105262
20230620093001140,6.66,6.67,6.656736842105262
20230620093001150,6.66,6.67,6.656736842105262
20230620093001170,6.66,6.67,6.656736842105262
20230620093001180,6.66,6.67,6.656736842105262
20230620093001210,6.66,6.67,6.656736842105262
20230620093001220,6.66,6.67,6.656736842105262
20230620093001250,6.66,6.67,6.656736842105262
20230620093001260,6.66,6.67,6.656736842105262
20230620093001290,6.66,6.67,6.656736842105262
20230620093001300,6.66,6.67,6.656736842105262
20230620093001320,6.66,6.67,6.656736842105262
20230620093001330,6.66,6.67,6.656736842105262
20230620093001340,6.66,6.67,6.656736842105262
20230620093001360,6.66,6.67,6.656736842105262
20230620093001380,6.66,6.67,6.656736842105262
20230620093001390,6.66,6.67,6.656736842105262
20230620093001430,6.66,6.67,6.656736842105262
20230620093001440,6.66,6.67,6.656736842105262
20230620093001490,6.66,6.67,6.656736842105262
20230620093001500,6.66,6.67,6.656736842105262
20230620093001510,6.66,6.67,6.656736842105262
20230620093001530,6.66,6.67,6.656736842105262
20230620093001550,6.66,6.67,6.656736842105262
20230620093001560,6.66,6.67,6.656736842105262
20230620093001570,6.66,6.67,6.656736842105262
20230620093001580,6.66,6.67,6.656736842105262
20230620093001590,6.66,6.67,6.656736842105262
20230620093002390,6.66,6.67,6.660959641255605
20230620093002400,6.66,6.67,6.660959641255605
20230620093002430,6.66,6.67,6.660959641255605
20230620093002440,6.66,6.67,6.660959641255605
20230620093002470,6.67,6.66,6.661870967741935
20230620093002480,6.67,6.66,6.661870967741935
20230620093002500,6.67,6.66,6.661870967741935
20230620093002510,6.67,6.66,6.661870967741935
20230620093002520,6.67,6.66,6.661870967741935
20230620093002590,6.67,6.66,6.661870967741935
20230620093002610,6.67,6.66,6.661870967741935
20230620093002620,6.67,6.66,6.661870967741935
20230620093002640,6.67,6.66,6.661870967741935
20230620093002650,6.67,6.66,6.661870967741935
20230620093002660,6.67,6.66,6.661870967741935
20230620093002670,6.67,6.66,6.661870967741935
20230620093002680,6.67,6.66,6.661870967741935
20230620093002700,6.67,6.66,6.661870967741935
20230620093002720,6.67,6.66,6.661870967741935
20230620093002740,6.67,6.66,6.661870967741935
20230620093002750,6.67,6.66,6.661870967741935
20230620093002770,6.67,6.66,6.661870967741935
20230620093002780,6.67,6.66,6.661870967741935
20230620093002830,6.67,6.66,6.661870967741935
20230620093002890,6.67,6.66,6.661870967741935
20230620093002910,6.67,6.66,6.661870967741935
20230620093002920,6.67,6.66,6.661870967741935
20230620093002930,6.67,6.66,6.661870967741935
20230620093003010,6.67,6.66,6.661870967741935
20230620093003040,6.67,6.66,6.661870967741935
20230620093003050,6.67,6.66,6.661870967741935
20230620093003060,6.67,6.66,6.661870967741935
20230620093003070,6.67,6.66,6.661870967741935
20230620093003080,6.67,6.66,6.661870967741935
20230620093003110,6.67,6.66,6.661870967741935
20230620093003120,6.67,6.67,6.661870967741935
20230620093003130,6.67,6.67,6.661870967741935
20230620093003140,6.67,6.67,6.661870967741935
20230620093003150,6.67,6.67,6.661870967741935
20230620093003160,6.67,6.67,6.661870967741935
20230620093003170,6.67,6.67,6.661870967741935
20230620093003180,6.67,6.67,6.661870967741935
20230620093003190,6.67,6.67,6.661870967741935
20230620093003210,6.67,6.67,6.661870967741935
20230620093003220,6.67,6.67,6.661870967741935
20230620093003230,6.67,6.67,6.661870967741935
20230620093003250,6.67,6.67,6.661870967741935
20230620093004620,6.67,6.67,6.661870967741935
20230620093004660,6.67,6.67,6.661870967741935
20230620093004690,6.67,6.67,6.661870967741935
20230620093004730,6.67,6.67,6.661870967741935
20230620093004740,6.67,6.67,6.661870967741935
20230620093004770,6.67,6.67,6.662020066889632
20230620093004780,6.67,6.67,6.662020066889632
20230620093004790,6.67,6.67,6.662020066889632
20230620093004800,6.67,6.67,6.662020066889632
20230620093004810,6.67,6.67,6.662020066889632
20230620093004860,6.67,6.67,6.662020066889632
20230620093004890,6.67,6.67,6.662020066889632
20230620093004940,6.67,6.67,6.662020066889632
20230620093005000,6.67,6.67,6.662020066889632
20230620093005010,6.67,6.67,6.662020066889632
20230620093005020,6.68,6.67,6.662713826366559
20230620093005040,6.68,6.67,6.662713826366559
20230620093005120,6.68,6.67,6.662713826366559
20230620093005130,6.68,6.67,6.662713826366559
20230620093005160,6.68,6.67,6.662713826366559
20230620093005180,6.68,6.67,6.662713826366559
20230620093005220,6.68,6.67,6.662713826366559
20230620093005360,6.68,6.67,6.662713826366559
20230620093005380,6.68,6.67,6.662713826366559
20230620093005420,6.68,6.67,6.662713826366559
20230620093005440,6.68,6.67,6.662713826366559
20230620093005460,6.68,6.67,6.662713826366559
20230620093005520,6.68,6.67,6.662713826366559
20230620093005610,6.68,6.67,6.662713826366559
20230620093005620,6.68,6.67,6.662713826366559
20230620093005670,6.68,6.67,6.662713826366559
20230620093005690,6.68,6.67,6.66276923076923
20230620093005770,6.68,6.67,6.66276923076923
20230620093005830,6.68,6.67,6.66276923076923
20230620093005840,6.68,6.66,6.664068965517242
20230620093005880,6.68,6.66,6.664068965517242
20230620093005910,6.68,6.67,6.664068965517242
20230620093008750,6.68,6.67,6.664068965517242
20230620093008760,6.68,6.67,6.664068965517242
20230620093009210,6.68,6.67,6.664068965517242
20230620093009670,6.68,6.67,6.664068965517242
20230620093009750,6.68,6.67,6.664068965517242
20230620093009760,6.68,6.67,6.664068965517242
20230620093009770,6.68,6.67,6.664053658536585
20230620093009820,6.68,6.67,6.664053658536585
20230620093009900,6.68,6.67,6.664111786148238
20230620093010100,6.68,6.67,6.664111786148238
20230620093010170,6.68,6.67,6.664131067961165
20230620093010340,6.68,6.67,6.664131067961165
20230620093010750,6.68,6.67,6.664131067961165
20230620093010760,6.68,6.67,6.664131067961165
20230620093010880,6.68,6.67,6.664131067961165
20230620093010940,6.68,6.67,6.664131067961165
20230620093011190,6.68,6.67,6.664131067961165
20230620093011310,6.68,6.67,6.664131067961165
20230620093011370,6.68,6.67,6.664131067961165
20230620093011470,6.68,6.67,6.664169491525424
20230620093011600,6.68,6.67,6.664188633615478
20230620093011760,6.68,6.67,6.664188633615478
20230620093015480,6.68,6.67,6.665073059360731
20230620093015570,6.68,6.67,6.665073059360731
20230620093015840,6.68,6.67,6.665073059360731
20230620093016070,6.68,6.67,6.665073059360731
20230620093016080,6.68,6.67,6.665073059360731
20230620093016090,6.68,6.67,6.665073059360731
20230620093016100,6.68,6.67,6.665073059360731
20230620093016110,6.68,6.67,6.665073059360731
20230620093016120,6.68,6.67,6.665073059360731
20230620093016180,6.68,6.67,6.665073059360731
20230620093016200,6.68,6.67,6.665073059360731
20230620093016300,6.68,6.67,6.665073059360731
20230620093016320,6.68,6.67,6.665073059360731
20230620093016370,6.68,6.67,6.665073059360731
20230620093016390,6.68,6.67,6.665073059360731
20230620093016600,6.68,6.67,6.665073059360731
20230620093016750,6.68,6.67,6.66509007981756
20230620093016800,6.68,6.67,6.66509007981756
20230620093016850,6.68,6.67,6.66509007981756
20230620093016870,6.68,6.67,6.66509007981756
20230620093016880,6.68,6.67,6.66509007981756
20230620093016900,6.68,6.67,6.66509007981756
20230620093017180,6.68,6.67,6.665124004550626
20230620093017220,6.68,6.67,6.665129545454546
20230620093019560,6.68,6.67,6.6651464245175935
20230620093019670,6.68,6.67,6.6651464245175935
20230620093020030,6.68,6.67,6.6651464245175935
20230620093020040,6.68,6.67,6.6651464245175935
20230620093020070,6.68,6.67,6.665280089988752
20230620093020090,6.68,6.67,6.665837662337663
20230620093020100,6.68,6.68,6.666131835523528
20230620093020110,6.68,6.68,6.666131835523528
20230620093020120,6.68,6.68,6.666131835523528
20230620093020130,6.68,6.68,6.666131835523528
20230620093020140,6.68,6.68,6.666131835523528
20230620093020220,6.68,6.68,6.666131835523528
20230620093020360,6.68,6.68,6.666131835523528
20230620093020480,6.68,6.68,6.666131835523528
20230620093022070,6.68,6.68,6.666131835523528
20230620093022080,6.68,6.68,6.666131835523528
20230620093022090,6.68,6.68,6.666131835523528
20230620093022400,6.68,6.68,6.666131835523528
20230620093022590,6.68,6.68,6.666131835523528
20230620093022730,6.68,6.68,6.6661611675126915
20230620093023070,6.68,6.68,6.6661611675126915
20230620093023080,6.68,6.68,6.6661611675126915
20230620093023130,6.68,6.68,6.6661611675126915
20230620093023140,6.68,6.68,6.6661611675126915
20230620093023210,6.68,6.68,6.6661611675126915
20230620093024700,6.68,6.68,6.6661611675126915
20230620093024730,6.68,6.68,6.6661611675126915
20230620093025210,6.68,6.68,6.6661611675126915
20230620093025230,6.68,6.68,6.6661611675126915
20230620093025400,6.68,6.68,6.6661611675126915
20230620093025430,6.68,6.68,6.6661611675126915
20230620093025650,6.68,6.68,6.6661611675126915
20230620093025760,6.68,6.68,6.6661611675126915
20230620093027500,6.68,6.68,6.6661611675126915
20230620093027640,6.68,6.68,6.6661611675126915
20230620093027960,6.68,6.68,6.6661611675126915
20230620093027980,6.68,6.68,6.667074954296162
20230620093028010,6.68,6.68,6.667074954296162
20230620093028070,6.68,6.68,6.667074954296162
20230620093028490,6.68,6.68,6.667074954296162
20230620093028540,6.68,6.68,6.667074954296162
20230620093030050,6.68,6.68,6.667074954296162
20230620093030210,6.68,6.68,6.667074954296162
20230620093030430,6.68,6.68,6.667074954296162
20230620093030610,6.68,6.68,6.667074954296162
20230620093030890,6.68,6.68,6.667074954296162
20230620093030920,6.68,6.68,6.667074954296162
20230620093031040,6.68,6.68,6.667074954296162
20230620093031070,6.68,6.68,6.667074954296162
20230620093031080,6.68,6.68,6.66755369928401
20230620093031130,6.68,6.68,6.66755369928401
20230620093032880,6.68,6.68,6.66755369928401
20230620093033030,6.68,6.68,6.66755369928401
20230620093033630,6.68,6.68,6.66755369928401
20230620093033650,6.68,6.68,6.66755369928401
20230620093033980,6.68,6.68,6.66755369928401
20230620093036080,6.68,6.68,6.667827781024743
20230620093036090,6.68,6.68,6.667827781024743
20230620093036440,6.68,6.68,6.667827781024743
20230620093038850,6.68,6.68,6.668924236851784
20230620093038860,6.68,6.68,6.670250890255747
20230620093038870,6.68,6.68,6.670250890255747
20230620093038880,6.68,6.68,6.670250890255747
20230620093038960,6.68,6.68,6.670250890255747
20230620093038970,6.68,6.68,6.670250890255747
20230620093038980,6.68,6.68,6.670250890255747
20230620093038990,6.68,6.68,6.670250890255747
20230620093039000,6.68,6.68,6.670250890255747
20230620093039340,6.68,6.68,6.670250890255747
20230620093041290,6.68,6.68,6.670250890255747
20230620093041560,6.68,6.68,6.670250890255747
20230620093041990,6.68,6.68,6.670250890255747
20230620093042030,6.68,6.68,6.670542197076851
20230620093042040,6.68,6.68,6.670542197076851
20230620093042050,6.68,6.68,6.670586579070859
20230620093042060,6.68,6.68,6.67061593637923
20230620093043730,6.68,6.68,6.67061593637923
20230620093043770,6.68,6.68,6.670682382133996
20230620093044270,6.68,6.68,6.670682382133996
20230620093044680,6.68,6.68,6.670682382133996
20230620093046900,6.68,6.68,6.670682382133996
20230620093046960,6.68,6.68,6.670682382133996
20230620093049080,6.68,6.68,6.670682382133996
20230620093049100,6.68,6.68,6.670682382133996
20230620093049110,6.68,6.68,6.670682382133996
20230620093049120,6.68,6.68,6.670962861072903
20230620093049130,6.68,6.68,6.670962861072903
20230620093049200,6.68,6.68,6.670962861072903
20230620093049460,6.68,6.68,6.670962861072903
20230620093049470,6.68,6.68,6.670962861072903
20230620093049530,6.68,6.68,6.670962861072903
20230620093050060,6.68,6.68,6.670962861072903
20230620093052360,6.68,6.68,6.670962861072903
20230620093052500,6.68,6.68,6.670962861072903
20230620093052830,6.68,6.68,6.670962861072903
20230620093052880,6.68,6.68,6.670962861072903
20230620093054700,6.68,6.68,6.670962861072903
20230620093054780,6.68,6.68,6.670962861072903
20230620093055150,6.68,6.68,6.670962861072903
20230620093055210,6.68,6.68,6.670962861072903
20230620093055360,6.68,6.68,6.670962861072903
20230620093055570,6.68,6.68,6.670962861072903
20230620093057440,6.68,6.68,6.670962861072903
20230620093057800,6.68,6.68,6.670962861072903
20230620093057810,6.68,6.68,6.670962861072903
20230620093058080,6.68,6.68,6.670962861072903
20230620093058290,6.68,6.68,6.670962861072903
20230620093058300,6.68,6.68,6.670962861072903
20230620093059870,6.68,6.68,6.670962861072903
20230620093059910,6.68,6.68,6.670962861072903
20230620093100070,6.68,6.68,6.670962861072903
20230620093100100,6.68,6.68,6.670962861072903
20230620093100110,6.68,6.68,6.670962861072903
20230620093100630,6.68,6.68,6.670962861072903
20230620093100750,6.68,6.68,6.671603690685414
20230620093102930,6.68,6.68,6.671603690685414
20230620093103110,6.68,6.68,6.67167078308877
20230620093103120,6.68,6.68,6.67167078308877
20230620093103180,6.68,6.68,6.67167078308877
20230620093103210,6.68,6.68,6.671694915254238
20230620093103440,6.68,6.68,6.671694915254238
20230620093103580,6.68,6.68,6.671694915254238
20230620093103620,6.68,6.68,6.671694915254238
20230620093103690,6.68,6.68,6.671694915254238
20230620093105280,6.68,6.68,6.671694915254238
20230620093105360,6.68,6.68,6.671694915254238
20230620093105640,6.68,6.68,6.671694915254238
20230620093106100,6.68,6.68,6.671694915254238
20230620093106130,6.68,6.68,6.671694915254238
20230620093106320,6.68,6.68,6.671694915254238
20230620093108000,6.68,6.68,6.671694915254238
20230620093108050,6.68,6.68,6.671694915254238
20230620093108340,6.68,6.68,6.671694915254238
20230620093108740,6.68,6.68,6.671694915254238
20230620093108980,6.68,6.68,6.671694915254238
20230620093109080,6.68,6.68,6.671694915254238
20230620093110880,6.68,6.68,6.671694915254238
20230620093110890,6.68,6.68,6.671694915254238
20230620093111040,6.68,6.68,6.671736811761315
20230620093111100,6.68,6.68,6.671736811761315
20230620093111490,6.68,6.68,6.671736811761315
20230620093111500,6.68,6.68,6.671736811761315
20230620093111550,6.68,6.68,6.671736811761315
20230620093113510,6.68,6.68,6.671736811761315
20230620093113550,6.68,6.68,6.671736811761315
20230620093113610,6.68,6.68,6.671736811761315
20230620093113640,6.68,6.68,6.671736811761315
20230620093113790,6.68,6.68,6.671736811761315
20230620093113980,6.68,6.68,6.671736811761315
20230620093114030,6.68,6.68,6.671736811761315
20230620093114040,6.68,6.68,6.671736811761315
20230620093114050,6.68,6.68,6.671736811761315
20230620093114060,6.68,6.68,6.671736811761315
20230620093114080,6.68,6.68,6.671736811761315
20230620093116060,6.68,6.68,6.671736811761315
20230620093116080,6.68,6.68,6.672073828287019
20230620093116110,6.68,6.68,6.672073828287019
20230620093116240,6.68,6.68,6.672073828287019
20230620093116280,6.68,6.68,6.67209023178808
20230620093116560,6.68,6.68,6.67209023178808
20230620093116630,6.68,6.68,6.67209023178808
20230620093116890,6.68,6.68,6.67209023178808
20230620093116990,6.68,6.68,6.67209023178808
20230620093117030,6.68,6.68,6.672171241294552
20230620093117050,6.68,6.68,6.672171241294552
20230620093117060,6.68,6.68,6.672171241294552
20230620093117070,6.68,6.68,6.672454353003441
20230620093117160,6.68,6.68,6.672454353003441
20230620093117190,6.68,6.68,6.672454353003441
20230620093118740,6.68,6.68,6.672454353003441
20230620093119120,6.68,6.68,6.672454353003441
20230620093119140,6.68,6.68,6.672454353003441
20230620093121620,6.68,6.68,6.672454353003441
20230620093121740,6.68,6.68,6.672454353003441
20230620093121940,6.68,6.68,6.672454353003441
20230620093121960,6.68,6.68,6.672454353003441
20230620093122340,6.68,6.68,6.672454353003441
20230620093122450,6.68,6.68,6.672454353003441
20230620093124190,6.68,6.68,6.672454353003441
20230620093124760,6.68,6.68,6.672454353003441
20230620093124950,6.68,6.68,6.672454353003441
20230620093125110,6.68,6.68,6.672454353003441
20230620093125140,6.68,6.68,6.672454353003441
20230620093126780,6.68,6.68,6.672454353003441
20230620093127020,6.68,6.68,6.672454353003441
20230620093127070,6.68,6.68,6.672454353003441
20230620093127190,6.68,6.68,6.672454353003441
20230620093127270,6.68,6.68,6.672454353003441
20230620093127460,6.68,6.68,6.672454353003441
20230620093127470,6.68,6.68,6.672454353003441
20230620093127560,6.68,6.68,6.672454353003441
20230620093127670,6.68,6.68,6.672454353003441
20230620093127770,6.68,6.68,6.672454353003441
20230620093127810,6.68,6.68,6.672454353003441
20230620093127880,6.68,6.68,6.672454353003441
20230620093129490,6.68,6.68,6.672454353003441
20230620093129540,6.68,6.68,6.672454353003441
20230620093129830,6.68,6.68,6.672454353003441
20230620093130500,6.68,6.68,6.672454353003441
20230620093130690,6.68,6.68,6.672454353003441
20230620093132280,6.68,6.68,6.672454353003441
20230620093132390,6.68,6.68,6.672454353003441
20230620093132470,6.68,6.68,6.672454353003441
20230620093132580,6.67,6.68,6.672454353003441
20230620093132640,6.67,6.68,6.672454353003441
20230620093132670,6.67,6.68,6.672454353003441
20230620093132740,6.68,6.68,6.672454353003441
20230620093132910,6.68,6.68,6.672454353003441
20230620093133260,6.68,6.67,6.672454353003441
20230620093135080,6.68,6.67,6.673907610365667
20230620093135090,6.68,6.67,6.673907610365667
20230620093135310,6.68,6.67,6.673907610365667
20230620093135380,6.68,6.67,6.673907610365667
20230620093135400,6.68,6.67,6.673907610365667
20230620093135420,6.68,6.67,6.673907610365667
20230620093135920,6.68,6.67,6.673907610365667
20230620093135930,6.68,6.67,6.673907610365667
20230620093135950,6.68,6.67,6.673907610365667
20230620093136060,6.68,6.67,6.673907610365667
20230620093138050,6.68,6.67,6.673907610365667
20230620093138380,6.68,6.67,6.673907610365667
20230620093138500,6.68,6.67,6.673907610365667
20230620093138550,6.68,6.67,6.673907610365667
20230620093138730,6.68,6.67,6.673907610365667
20230620093140460,6.68,6.67,6.673907610365667
20230620093140620,6.68,6.67,6.673907610365667
20230620093140640,6.68,6.67,6.673907610365667
20230620093140670,6.68,6.67,6.673907610365667
20230620093143010,6.68,6.67,6.673907610365667
20230620093143520,6.68,6.67,6.673907610365667
20230620093143530,6.68,6.67,6.673907610365667
20230620093143660,6.68,6.67,6.673907610365667
20230620093143760,6.68,6.67,6.673907610365667
20230620093143930,6.68,6.67,6.673907610365667
20230620093143940,6.68,6.67,6.673907610365667
20230620093144000,6.68,6.67,6.673907610365667
20230620093146000,6.68,6.67,6.673907610365667
20230620093146050,6.68,6.67,6.673907610365667
20230620093146090,6.68,6.67,6.673907610365667
20230620093146180,6.68,6.67,6.673907610365667
20230620093146490,6.68,6.67,6.673907610365667
20230620093146790,6.68,6.67,6.673907610365667
20230620093148440,6.68,6.67,6.673907610365667
20230620093148500,6.68,6.67,6.673907610365667
20230620093148760,6.68,6.67,6.673907610365667
20230620093148800,6.68,6.67,6.673907610365667
20230620093148920,6.68,6.67,6.673907610365667
20230620093148950,6.68,6.67,6.673907610365667
20230620093151180,6.68,6.67,6.673907610365667
20230620093151590,6.68,6.67,6.673907610365667
20230620093151680,6.68,6.67,6.673907610365667
20230620093151960,6.68,6.67,6.673907610365667
20230620093152070,6.68,6.67,6.673907610365667
20230620093152100,6.68,6.67,6.673907610365667
20230620093152260,6.68,6.67,6.673907610365667
20230620093152270,6.68,6.67,6.673907610365667
20230620093153800,6.68,6.67,6.673907610365667
20230620093154030,6.68,6.67,6.673907610365667
20230620093154450,6.68,6.67,6.673907610365667
20230620093154810,6.68,6.67,6.673907610365667
20230620093156770,6.68,6.67,6.673907610365667
20230620093156860,6.68,6.67,6.673907610365667
20230620093157000,6.68,6.67,6.673907610365667
20230620093157050,6.68,6.67,6.673907610365667
20230620093157670,6.68,6.67,6.673907610365667
20230620093159160,6.68,6.67,6.673907610365667
20230620093159170,6.68,6.67,6.673907610365667
20230620093159180,6.68,6.67,6.673907610365667
20230620093159270,6.68,6.67,6.673907610365667
20230620093159380,6.68,6.67,6.673907610365667
20230620093159590,6.68,6.67,6.673907610365667
20230620093159770,6.68,6.67,6.673907610365667
20230620093200330,6.68,6.67,6.673907610365667
20230620093201890,6.68,6.67,6.673907610365667
20230620093202570,6.68,6.67,6.673907610365667
20230620093202830,6.68,6.67,6.673907610365667
20230620093204700,6.68,6.67,6.673907610365667
20230620093204750,6.68,6.67,6.673907610365667
20230620093204990,6.68,6.67,6.673907610365667
20230620093205620,6.68,6.67,6.673907610365667
20230620093205640,6.68,6.67,6.673907610365667
20230620093207400,6.68,6.67,6.673907610365667
20230620093207560,6.68,6.67,6.673907610365667
20230620093207880,6.68,6.67,6.673907610365667
20230620093208130,6.68,6.67,6.673907610365667
20230620093208500,6.68,6.67,6.673907610365667
20230620093212770,6.68,6.67,6.673907610365667
20230620093212810,6.68,6.67,6.673907610365667
20230620093212880,6.68,6.67,6.673907610365667
20230620093213150,6.68,6.67,6.673907610365667
20230620093213340,6.68,6.67,6.673907610365667
20230620093213360,6.68,6.67,6.673907610365667
20230620093213400,6.68,6.67,6.673907610365667
20230620093213650,6.68,6.67,6.6741453579858385
20230620093215430,6.68,6.67,6.6741453579858385
20230620093215510,6.68,6.67,6.6741453579858385
20230620093215820,6.68,6.67,6.6741453579858385
20230620093216060,6.68,6.67,6.6741453579858385
20230620093216080,6.68,6.67,6.674109458428681
20230620093216170,6.68,6.67,6.674109458428681
20230620093216200,6.68,6.67,6.674109458428681
20230620093216220,6.68,6.67,6.674109458428681
20230620093216280,6.68,6.67,6.674109458428681
20230620093216460,6.68,6.67,6.674109458428681
20230620093216510,6.68,6.67,6.674109458428681
20230620093218180,6.68,6.67,6.674109458428681
20230620093218360,6.68,6.67,6.674109458428681
20230620093218420,6.68,6.67,6.674109458428681
20230620093221310,6.68,6.67,6.674109458428681
20230620093221610,6.68,6.67,6.674109458428681
20230620093221960,6.68,6.67,6.674109458428681
20230620093223560,6.68,6.67,6.674109458428681
20230620093223720,6.68,6.67,6.674109458428681
20230620093223920,6.68,6.67,6.674109458428681
20230620093224440,6.68,6.67,6.674109458428681
20230620093224550,6.68,6.67,6.674109458428681
20230620093224670,6.68,6.67,6.674109458428681
20230620093226220,6.68,6.67,6.674088257433196
20230620093226660,6.68,6.67,6.674088257433196
20230620093226690,6.68,6.67,6.674088257433196
20230620093227100,6.68,6.67,6.674088257433196
20230620093227380,6.68,6.67,6.674088257433196
20230620093228970,6.68,6.67,6.674088257433196
20230620093228980,6.68,6.67,6.674088257433196
20230620093229040,6.68,6.67,6.674088257433196
20230620093229500,6.68,6.67,6.67393283852281
20230620093229580,6.68,6.67,6.67393283852281
20230620093229810,6.68,6.67,6.67393283852281
20230620093230070,6.68,6.67,6.67393283852281
20230620093231680,6.68,6.67,6.67393283852281
20230620093231890,6.68,6.67,6.67393283852281
20230620093231930,6.68,6.67,6.67393283852281
20230620093232110,6.68,6.67,6.67393283852281
20230620093232380,6.68,6.67,6.67393283852281
20230620093232590,6.68,6.67,6.67393283852281
20230620093234350,6.68,6.67,6.67393283852281
20230620093234360,6.68,6.67,6.67393283852281
20230620093234510,6.68,6.67,6.67393283852281
20230620093234650,6.68,6.67,6.67393283852281
20230620093234900,6.68,6.67,6.67393283852281
20230620093235210,6.68,6.67,6.67393283852281
20230620093237070,6.68,6.67,6.67393283852281
20230620093237080,6.68,6.67,6.67393283852281
20230620093237100,6.68,6.67,6.67393283852281
20230620093237110,6.68,6.67,6.67393283852281
20230620093237130,6.68,6.67,6.67393283852281
20230620093237170,6.68,6.67,6.67393283852281
20230620093237290,6.67,6.66,6.673244316927831
20230620093237330,6.67,6.66,6.673244316927831
20230620093237400,6.67,6.66,6.673244316927831
20230620093237590,6.67,6.66,6.673244316927831
20230620093237620,6.67,6.66,6.673244316927831
20230620093237850,6.67,6.66,6.673244316927831
20230620093237960,6.67,6.66,6.673244316927831
20230620093239950,6.67,6.66,6.673244316927831
20230620093239960,6.67,6.66,6.673244316927831
20230620093240070,6.67,6.66,6.673244316927831
20230620093240080,6.68,6.67,6.673179982693973
20230620093240090,6.68,6.67,6.673175403225807
20230620093240100,6.68,6.67,6.673175403225807
20230620093240120,6.68,6.67,6.673175403225807
20230620093240130,6.68,6.67,6.673175403225807
20230620093240220,6.68,6.67,6.673175403225807
20230620093240240,6.68,6.67,6.673175403225807
20230620093240570,6.68,6.67,6.673175403225807
20230620093242350,6.68,6.67,6.673175403225807
20230620093242500,6.68,6.67,6.673175403225807
20230620093243080,6.68,6.67,6.673147077713552
20230620093243110,6.68,6.67,6.673147077713552
20230620093243120,6.68,6.67,6.673147077713552
20230620093243520,6.68,6.67,6.673147077713552
20230620093243570,6.68,6.67,6.673147077713552
20230620093245230,6.68,6.67,6.673147077713552
20230620093245680,6.68,6.67,6.673147077713552
20230620093246220,6.68,6.67,6.673147077713552
20230620093246230,6.68,6.67,6.673147077713552
20230620093247870,6.68,6.67,6.67314839905869
20230620093247890,6.68,6.67,6.67314839905869
20230620093248040,6.68,6.67,6.67314839905869
20230620093248100,6.68,6.67,6.67314839905869
20230620093248320,6.68,6.67,6.67314839905869
20230620093248440,6.68,6.67,6.67314839905869
20230620093248720,6.68,6.67,6.67314839905869
20230620093250500,6.68,6.67,6.67314839905869
20230620093250540,6.68,6.67,6.67314839905869
20230620093250600,6.68,6.67,6.67314839905869
20230620093250930,6.68,6.67,6.67314839905869
20230620093251080,6.68,6.67,6.67314839905869
20230620093251370,6.68,6.67,6.673119932313334
20230620093253230,6.68,6.67,6.673119932313334
20230620093253550,6.68,6.67,6.673119932313334
20230620093253720,6.68,6.67,6.673119932313334
20230620093254410,6.68,6.67,6.673119932313334
20230620093256380,6.68,6.67,6.673119932313334
20230620093256790,6.68,6.67,6.673119932313334
20230620093257020,6.68,6.67,6.673119932313334
20230620093258980,6.68,6.67,6.673119932313334
20230620093259450,6.68,6.67,6.673119932313334
20230620093259740,6.68,6.67,6.673119932313334
20230620093301400,6.68,6.67,6.673119932313334
20230620093301660,6.68,6.67,6.673119932313334
20230620093301720,6.68,6.67,6.673119932313334
20230620093301830,6.68,6.67,6.673119932313334
20230620093301900,6.68,6.67,6.673119932313334
20230620093302160,6.68,6.67,6.673119932313334
20230620093303990,6.68,6.67,6.673119932313334
20230620093304050,6.68,6.67,6.673119932313334
20230620093304490,6.67,6.67,6.673119932313334
20230620093304530,6.67,6.67,6.673119932313334
20230620093304920,6.67,6.67,6.673119932313334
20230620093305000,6.67,6.67,6.673119932313334
20230620093305030,6.67,6.67,6.673119932313334
20230620093307720,6.68,6.67,6.673119932313334
20230620093309780,6.68,6.67,6.673119932313334
20230620093310050,6.68,6.67,6.673119932313334
20230620093310060,6.68,6.67,6.673119932313334
20230620093310150,6.68,6.67,6.673119932313334
20230620093312130,6.68,6.67,6.673119932313334
20230620093312560,6.68,6.67,6.673119932313334
20230620093312620,6.68,6.67,6.673119932313334
20230620093312720,6.68,6.67,6.673119932313334
20230620093312830,6.68,6.67,6.673119932313334
20230620093312990,6.68,6.67,6.673119932313334
20230620093313070,6.67,6.67,6.673119932313334
20230620093313290,6.67,6.67,6.673119932313334
20230620093315150,6.67,6.67,6.673119932313334
20230620093315620,6.67,6.67,6.673119932313334
20230620093315630,6.67,6.67,6.673119932313334
20230620093317540,6.67,6.67,6.673119932313334
20230620093317770,6.67,6.67,6.673119932313334
20230620093317840,6.67,6.67,6.673119932313334
20230620093318210,6.67,6.67,6.673119932313334
20230620093320440,6.67,6.67,6.673119932313334
20230620093320580,6.67,6.67,6.673119932313334
20230620093320830,6.67,6.67,6.673119932313334
20230620093320880,6.67,6.67,6.673119932313334
20230620093320890,6.67,6.67,6.673119932313334
20230620093321310,6.67,6.67,6.673119932313334
20230620093321390,6.67,6.67,6.673119932313334
20230620093323020,6.67,6.67,6.673119932313334
20230620093323030,6.67,6.67,6.673119932313334
20230620093323070,6.67,6.67,6.673119932313334
20230620093323080,6.67,6.67,6.673119932313334
20230620093323120,6.67,6.67,6.673119932313334
20230620093323180,6.67,6.67,6.673119932313334
20230620093323310,6.67,6.67,6.673119932313334
20230620093323400,6.67,6.67,6.673119932313334
20230620093323780,6.67,6.67,6.673119932313334
20230620093323880,6.67,6.67,6.673119932313334
20230620093325660,6.68,6.67,6.673119932313334
20230620093325820,6.68,6.67,6.673119932313334
20230620093326310,6.68,6.67,6.673119932313334
20230620093326420,6.68,6.67,6.673119932313334
20230620093326570,6.68,6.67,6.673119932313334
20230620093328590,6.68,6.67,6.673119932313334
20230620093328680,6.68,6.67,6.673119932313334
20230620093328710,6.67,6.67,6.673119932313334
20230620093328830,6.67,6.67,6.673119932313334
20230620093328990,6.67,6.67,6.673119932313334
20230620093331080,6.67,6.67,6.672979355105987
20230620093331100,6.67,6.67,6.672979355105987
20230620093331120,6.67,6.67,6.672979355105987
20230620093331180,6.67,6.67,6.672979355105987
20230620093331360,6.67,6.67,6.672979355105987
20230620093331370,6.67,6.67,6.672979355105987
20230620093331660,6.67,6.67,6.672850697292864
20230620093331910,6.66,6.66,6.6716736011923246
20230620093331920,6.66,6.66,6.671651893634166
20230620093331930,6.66,6.66,6.671648283554345
20230620093331940,6.66,6.66,6.671648283554345
20230620093331950,6.66,6.66,6.671648283554345
20230620093331960,6.66,6.66,6.671648283554345
20230620093332050,6.66,6.66,6.671644675710835
20230620093332070,6.66,6.66,6.671641070101561
20230620093332090,6.66,6.66,6.671633865577424
20230620093332100,6.67,6.66,6.671565864763429
20230620093332120,6.67,6.66,6.671565864763429
20230620093334170,6.67,6.66,6.671565864763429
20230620093334320,6.67,6.66,6.671565864763429
20230620093334470,6.67,6.66,6.671565864763429
20230620093334600,6.67,6.66,6.671565864763429
20230620093334670,6.67,6.66,6.671565864763429
20230620093336550,6.67,6.66,6.671565864763429
20230620093336740,6.67,6.66,6.671565864763429
20230620093337390,6.67,6.66,6.671565864763429
20230620093337490,6.67,6.66,6.671565864763429
20230620093337500,6.67,6.66,6.671565864763429
20230620093337550,6.67,6.66,6.671565864763429
20230620093339280,6.67,6.66,6.671565864763429
20230620093339720,6.67,6.66,6.671565864763429
20230620093340240,6.67,6.66,6.671565864763429
20230620093341890,6.67,6.66,6.671565864763429
20230620093342020,6.67,6.66,6.671565864763429
20230620093342580,6.67,6.66,6.671565864763429
20230620093344510,6.67,6.66,6.671565864763429
20230620093344760,6.67,6.66,6.671565864763429
20230620093344970,6.67,6.66,6.671565864763429
20230620093345330,6.67,6.66,6.671565864763429
20230620093345440,6.67,6.66,6.671565864763429
20230620093345500,6.67,6.66,6.671565864763429
20230620093347680,6.67,6.66,6.671565864763429
20230620093349920,6.67,6.66,6.671565864763429
20230620093349980,6.67,6.66,6.671565864763429
20230620093350010,6.67,6.66,6.671565864763429
20230620093350050,6.67,6.66,6.671565864763429
20230620093350300,6.67,6.66,6.671565864763429
20230620093350600,6.67,6.66,6.671565864763429
20230620093352970,6.67,6.66,6.671565864763429
20230620093352990,6.67,6.66,6.671565864763429
20230620093353060,6.67,6.66,6.671565864763429
20230620093353800,6.67,6.66,6.671565864763429
20230620093355870,6.67,6.66,6.671565864763429
20230620093356120,6.67,6.66,6.671565864763429
20230620093356430,6.67,6.66,6.671565864763429
20230620093358030,6.67,6.66,6.671565864763429
20230620093358410,6.67,6.66,6.671565864763429
20230620093358450,6.67,6.66,6.671565864763429
20230620093358490,6.67,6.66,6.671565864763429
20230620093359120,6.67,6.66,6.671565864763429
20230620093400700,6.67,6.66,6.671565864763429
20230620093400730,6.67,6.66,6.671565864763429
20230620093400770,6.67,6.66,6.671565864763429
20230620093400830,6.67,6.66,6.671565864763429
20230620093401380,6.67,6.66,6.671565864763429
20230620093401390,6.67,6.66,6.671565864763429
20230620093401410,6.67,6.66,6.671565864763429
20230620093401450,6.67,6.66,6.671565864763429
20230620093401750,6.67,6.66,6.671565864763429
20230620093401780,6.67,6.66,6.671565864763429
20230620093401830,6.67,6.66,6.671565864763429
20230620093404100,6.67,6.66,6.671565864763429
20230620093404140,6.67,6.66,6.671565864763429
20230620093404210,6.67,6.66,6.671565864763429
20230620093404380,6.67,6.66,6.671565864763429
20230620093404450,6.67,6.66,6.671565864763429
20230620093404460,6.67,6.66,6.671565864763429
20230620093404490,6.67,6.66,6.671565864763429
20230620093404520,6.67,6.66,6.671565864763429
20230620093406130,6.67,6.66,6.671565864763429
20230620093407090,6.67,6.66,6.671022680654048
20230620093407100,6.67,6.66,6.671022680654048
20230620093409100,6.67,6.66,6.671022680654048
20230620093409140,6.67,6.66,6.671022680654048
20230620093409160,6.67,6.66,6.671022680654048
20230620093409370,6.67,6.66,6.671022680654048
20230620093409490,6.67,6.66,6.671022680654048
20230620093409660,6.67,6.66,6.671022680654048
20230620093411460,6.67,6.66,6.671022680654048
20230620093412580,6.67,6.66,6.671022680654048
20230620093414710,6.67,6.66,6.671022680654048
20230620093414850,6.67,6.66,6.671022680654048
20230620093415330,6.67,6.66,6.671022680654048
20230620093416870,6.67,6.66,6.671022680654048
20230620093417740,6.67,6.66,6.671022680654048
20230620093419780,6.67,6.66,6.671022680654048
20230620093419870,6.67,6.66,6.671022680654048
20230620093419940,6.67,6.66,6.671022680654048
20230620093419980,6.67,6.66,6.671022680654048
20230620093422250,6.67,6.66,6.671022680654048
20230620093422280,6.67,6.66,6.671022680654048
20230620093422350,6.67,6.66,6.671022680654048
20230620093422470,6.67,6.66,6.671022680654048
20230620093422540,6.67,6.66,6.671022680654048
20230620093422590,6.67,6.66,6.671022680654048
20230620093422600,6.67,6.66,6.671022680654048
20230620093422690,6.67,6.66,6.671022680654048
20230620093422720,6.67,6.66,6.671022680654048
20230620093422750,6.67,6.66,6.671022680654048
20230620093422790,6.67,6.66,6.671022680654048
20230620093422870,6.67,6.66,6.671022680654048
20230620093423040,6.67,6.66,6.671022680654048
20230620093423070,6.67,6.66,6.671022680654048
20230620093423080,6.67,6.66,6.671022680654048
20230620093423280,6.67,6.66,6.671022680654048
20230620093425090,6.67,6.66,6.671022680654048
20230620093425100,6.67,6.66,6.671022680654048
20230620093425110,6.67,6.66,6.671022680654048
20230620093425120,6.67,6.66,6.671022680654048
20230620093425130,6.67,6.66,6.671022680654048
20230620093425170,6.67,6.66,6.671022680654048
20230620093425550,6.67,6.66,6.671022680654048
20230620093425560,6.67,6.66,6.671022680654048
20230620093425570,6.67,6.66,6.671022680654048
20230620093425580,6.67,6.66,6.671022680654048
20230620093426070,6.67,6.66,6.671022680654048
20230620093427640,6.67,6.66,6.671022680654048
20230620093427870,6.67,6.66,6.671022680654048
20230620093428090,6.67,6.66,6.671022680654048
20230620093428120,6.67,6.66,6.671022680654048
20230620093428240,6.67,6.66,6.671022680654048
20230620093428380,6.67,6.66,6.671022680654048
20230620093430420,6.67,6.66,6.671022680654048
20230620093431080,6.67,6.66,6.671022680654048
20230620093431120,6.67,6.66,6.671022680654048
20230620093431430,6.67,6.66,6.671022680654048
20230620093431450,6.67,6.66,6.671022680654048
20230620093431530,6.67,6.66,6.671022680654048
20230620093433170,6.67,6.66,6.671022680654048
20230620093433180,6.67,6.66,6.671022680654048
20230620093433200,6.67,6.66,6.671022680654048
20230620093433980,6.67,6.66,6.671022680654048
20230620093433990,6.67,6.66,6.671022680654048
20230620093434000,6.67,6.66,6.671022680654048
20230620093434090,6.67,6.66,6.671022680654048
20230620093434110,6.67,6.66,6.671022680654048
20230620093434130,6.67,6.66,6.671022680654048
20230620093434140,6.67,6.66,6.671022680654048
20230620093434150,6.67,6.66,6.671022680654048
20230620093435780,6.67,6.66,6.671022680654048
20230620093436020,6.67,6.66,6.671022680654048
20230620093436080,6.67,6.66,6.671022680654048
20230620093436220,6.67,6.66,6.671022680654048
20230620093436290,6.67,6.66,6.671022680654048
20230620093436780,6.67,6.66,6.671022680654048
20230620093438510,6.67,6.66,6.671022680654048
20230620093438800,6.67,6.66,6.671022680654048
20230620093438810,6.67,6.66,6.671022680654048
20230620093439650,6.67,6.66,6.671022680654048
20230620093442140,6.67,6.66,6.671022680654048
20230620093444830,6.67,6.66,6.671022680654048
20230620093447340,6.67,6.66,6.671022680654048
20230620093447800,6.67,6.66,6.671022680654048
20230620093449320,6.67,6.66,6.671022680654048
20230620093450460,6.67,6.66,6.671022680654048
20230620093451950,6.67,6.66,6.670977775198748
20230620093452070,6.67,6.66,6.670977775198748
20230620093452080,6.67,6.66,6.670977775198748
20230620093452090,6.67,6.66,6.670977775198748
20230620093452100,6.67,6.66,6.670977775198748
20230620093452160,6.67,6.66,6.670977775198748
20230620093452170,6.67,6.66,6.670977775198748
20230620093452200,6.67,6.66,6.670977775198748
20230620093455120,6.67,6.66,6.670976924860854
20230620093455240,6.67,6.66,6.670976924860854
20230620093455860,6.67,6.66,6.670976924860854
20230620093455880,6.67,6.66,6.670976924860854
20230620093457880,6.67,6.66,6.670976924860854
20230620093457930,6.67,6.66,6.670976924860854
20230620093457950,6.67,6.66,6.670976924860854
20230620093458120,6.67,6.66,6.670976924860854
20230620093458200,6.67,6.66,6.670976924860854
20230620093458230,6.67,6.66,6.670976924860854
20230620093458280,6.67,6.66,6.670976924860854
20230620093458360,6.67,6.66,6.670976924860854
20230620093458470,6.67,6.66,6.670976924860854
20230620093500550,6.67,6.66,6.670976924860854
20230620093500650,6.67,6.66,6.670976924860854
20230620093500760,6.67,6.66,6.670976924860854
20230620093500790,6.67,6.66,6.670976924860854
20230620093501070,6.67,6.66,6.670976924860854
20230620093501080,6.67,6.66,6.670974382698202
20230620093501090,6.67,6.66,6.670895368191472
20230620093501100,6.67,6.66,6.670895368191472
20230620093501230,6.67,6.66,6.670895368191472
20230620093502980,6.67,6.66,6.670895368191472
20230620093503150,6.67,6.66,6.670895368191472
20230620093503380,6.67,6.66,6.670895368191472
20230620093503580,6.67,6.66,6.670895368191472
20230620093503740,6.67,6.66,6.670895368191472
20230620093505700,6.67,6.66,6.670895368191472
20230620093505740,6.67,6.66,6.670895368191472
20230620093505860,6.67,6.66,6.670895368191472
20230620093506070,6.67,6.66,6.670895368191472
20230620093506170,6.67,6.66,6.670895368191472
20230620093506400,6.67,6.66,6.670895368191472
20230620093508510,6.67,6.66,6.670895368191472
20230620093511460,6.67,6.66,6.670895368191472
20230620093511770,6.67,6.66,6.670895368191472
20230620093511990,6.67,6.66,6.670895368191472
20230620093512020,6.67,6.66,6.670891021247431
20230620093513540,6.67,6.66,6.670761937013207
20230620093513770,6.67,6.66,6.670761937013207
20230620093514030,6.67,6.66,6.670668606277626
20230620093514190,6.67,6.66,6.670668606277626
20230620093514690,6.67,6.66,6.670668606277626
20230620093516270,6.67,6.66,6.670668606277626
20230620093516430,6.67,6.66,6.670668606277626
20230620093516480,6.67,6.66,6.670668606277626
20230620093516600,6.67,6.66,6.670668606277626
20230620093516680,6.67,6.66,6.670668606277626
20230620093516810,6.67,6.66,6.670668606277626
20230620093518950,6.67,6.66,6.670668606277626
20230620093519020,6.67,6.66,6.670668606277626
20230620093519080,6.67,6.66,6.670668606277626
20230620093519210,6.67,6.66,6.670668606277626
20230620093519400,6.67,6.66,6.670668606277626
20230620093519890,6.67,6.66,6.670668606277626
20230620093521940,6.67,6.66,6.670668606277626
20230620093522190,6.67,6.66,6.670668606277626
20230620093522690,6.67,6.66,6.670668606277626
20230620093522700,6.67,6.66,6.670668606277626
20230620093522780,6.67,6.66,6.670668606277626
20230620093524910,6.67,6.66,6.670668606277626
20230620093525100,6.67,6.66,6.670668606277626
20230620093525220,6.67,6.66,6.670668606277626
20230620093525310,6.67,6.66,6.670668606277626
20230620093525320,6.67,6.66,6.670668606277626
20230620093527200,6.67,6.66,6.670668606277626
20230620093527520,6.67,6.66,6.670668606277626
20230620093527900,6.67,6.66,6.670668232399486
20230620093529800,6.67,6.66,6.670668232399486
20230620093530040,6.67,6.66,6.670668232399486
20230620093530110,6.67,6.66,6.670668232399486
20230620093530580,6.67,6.66,6.670668232399486
20230620093532630,6.67,6.66,6.670668232399486
20230620093535400,6.67,6.66,6.670668045617174
20230620093535830,6.67,6.66,6.670668045617174
20230620093536270,6.67,6.66,6.670665064550383
20230620093537900,6.67,6.66,6.670665064550383
20230620093538370,6.67,6.66,6.670605791141
20230620093538460,6.67,6.66,6.670605791141
20230620093539030,6.67,6.66,6.670605791141
20230620093540930,6.67,6.66,6.670605791141
20230620093540990,6.67,6.66,6.670605791141
20230620093541440,6.67,6.66,6.670605791141
20230620093544260,6.67,6.66,6.670605791141
20230620093544420,6.67,6.66,6.670604447401986
20230620093546120,6.67,6.66,6.670604447401986
20230620093546470,6.67,6.66,6.670604447401986
20230620093546670,6.67,6.66,6.670604447401986
20230620093547020,6.67,6.66,6.670604447401986
20230620093549110,6.67,6.66,6.670604447401986
20230620093549130,6.67,6.66,6.670604447401986
20230620093551520,6.67,6.66,6.670604447401986
20230620093551960,6.67,6.66,6.670603443503294
20230620093551980,6.67,6.66,6.670603443503294
20230620093552030,6.67,6.66,6.670603443503294
20230620093554280,6.67,6.66,6.670603443503294
20230620093554610,6.67,6.66,6.670603443503294
20230620093556810,6.67,6.66,6.670603443503294
20230620093556870,6.67,6.66,6.670603443503294
20230620093557010,6.67,6.66,6.670603443503294
20230620093557040,6.67,6.66,6.670603443503294
20230620093557130,6.67,6.66,6.670603443503294
20230620093557850,6.67,6.66,6.670603443503294
20230620093559510,6.67,6.66,6.670603443503294
20230620093559930,6.67,6.66,6.670603443503294
20230620093600500,6.67,6.66,6.670603443503294
20230620093600560,6.67,6.66,6.670603443503294
20230620093602240,6.67,6.66,6.670603443503294
20230620093602340,6.67,6.66,6.670603443503294
20230620093602440,6.67,6.66,6.670603443503294
20230620093602770,6.67,6.66,6.670603109611022
20230620093603000,6.67,6.66,6.670603109611022
20230620093603080,6.67,6.66,6.670603109611022
20230620093603200,6.67,6.66,6.670603109611022
20230620093603330,6.67,6.66,6.670603109611022
20230620093604900,6.67,6.66,6.670603109611022
20230620093607640,6.67,6.66,6.670603109611022
20230620093607660,6.67,6.66,6.670603109611022
20230620093607750,6.67,6.66,6.670603109611022
20230620093607760,6.67,6.66,6.670603109611022
20230620093607890,6.67,6.66,6.670550569839785
20230620093607900,6.67,6.66,6.670550266879437
20230620093607990,6.67,6.66,6.670547364946639
20230620093608080,6.67,6.66,6.670547364946639
20230620093608470,6.67,6.66,6.670547364946639
20230620093610270,6.66,6.66,6.670547364946639
20230620093610440,6.66,6.66,6.670547364946639
20230620093610470,6.66,6.66,6.670547364946639
20230620093610790,6.66,6.66,6.670547364946639
20230620093610870,6.66,6.66,6.670547364946639
20230620093610990,6.66,6.66,6.670547364946639
20230620093611080,6.66,6.66,6.670547364946639
20230620093611300,6.66,6.66,6.670547364946639
20230620093613080,6.67,6.66,6.670547364946639
20230620093613090,6.66,6.66,6.670412751860099
20230620093613110,6.66,6.66,6.670412751860099
20230620093613150,6.66,6.66,6.670412751860099
20230620093613160,6.66,6.66,6.670412751860099
20230620093613210,6.66,6.66,6.670412751860099
20230620093613220,6.66,6.66,6.670325829383887
20230620093613300,6.66,6.66,6.670325829383887
20230620093613440,6.66,6.66,6.670325829383887
20230620093613460,6.66,6.66,6.670325829383887
20230620093613770,6.66,6.66,6.670325829383887
20230620093614080,6.66,6.66,6.670325829383887
20230620093615760,6.66,6.66,6.670325829383887
20230620093616110,6.67,6.66,6.670281531531532
20230620093616120,6.66,6.66,6.670281531531532
20230620093616220,6.66,6.66,6.670276021009755
20230620093618370,6.66,6.66,6.670276021009755
20230620093618660,6.66,6.66,6.67021904049578
20230620093618810,6.66,6.66,6.67021904049578
20230620093618850,6.66,6.66,6.67021904049578
20230620093619100,6.67,6.66,6.670205410019741
20230620093619250,6.67,6.66,6.670205410019741
20230620093619340,6.67,6.66,6.670194635524983
20230620093619390,6.67,6.66,6.670194635524983
20230620093619580,6.67,6.66,6.670194635524983
20230620093622220,6.67,6.66,6.670194635524983
20230620093624050,6.67,6.66,6.670194635524983
20230620093624670,6.67,6.66,6.670189202153174
20230620093626620,6.67,6.66,6.670189202153174
20230620093626780,6.67,6.66,6.670189202153174
20230620093627440,6.67,6.66,6.670189202153174
20230620093629830,6.67,6.66,6.670189202153174
20230620093630160,6.67,6.66,6.669411706788757
20230620093630360,6.67,6.66,6.669411706788757
20230620093632190,6.67,6.66,6.669411706788757
20230620093632370,6.67,6.66,6.669411706788757
20230620093632600,6.67,6.66,6.669406929815927
20230620093632710,6.67,6.66,6.669406929815927
20230620093633020,6.67,6.66,6.669406929815927
20230620093634700,6.67,6.66,6.669406929815927
20230620093634990,6.67,6.66,6.669406929815927
20230620093635620,6.67,6.66,6.669406929815927
20230620093637280,6.67,6.66,6.669406929815927
20230620093637330,6.67,6.66,6.669406929815927
20230620093637770,6.67,6.66,6.669406929815927
20230620093638050,6.67,6.66,6.669406929815927
20230620093638190,6.67,6.66,6.669406929815927
20230620093640540,6.67,6.66,6.6693129659406525
20230620093640570,6.67,6.66,6.6693129659406525
20230620093641050,6.67,6.66,6.669310697583788
20230620093641100,6.67,6.66,6.669308430331662
20230620093641120,6.67,6.66,6.669306164183466
20230620093641130,6.67,6.66,6.669303899138393
20230620093641150,6.67,6.66,6.669117492725278
20230620093642710,6.67,6.66,6.669117492725278
20230620093642740,6.66,6.66,6.669117492725278
20230620093643070,6.66,6.66,6.669117492725278
20230620093643090,6.66,6.66,6.669117492725278
20230620093643100,6.66,6.66,6.669117492725278
20230620093643130,6.66,6.66,6.669117492725278
20230620093643170,6.66,6.66,6.669117492725278
20230620093643710,6.66,6.66,6.669117492725278
20230620093645380,6.66,6.66,6.669117492725278
20230620093645420,6.66,6.66,6.669117492725278
20230620093645550,6.66,6.66,6.669117492725278
20230620093645630,6.66,6.66,6.669117492725278
20230620093645670,6.66,6.66,6.669117492725278
20230620093646170,6.66,6.66,6.669117492725278
20230620093646370,6.66,6.66,6.669117492725278
20230620093648030,6.66,6.66,6.669117492725278
20230620093648270,6.66,6.66,6.669117492725278
20230620093648600,6.66,6.66,6.669039871352221
20230620093649120,6.66,6.66,6.669039871352221
20230620093649190,6.66,6.66,6.669039871352221
20230620093649210,6.66,6.66,6.669039871352221
20230620093650740,6.66,6.66,6.669039871352221
20230620093651710,6.66,6.66,6.669039871352221
20230620093651770,6.66,6.66,6.669039871352221
20230620093651910,6.66,6.66,6.669039871352221
20230620093651960,6.66,6.66,6.669027062768621
20230620093653540,6.66,6.66,6.669024931532723
20230620093653770,6.66,6.66,6.6689973167631695
20230620093653780,6.66,6.66,6.6689973167631695
20230620093653830,6.66,6.66,6.6689973167631695
20230620093654040,6.66,6.66,6.6689973167631695
20230620093654100,6.67,6.66,6.669049336539318
20230620093654120,6.67,6.66,6.669049336539318
20230620093656670,6.67,6.66,6.669049336539318
20230620093656720,6.67,6.66,6.669049336539318
20230620093657020,6.67,6.66,6.669049336539318
20230620093657340,6.67,6.66,6.669049336539318
20230620093658940,6.67,6.66,6.669049336539318
20230620093659030,6.67,6.66,6.669049336539318
20230620093659820,6.67,6.66,6.669049336539318
20230620093659990,6.67,6.66,6.669047322263278
20230620093701610,6.67,6.66,6.669045308883746
20230620093702030,6.67,6.66,6.669045308883746
20230620093702500,6.67,6.66,6.669045308883746
20230620093704380,6.67,6.66,6.669045308883746
20230620093704450,6.67,6.66,6.669045733606193
20230620093707340,6.67,6.66,6.669043721923232
20230620093707650,6.67,6.66,6.669043721923232
20230620093707870,6.67,6.66,6.669033676914875
20230620093708070,6.67,6.66,6.669003675331002
20230620093709900,6.67,6.66,6.669003675331002
20230620093710020,6.67,6.66,6.669003675331002
20230620093710030,6.67,6.66,6.669003675331002
20230620093710040,6.67,6.66,6.669003675331002
20230620093710150,6.67,6.66,6.669003675331002
20230620093710730,6.67,6.66,6.669003675331002
20230620093712650,6.67,6.66,6.669003675331002
20230620093713080,6.67,6.66,6.669003675331002
20230620093713440,6.67,6.66,6.668963981836618
20230620093715320,6.67,6.66,6.668963981836618
20230620093715370,6.67,6.66,6.668963981836618
20230620093715390,6.67,6.66,6.6689501716700414
20230620093715950,6.67,6.66,6.6689501716700414
20230620093716090,6.67,6.66,6.6689501716700414
20230620093717920,6.67,6.66,6.6689501716700414
20230620093721680,6.67,6.66,6.6689501716700414
20230620093723870,6.67,6.66,6.6689501716700414
20230620093724240,6.67,6.66,6.668950633579726
20230620093727020,6.67,6.66,6.668950633579726
20230620093729440,6.67,6.66,6.668950633579726
20230620093731580,6.67,6.66,6.668950633579726
20230620093731870,6.67,6.66,6.668950633579726
20230620093732250,6.67,6.66,6.668950633579726
20230620093734050,6.67,6.66,6.668950633579726
20230620093734090,6.67,6.66,6.668950633579726
20230620093734190,6.67,6.66,6.668950633579726
20230620093734220,6.67,6.66,6.668950633579726
20230620093734650,6.67,6.66,6.668950633579726
20230620093734690,6.67,6.66,6.66894473024667
20230620093734850,6.67,6.66,6.66894473024667
20230620093736620,6.67,6.66,6.66894473024667
20230620093736790,6.67,6.66,6.66894473024667
20230620093737330,6.67,6.66,6.66894473024667
20230620093737450,6.67,6.66,6.668934908643711
20230620093739420,6.67,6.66,6.668934908643711
20230620093739660,6.67,6.66,6.668934908643711
20230620093739700,6.67,6.66,6.668934908643711
20230620093740110,6.67,6.66,6.668934908643711
20230620093742930,6.67,6.66,6.668934908643711
20230620093744750,6.67,6.66,6.668934908643711
20230620093745440,6.67,6.66,6.668934908643711
20230620093745800,6.67,6.66,6.66892973067813
20230620093745860,6.67,6.66,6.66892973067813
20230620093747770,6.67,6.66,6.66892973067813
20230620093747840,6.67,6.66,6.66892973067813
20230620093747980,6.67,6.66,6.66893113719993
20230620093748020,6.67,6.66,6.66893113719993
20230620093748580,6.67,6.66,6.66893113719993
20230620093750190,6.67,6.66,6.668781118098027
20230620093750220,6.66,6.66,6.668769786648315
20230620093750250,6.66,6.66,6.668769786648315
20230620093750840,6.66,6.66,6.668769786648315
20230620093750970,6.67,6.66,6.668734095874567
20230620093750980,6.67,6.66,6.668715427692045
20230620093750990,6.67,6.66,6.668698694427853
20230620093751080,6.67,6.66,6.668698694427853
20230620093751230,6.67,6.66,6.668698694427853
20230620093751240,6.67,6.66,6.668694984646878
20230620093752840,6.67,6.66,6.668694984646878
20230620093754060,6.67,6.66,6.668694984646878
20230620093755550,6.66,6.66,6.668694984646878
20230620093755810,6.66,6.66,6.668694984646878
20230620093755900,6.66,6.66,6.668694984646878
20230620093756010,6.66,6.66,6.668685724023346
20230620093756240,6.66,6.66,6.668685724023346
20230620093756370,6.66,6.66,6.668685724023346
20230620093756690,6.66,6.66,6.668682025294895
20230620093756720,6.66,6.66,6.668682025294895
20230620093758470,6.66,6.66,6.668682025294895
20230620093758920,6.66,6.66,6.668682025294895
20230620093759040,6.66,6.66,6.668682025294895
20230620093759050,6.66,6.66,6.668682025294895
20230620093759090,6.66,6.66,6.668682025294895
20230620093759100,6.66,6.66,6.668682025294895
20230620093759110,6.66,6.66,6.668682025294895
20230620093759120,6.66,6.66,6.668682025294895
20230620093759350,6.66,6.66,6.668682025294895
20230620093759420,6.66,6.66,6.668682025294895
20230620093759460,6.66,6.66,6.668682025294895
20230620093800970,6.66,6.66,6.668682025294895
20230620093801240,6.66,6.66,6.668682025294895
20230620093801650,6.66,6.66,6.668682025294895
20230620093801960,6.66,6.66,6.668682025294895
20230620093801970,6.66,6.66,6.668682025294895
20230620093802160,6.66,6.66,6.668682025294895
20230620093804190,6.66,6.66,6.668682025294895
20230620093804320,6.66,6.66,6.668682025294895
20230620093807090,6.66,6.66,6.668682025294895
20230620093807360,6.66,6.66,6.668682025294895
20230620093809190,6.66,6.66,6.668682025294895
20230620093809330,6.66,6.66,6.668682025294895
20230620093809430,6.66,6.66,6.668682025294895
20230620093809800,6.66,6.66,6.668682025294895
20230620093809860,6.66,6.66,6.668682025294895
20230620093810080,6.66,6.66,6.668682025294895
20230620093811750,6.66,6.66,6.668682025294895
20230620093812540,6.66,6.66,6.668682025294895
20230620093815310,6.66,6.66,6.668682025294895
20230620093815590,6.66,6.66,6.668682025294895
20230620093817660,6.66,6.66,6.668682025294895
20230620093817950,6.66,6.66,6.668682025294895
20230620093819840,6.66,6.66,6.668682025294895
20230620093820800,6.66,6.66,6.668574312389604
20230620093822580,6.66,6.66,6.668574312389604
20230620093823050,6.66,6.66,6.668574312389604
20230620093825590,6.66,6.66,6.668574312389604
20230620093825790,6.66,6.66,6.668574312389604
20230620093825800,6.66,6.66,6.668574312389604
20230620093825840,6.66,6.66,6.668574312389604
20230620093826040,6.66,6.66,6.668574312389604
20230620093828080,6.66,6.66,6.668574312389604
20230620093828100,6.66,6.66,6.668574312389604
20230620093828120,6.66,6.66,6.668574312389604
20230620093828980,6.66,6.66,6.668574312389604
20230620093830720,6.66,6.66,6.668574312389604
20230620093830750,6.66,6.66,6.668574312389604
20230620093831050,6.66,6.66,6.668598478584422
20230620093831060,6.66,6.66,6.668598478584422
20230620093831070,6.66,6.66,6.668621558980198
20230620093831080,6.67,6.66,6.668709210676617
20230620093831110,6.67,6.66,6.668709210676617
20230620093831130,6.67,6.66,6.668709210676617
20230620093831440,6.67,6.66,6.668709210676617
20230620093833720,6.67,6.66,6.668709210676617
20230620093833930,6.67,6.66,6.668709210676617
20230620093834070,6.68,6.66,6.668709210676617
20230620093834080,6.68,6.66,6.668847644299409
20230620093834090,6.68,6.66,6.668847644299409
20230620093834100,6.68,6.66,6.668847644299409
20230620093834110,6.68,6.66,6.668847644299409
20230620093834140,6.68,6.66,6.668847644299409
20230620093834160,6.68,6.66,6.668847644299409
20230620093834190,6.68,6.66,6.668847644299409
20230620093834200,6.68,6.67,6.668890815692177
20230620093834210,6.68,6.67,6.668890815692177
20230620093834230,6.68,6.67,6.668890815692177
20230620093834390,6.68,6.67,6.668890815692177
20230620093834400,6.68,6.67,6.668890815692177
20230620093834420,6.68,6.67,6.668890815692177
20230620093834440,6.68,6.67,6.668890815692177
20230620093836190,6.68,6.67,6.668914494027276
20230620093837090,6.68,6.67,6.668914494027276
20230620093837110,6.68,6.67,6.668914494027276
20230620093837160,6.68,6.67,6.668914494027276
20230620093837190,6.68,6.67,6.668914494027276
20230620093837240,6.68,6.67,6.668914494027276
20230620093838940,6.68,6.67,6.668914494027276
20230620093839030,6.68,6.67,6.668914494027276
20230620093839220,6.68,6.67,6.668914494027276
20230620093839380,6.68,6.67,6.668921340319555
20230620093839570,6.68,6.67,6.668921340319555
20230620093839940,6.68,6.67,6.668921340319555
20230620093841650,6.68,6.67,6.668921340319555
20230620093842250,6.68,6.67,6.668921340319555
20230620093842480,6.68,6.67,6.668921340319555
20230620093842530,6.68,6.67,6.6689688649785115
20230620093844220,6.68,6.67,6.6689688649785115
20230620093844990,6.68,6.67,6.6689688649785115
20230620093845280,6.68,6.67,6.6689688649785115
20230620093847060,6.68,6.67,6.6689688649785115
20230620093847320,6.68,6.67,6.6689688649785115
20230620093847740,6.68,6.67,6.6689688649785115
20230620093847790,6.68,6.67,6.6689688649785115
20230620093848040,6.68,6.67,6.6689688649785115
20230620093852430,6.68,6.67,6.6689688649785115
20230620093852930,6.68,6.67,6.6689688649785115
20230620093853200,6.68,6.67,6.6689688649785115
20230620093855110,6.68,6.67,6.6689688649785115
20230620093855230,6.68,6.67,6.6689688649785115
20230620093855900,6.68,6.67,6.6689688649785115
20230620093855920,6.68,6.67,6.6689688649785115
20230620093856090,6.68,6.67,6.6689688649785115
20230620093857690,6.68,6.67,6.6689688649785115
20230620093857830,6.68,6.67,6.6689688649785115
20230620093857890,6.68,6.67,6.6689688649785115
20230620093858080,6.68,6.67,6.6689688649785115
20230620093858100,6.68,6.67,6.6689688649785115
20230620093900860,6.68,6.67,6.6689688649785115
20230620093903020,6.68,6.67,6.6689688649785115
20230620093903170,6.68,6.67,6.6689688649785115
20230620093903190,6.68,6.67,6.6689688649785115
20230620093903380,6.68,6.67,6.6689688649785115
20230620093903390,6.68,6.67,6.6689688649785115
20230620093903420,6.68,6.67,6.6689688649785115
20230620093904090,6.68,6.67,6.6689688649785115
20230620093904230,6.68,6.67,6.6689688649785115
20230620093906380,6.68,6.67,6.6689688649785115
20230620093906830,6.68,6.67,6.6689688649785115
20230620093909100,6.68,6.67,6.6689688649785115
20230620093909450,6.68,6.67,6.6689688649785115
20230620093911310,6.68,6.66,6.6690241845616365
20230620093911810,6.68,6.66,6.6690241845616365
20230620093911930,6.68,6.66,6.6690241845616365
20230620093912010,6.68,6.66,6.6690241845616365
20230620093912220,6.68,6.66,6.6690642713613055
20230620093912230,6.68,6.67,6.6690642713613055
20230620093912240,6.68,6.67,6.6690642713613055
20230620093913850,6.68,6.67,6.6690642713613055
20230620093914910,6.68,6.67,6.6690642713613055
20230620093916600,6.68,6.67,6.6690642713613055
20230620093916960,6.68,6.67,6.6690642713613055
20230620093916990,6.68,6.67,6.6690642713613055
20230620093917060,6.68,6.67,6.6690642713613055
20230620093917210,6.68,6.67,6.6690642713613055
20230620093917680,6.68,6.67,6.6690642713613055
20230620093917720,6.68,6.67,6.6690642713613055
20230620093919220,6.68,6.67,6.6690642713613055
20230620093919460,6.68,6.67,6.6690642713613055
20230620093919590,6.68,6.67,6.6690642713613055
20230620093922070,6.68,6.67,6.6690642713613055
20230620093922100,6.68,6.67,6.6690642713613055
20230620093922110,6.68,6.67,6.6690642713613055
20230620093922210,6.68,6.67,6.6690642713613055
20230620093922220,6.68,6.67,6.6690642713613055
20230620093925080,6.68,6.67,6.6690642713613055
20230620093925110,6.68,6.67,6.6690642713613055
20230620093925440,6.68,6.67,6.6690642713613055
20230620093925510,6.68,6.67,6.6690642713613055
20230620093925830,6.68,6.67,6.6690642713613055
20230620093927600,6.68,6.67,6.6690642713613055
20230620093927620,6.68,6.67,6.6690642713613055
20230620093927710,6.68,6.67,6.6690642713613055
20230620093927900,6.68,6.67,6.6690642713613055
20230620093927950,6.68,6.67,6.6690642713613055
20230620093928080,6.68,6.67,6.6690642713613055
20230620093928140,6.68,6.67,6.6690642713613055
20230620093928190,6.68,6.67,6.6690642713613055
20230620093928240,6.68,6.67,6.6690642713613055
20230620093930100,6.68,6.67,6.6690642713613055
20230620093930230,6.68,6.66,6.669139022164661
20230620093930540,6.68,6.66,6.669139022164661
20230620093931010,6.68,6.66,6.669139022164661
20230620093933020,6.68,6.67,6.669139022164661
20230620093933160,6.68,6.67,6.669139022164661
20230620093933270,6.68,6.67,6.669139022164661
20230620093933540,6.68,6.67,6.669139022164661
20230620093935500,6.68,6.67,6.669139022164661
20230620093941040,6.68,6.67,6.669139022164661
20230620093941060,6.68,6.66,6.669219694626438
20230620093941210,6.68,6.66,6.669219694626438
20230620093941600,6.68,6.66,6.669219694626438
20230620093941850,6.68,6.66,6.669219694626438
20230620093943680,6.68,6.66,6.669219694626438
20230620093944160,6.68,6.66,6.669219694626438
20230620093944500,6.68,6.66,6.669219694626438
20230620093944600,6.68,6.66,6.669219694626438
20230620093946400,6.68,6.66,6.669219694626438
20230620093949830,6.68,6.67,6.669219694626438
20230620093950010,6.68,6.67,6.669219694626438
20230620093951850,6.68,6.67,6.669219694626438
20230620093951930,6.68,6.67,6.669219694626438
20230620093951960,6.68,6.67,6.669231806308457
20230620093951990,6.68,6.67,6.669232883628307
20230620093952060,6.68,6.67,6.669232883628307
20230620093952090,6.68,6.67,6.669232883628307
20230620093952250,6.68,6.67,6.669232883628307
20230620093952650,6.68,6.67,6.6692339579307065
20230620093952690,6.68,6.67,6.6692339579307065
20230620093954530,6.68,6.67,6.6692339579307065
20230620093955080,6.68,6.67,6.669234172430207
20230620093955200,6.68,6.67,6.669234172430207
20230620093955310,6.68,6.67,6.669234172430207
20230620093955530,6.68,6.66,6.6692351361933
20230620093957110,6.68,6.66,6.6692351361933
20230620093957250,6.68,6.66,6.6692351361933
20230620093957260,6.68,6.67,6.6692351361933
20230620093957620,6.68,6.67,6.6692351361933
20230620093958080,6.68,6.67,6.6692351361933
20230620093958110,6.68,6.67,6.6692351361933
20230620094000320,6.68,6.67,6.6692351361933
20230620094000340,6.68,6.67,6.6692351361933
20230620094000350,6.68,6.67,6.6692351361933
20230620094000690,6.68,6.67,6.6692351361933
20230620094002440,6.68,6.67,6.6692351361933
20230620094002550,6.68,6.67,6.6692351361933
20230620094002700,6.68,6.67,6.6692351361933
20230620094003500,6.68,6.67,6.6692351361933
20230620094005150,6.68,6.67,6.6692351361933
20230620094005230,6.68,6.67,6.6692351361933
20230620094005340,6.68,6.67,6.6692351361933
20230620094005530,6.68,6.67,6.6692351361933
20230620094005640,6.68,6.67,6.669247911636556
20230620094005690,6.68,6.67,6.669247911636556
20230620094006330,6.68,6.67,6.669247911636556
20230620094007850,6.68,6.67,6.669247911636556
20230620094008030,6.68,6.67,6.669247911636556
20230620094008540,6.68,6.67,6.669247911636556
20230620094009030,6.68,6.67,6.669247911636556
20230620094010670,6.68,6.67,6.669247911636556
20230620094010780,6.68,6.67,6.669247911636556
20230620094010790,6.68,6.67,6.669247911636556
20230620094011400,6.68,6.67,6.669247911636556
20230620094013250,6.68,6.67,6.669247911636556
20230620094013520,6.68,6.67,6.669247911636556
20230620094013540,6.68,6.67,6.669247911636556
20230620094013810,6.68,6.67,6.669247911636556
20230620094016170,6.68,6.67,6.669247911636556
20230620094016380,6.68,6.67,6.669247911636556
20230620094016770,6.68,6.67,6.669247911636556
20230620094018810,6.68,6.67,6.669247911636556
20230620094018920,6.68,6.67,6.669247911636556
20230620094019100,6.68,6.67,6.669247911636556
20230620094021980,6.68,6.67,6.669247911636556
20230620094022170,6.68,6.67,6.669247911636556
20230620094024960,6.68,6.67,6.669247911636556
20230620094024980,6.68,6.67,6.669247911636556
20230620094025220,6.68,6.67,6.669247911636556
20230620094026730,6.68,6.67,6.669247911636556
20230620094027040,6.68,6.67,6.669247911636556
20230620094027300,6.68,6.67,6.669247911636556
20230620094029560,6.68,6.67,6.669247911636556
20230620094029640,6.68,6.67,6.669247911636556
20230620094029690,6.68,6.67,6.669247911636556
20230620094032220,6.68,6.67,6.669247911636556
20230620094032290,6.68,6.67,6.669247911636556
20230620094032300,6.68,6.67,6.669247911636556
20230620094032930,6.68,6.67,6.669247911636556
20230620094032970,6.68,6.67,6.669247911636556
20230620094033120,6.68,6.67,6.669247911636556
20230620094034930,6.68,6.67,6.669247911636556
20230620094035960,6.68,6.67,6.669247911636556
20230620094038200,6.68,6.67,6.669247911636556
20230620094038400,6.68,6.67,6.669247911636556
20230620094038610,6.68,6.67,6.669247911636556
20230620094040530,6.68,6.67,6.669247911636556
20230620094040720,6.68,6.67,6.669247911636556
20230620094041050,6.68,6.67,6.669247911636556
20230620094041180,6.68,6.67,6.669247911636556
20230620094041290,6.68,6.67,6.669247911636556
20230620094043080,6.68,6.67,6.669247911636556
20230620094043130,6.67,6.67,6.669247911636556
20230620094043140,6.67,6.67,6.669247911636556
20230620094043180,6.67,6.67,6.669247911636556
20230620094043500,6.67,6.67,6.669247911636556
20230620094045660,6.68,6.67,6.669247911636556
20230620094045800,6.68,6.67,6.669247911636556
20230620094046120,6.68,6.67,6.669247911636556
20230620094046690,6.68,6.67,6.669247911636556
20230620094048370,6.68,6.67,6.669247911636556
20230620094048430,6.68,6.67,6.669247911636556
20230620094048800,6.68,6.67,6.669247911636556
20230620094049080,6.68,6.67,6.669247911636556
20230620094049090,6.68,6.67,6.669247911636556
20230620094049130,6.68,6.67,6.669247911636556
20230620094049180,6.68,6.67,6.669247911636556
20230620094049300,6.68,6.67,6.669247911636556
20230620094049340,6.67,6.67,6.669247911636556
20230620094051130,6.67,6.67,6.669247911636556
20230620094051140,6.67,6.67,6.669247911636556
20230620094051290,6.67,6.67,6.669247911636556
20230620094051740,6.67,6.67,6.669247911636556
20230620094052120,6.67,6.67,6.669247911636556
20230620094052210,6.67,6.67,6.669247911636556
20230620094054400,6.67,6.67,6.669247911636556
20230620094054630,6.67,6.67,6.669247911636556
20230620094054780,6.67,6.67,6.669247911636556
20230620094054800,6.67,6.67,6.669247911636556
20230620094054940,6.67,6.67,6.669247911636556
20230620094054960,6.67,6.67,6.669247911636556
20230620094056500,6.67,6.67,6.669247911636556
20230620094056810,6.67,6.67,6.669247911636556
20230620094059260,6.67,6.67,6.669247911636556
20230620094059630,6.67,6.67,6.669247911636556
20230620094059660,6.67,6.67,6.669247911636556
20230620094100040,6.67,6.67,6.669247911636556
20230620094101900,6.67,6.67,6.669337395486092
20230620094102390,6.67,6.67,6.669337395486092
20230620094102600,6.67,6.67,6.669337395486092
20230620094102670,6.67,6.67,6.669337395486092
20230620094102900,6.67,6.67,6.669337395486092
20230620094104500,6.67,6.67,6.669211760267328
20230620094104910,6.67,6.67,6.669211760267328
20230620094105080,6.67,6.67,6.66921051922507
20230620094105190,6.67,6.67,6.669200602912282
20230620094105450,6.67,6.67,6.669200602912282
20230620094110210,6.67,6.67,6.669200602912282
20230620094110770,6.67,6.67,6.669200602912282
20230620094110930,6.67,6.67,6.669200602912282
20230620094113480,6.67,6.67,6.669200602912282
20230620094113750,6.67,6.67,6.669200602912282
20230620094116080,6.67,6.67,6.669200602912282
20230620094116090,6.67,6.67,6.669200602912282
20230620094116200,6.67,6.67,6.669200602912282
20230620094116370,6.67,6.67,6.669200602912282
20230620094118560,6.67,6.67,6.669200602912282
20230620094118770,6.67,6.67,6.669195652758723
20230620094120860,6.67,6.67,6.6691944160525045
20230620094121180,6.67,6.67,6.6691944160525045
20230620094121220,6.67,6.67,6.6691944160525045
20230620094121370,6.67,6.67,6.6691944160525045
20230620094121410,6.67,6.67,6.6691944160525045
20230620094121700,6.67,6.67,6.6691920522679
20230620094121940,6.67,6.67,6.6691920522679
20230620094121960,6.67,6.67,6.6691920522679
20230620094123560,6.67,6.67,6.6691920522679
20230620094123570,6.67,6.67,6.669187657768946
20230620094124250,6.67,6.67,6.669187657768946
20230620094126300,6.67,6.67,6.669187657768946
20230620094127080,6.67,6.67,6.669187657768946
20230620094127280,6.67,6.67,6.669187657768946
20230620094128980,6.67,6.67,6.668991146257521
20230620094129370,6.67,6.67,6.668991146257521
20230620094131570,6.67,6.67,6.668991146257521
20230620094134310,6.67,6.67,6.668991146257521
20230620094134640,6.67,6.67,6.668985244696493
20230620094135230,6.67,6.67,6.668985244696493
20230620094135250,6.67,6.67,6.668985244696493
20230620094137650,6.67,6.67,6.668985244696493
20230620094139830,6.67,6.67,6.668985244696493
20230620094139920,6.67,6.67,6.668985244696493
20230620094140180,6.67,6.67,6.668984065313837
20230620094140520,6.67,6.67,6.668984065313837
20230620094140840,6.67,6.67,6.668984065313837
20230620094143120,6.67,6.67,6.668984065313837
20230620094146010,6.67,6.67,6.668984065313837
20230620094146060,6.67,6.67,6.668984065313837
20230620094146080,6.67,6.67,6.668984065313837
20230620094146160,6.67,6.67,6.668984065313837
20230620094146210,6.67,6.67,6.668984065313837
20230620094147940,6.67,6.67,6.668984065313837
20230620094148450,6.67,6.67,6.668984065313837
20230620094148570,6.67,6.67,6.668984065313837
20230620094148840,6.67,6.67,6.668984065313837
20230620094148930,6.67,6.67,6.668984065313837
20230620094151160,6.67,6.66,6.668984065313837
20230620094153950,6.67,6.66,6.668984065313837
20230620094154300,6.67,6.66,6.668984065313837
20230620094156040,6.67,6.66,6.668984065313837
20230620094156050,6.67,6.66,6.668984065313837
20230620094156300,6.67,6.66,6.668984065313837
20230620094156440,6.67,6.66,6.668984065313837
20230620094156560,6.67,6.66,6.668984065313837
20230620094156740,6.67,6.66,6.668984065313837
20230620094156830,6.67,6.66,6.668984065313837
20230620094157030,6.67,6.66,6.668984065313837
20230620094158550,6.67,6.66,6.668984065313837
20230620094158560,6.67,6.66,6.668984065313837
20230620094158780,6.67,6.66,6.668984065313837
20230620094159230,6.67,6.66,6.668984065313837
20230620094159240,6.67,6.66,6.668984065313837
20230620094159270,6.67,6.66,6.668984065313837
20230620094159350,6.67,6.66,6.668984065313837
20230620094201220,6.67,6.66,6.668984065313837
20230620094201280,6.67,6.66,6.668984065313837
20230620094201820,6.67,6.66,6.668984065313837
20230620094201830,6.67,6.66,6.668984065313837
20230620094202010,6.67,6.66,6.668984065313837
20230620094202020,6.67,6.66,6.668984065313837
20230620094202030,6.67,6.66,6.668984065313837
20230620094202050,6.67,6.66,6.668984065313837
20230620094202060,6.67,6.66,6.668984065313837
20230620094204080,6.67,6.66,6.668984065313837
20230620094204100,6.67,6.66,6.668984065313837
20230620094204110,6.67,6.66,6.668984065313837
20230620094204400,6.67,6.66,6.668984065313837
20230620094204920,6.67,6.66,6.668984065313837
20230620094206940,6.67,6.66,6.668984065313837
20230620094207030,6.67,6.66,6.668984065313837
20230620094207250,6.67,6.66,6.668984065313837
20230620094210180,6.67,6.66,6.668984065313837
20230620094210520,6.67,6.66,6.668984065313837
20230620094212040,6.67,6.66,6.668984065313837
20230620094212080,6.67,6.66,6.668984065313837
20230620094212260,6.67,6.66,6.668984065313837
20230620094213110,6.67,6.66,6.668984065313837
20230620094213190,6.67,6.66,6.668984065313837
20230620094215470,6.67,6.66,6.668984065313837
20230620094215600,6.67,6.66,6.668984065313837
20230620094218090,6.67,6.66,6.668984065313837
20230620094218100,6.67,6.66,6.668984065313837
20230620094218460,6.67,6.66,6.668984065313837
20230620094220110,6.67,6.66,6.668984065313837
20230620094220460,6.67,6.66,6.668984065313837
20230620094220840,6.67,6.66,6.668984065313837
20230620094223840,6.67,6.66,6.668984065313837
20230620094223950,6.67,6.66,6.668984065313837
20230620094226280,6.67,6.66,6.668984065313837
20230620094229220,6.67,6.66,6.668984065313837
20230620094229280,6.67,6.66,6.668984065313837
20230620094231080,6.67,6.66,6.668984065313837
20230620094231110,6.67,6.66,6.668984065313837
20230620094231470,6.67,6.66,6.668984065313837
20230620094231800,6.67,6.66,6.668984065313837
20230620094231850,6.67,6.66,6.668984065313837
20230620094231940,6.67,6.66,6.668984065313837
20230620094232110,6.67,6.66,6.668984065313837
20230620094233740,6.67,6.66,6.668984065313837
20230620094234070,6.67,6.66,6.668984065313837
20230620094234180,6.67,6.66,6.668984065313837
20230620094234380,6.67,6.66,6.668984065313837
20230620094236800,6.67,6.66,6.668984065313837
20230620094236930,6.67,6.66,6.668757593180512
20230620094236980,6.67,6.66,6.668757593180512
20230620094237160,6.67,6.66,6.668757593180512
20230620094239670,6.67,6.66,6.668757593180512
20230620094239920,6.67,6.66,6.668757593180512
20230620094240070,6.67,6.66,6.668757593180512
20230620094242020,6.67,6.66,6.668757593180512
20230620094244420,6.67,6.66,6.668757593180512
20230620094244990,6.67,6.66,6.668757593180512
20230620094245220,6.67,6.66,6.668757593180512
20230620094245600,6.67,6.66,6.668757593180512
20230620094245620,6.67,6.66,6.668757593180512
20230620094248310,6.67,6.66,6.668757593180512
20230620094250080,6.67,6.66,6.668757593180512
20230620094250090,6.67,6.66,6.668757593180512
20230620094250810,6.67,6.66,6.668757593180512
20230620094253560,6.67,6.66,6.668757593180512
20230620094255410,6.67,6.66,6.668757593180512
20230620094256050,6.67,6.66,6.668757593180512
20230620094303400,6.67,6.66,6.668757593180512
20230620094304090,6.67,6.66,6.668757593180512
20230620094304360,6.67,6.66,6.668757593180512
20230620094306650,6.67,6.66,6.668757593180512
20230620094306670,6.67,6.66,6.668757593180512
20230620094307040,6.67,6.66,6.668757593180512
20230620094309020,6.67,6.66,6.668757593180512
20230620094309100,6.67,6.66,6.668757593180512
20230620094311670,6.67,6.66,6.668757593180512
20230620094312100,6.67,6.66,6.668757593180512
20230620094312270,6.67,6.66,6.668757593180512
20230620094312620,6.67,6.66,6.668757593180512
20230620094315150,6.67,6.66,6.668757593180512
20230620094316910,6.67,6.66,6.668757593180512
20230620094319560,6.67,6.66,6.668757593180512
20230620094319620,6.67,6.66,6.668757593180512
20230620094319760,6.67,6.66,6.668757593180512
20230620094319810,6.67,6.66,6.668757593180512
20230620094320060,6.67,6.66,6.668757593180512
20230620094320360,6.67,6.66,6.668757593180512
20230620094320470,6.67,6.66,6.668757593180512
20230620094320500,6.67,6.66,6.668757593180512
20230620094322250,6.67,6.66,6.668757593180512
20230620094322270,6.67,6.66,6.668757593180512
20230620094324980,6.67,6.66,6.668757593180512
20230620094325160,6.66,6.66,6.6683578641516625
20230620094325170,6.66,6.66,6.6683578641516625
20230620094325180,6.66,6.66,6.6683578641516625
20230620094325290,6.66,6.66,6.6683578641516625
20230620094325670,6.66,6.66,6.668317256416941
20230620094325850,6.66,6.66,6.668281924810611
20230620094326010,6.67,6.66,6.668206393377453
20230620094326060,6.67,6.66,6.668206393377453
20230620094326100,6.67,6.66,6.668206393377453
20230620094327960,6.67,6.66,6.668206393377453
20230620094328080,6.67,6.66,6.668210369125951
20230620094328120,6.67,6.66,6.668212037857243
20230620094328350,6.67,6.66,6.668192939206475
20230620094328840,6.67,6.66,6.668192939206475
20230620094330540,6.67,6.66,6.668192939206475
20230620094330560,6.67,6.66,6.668192939206475
20230620094331110,6.67,6.66,6.668192939206475
20230620094331230,6.67,6.66,6.668192939206475
20230620094331420,6.67,6.66,6.668192939206475
20230620094331500,6.67,6.66,6.668192939206475
20230620094333170,6.67,6.66,6.668192939206475
20230620094333530,6.67,6.66,6.668192939206475
20230620094334090,6.67,6.66,6.668192939206475
20230620094335730,6.67,6.66,6.668192939206475
20230620094335880,6.67,6.66,6.668192939206475
20230620094336690,6.67,6.66,6.6681933593750005
20230620094336720,6.67,6.66,6.6681933593750005
20230620094336880,6.67,6.66,6.6681933593750005
20230620094336920,6.67,6.66,6.6681933593750005
20230620094339140,6.67,6.66,6.6681933593750005
20230620094341160,6.67,6.66,6.668192406946737
20230620094341500,6.67,6.66,6.668192406946737
20230620094344980,6.67,6.66,6.668192406946737
20230620094346880,6.67,6.66,6.668192406946737
20230620094349380,6.67,6.66,6.668192406946737
20230620094349420,6.67,6.66,6.668192406946737
20230620094351950,6.67,6.66,6.668193247042967
20230620094352210,6.67,6.66,6.668193247042967
20230620094354670,6.67,6.66,6.668193247042967
20230620094354800,6.67,6.66,6.668193247042967
20230620094354940,6.67,6.66,6.668193247042967
20230620094354950,6.67,6.66,6.668193247042967
20230620094355590,6.67,6.66,6.668193247042967
20230620094357430,6.67,6.66,6.668193247042967
20230620094358160,6.67,6.66,6.668193247042967
20230620094358240,6.67,6.66,6.668193247042967
20230620094358400,6.67,6.66,6.668193247042967
20230620094400000,6.67,6.66,6.668193247042967
20230620094400490,6.67,6.66,6.668193247042967
20230620094400980,6.67,6.66,6.668193247042967
20230620094401070,6.67,6.66,6.668193247042967
20230620094401080,6.67,6.66,6.668193247042967
20230620094401100,6.67,6.66,6.668193247042967
20230620094406510,6.66,6.66,6.6681591187836995
20230620094406530,6.67,6.66,6.6681591187836995
20230620094408600,6.67,6.66,6.6681591187836995
20230620094411960,6.67,6.66,6.6681591187836995
20230620094413490,6.67,6.66,6.6681591187836995
20230620094413770,6.67,6.66,6.6681591187836995
20230620094414380,6.67,6.66,6.6681591187836995
20230620094416180,6.67,6.66,6.6681591187836995
20230620094416590,6.67,6.66,6.6681591187836995
20230620094419090,6.67,6.66,6.668161671249972
20230620094419190,6.67,6.66,6.668161671249972
20230620094419200,6.67,6.66,6.668161671249972
20230620094419520,6.67,6.66,6.668161671249972
20230620094421950,6.67,6.66,6.668161671249972
20230620094422080,6.67,6.66,6.668161671249972
20230620094422200,6.67,6.66,6.668161671249972
20230620094424560,6.67,6.66,6.668161671249972
20230620094425220,6.67,6.66,6.668161671249972
20230620094427430,6.67,6.66,6.668161671249972
20230620094428090,6.67,6.66,6.668161671249972
20230620094429820,6.67,6.66,6.668161671249972
20230620094430130,6.67,6.66,6.668161671249972
20230620094432610,6.67,6.66,6.668161671249972
20230620094432920,6.67,6.66,6.668161671249972
20230620094433630,6.67,6.66,6.668161671249972
20230620094436040,6.67,6.66,6.668161671249972
20230620094443750,6.67,6.66,6.668161671249972
20230620094443910,6.67,6.66,6.668161671249972
20230620094446080,6.67,6.66,6.668161671249972
20230620094446220,6.67,6.66,6.668161671249972
20230620094448790,6.67,6.66,6.668161671249972
20230620094449000,6.67,6.66,6.668161671249972
20230620094449120,6.67,6.66,6.668161671249972
20230620094449150,6.67,6.66,6.668161671249972
20230620094449230,6.67,6.66,6.668161671249972
20230620094449540,6.67,6.66,6.668161671249972
20230620094451670,6.67,6.66,6.668161671249972
20230620094451960,6.67,6.66,6.668161671249972
20230620094452100,6.67,6.66,6.668161671249972
20230620094452140,6.67,6.66,6.668161671249972
20230620094454460,6.67,6.66,6.668161671249972
20230620094454890,6.67,6.66,6.668161671249972
20230620094454930,6.67,6.66,6.668161671249972
20230620094455190,6.67,6.66,6.668161671249972
20230620094457250,6.67,6.66,6.668161671249972
20230620094457750,6.67,6.66,6.668161671249972
20230620094459410,6.67,6.66,6.668161671249972
20230620094459560,6.67,6.66,6.668161671249972
20230620094459690,6.67,6.66,6.668161671249972
20230620094459990,6.67,6.66,6.668161671249972
20230620094500150,6.67,6.66,6.668161671249972
20230620094500270,6.67,6.66,6.668161671249972
20230620094502840,6.67,6.66,6.668161671249972
20230620094503240,6.67,6.66,6.668161671249972
20230620094504830,6.67,6.66,6.668161671249972
20230620094504870,6.67,6.66,6.668161671249972
20230620094505450,6.67,6.66,6.668161671249972
20230620094505900,6.67,6.66,6.668161671249972
20230620094508370,6.67,6.66,6.668161671249972
20230620094511340,6.67,6.66,6.668161671249972
20230620094513640,6.67,6.66,6.668161671249972
20230620094515890,6.67,6.66,6.668161671249972
20230620094516460,6.67,6.66,6.668161671249972
20230620094519080,6.67,6.66,6.668161671249972
20230620094521360,6.67,6.66,6.668161671249972
20230620094521950,6.67,6.66,6.668161671249972
20230620094522120,6.67,6.66,6.668161671249972
20230620094522130,6.67,6.66,6.668161671249972
20230620094523800,6.67,6.66,6.668161671249972
20230620094532010,6.67,6.66,6.668161671249972
20230620094532300,6.67,6.66,6.668161671249972
20230620094532350,6.67,6.66,6.668161671249972
20230620094535520,6.67,6.66,6.668161671249972
20230620094537280,6.67,6.66,6.668161671249972
20230620094537580,6.67,6.66,6.668161671249972
20230620094539930,6.67,6.66,6.668109281913685
20230620094540110,6.67,6.66,6.668109281913685
20230620094540670,6.67,6.66,6.668109281913685
20230620094540960,6.67,6.66,6.668109281913685
20230620094542650,6.67,6.66,6.668109281913685
20230620094542730,6.67,6.66,6.668109281913685
20230620094543120,6.67,6.66,6.668109281913685
20230620094543530,6.67,6.66,6.668109281913685
20230620094545770,6.67,6.66,6.668109281913685
20230620094545950,6.67,6.66,6.668109281913685
20230620094546080,6.67,6.66,6.668109281913685
20230620094548410,6.67,6.66,6.668109281913685
20230620094548420,6.67,6.66,6.668109281913685
20230620094548630,6.67,6.66,6.668115281744413
20230620094548890,6.67,6.66,6.668115281744413
20230620094551210,6.67,6.66,6.668115281744413
20230620094554210,6.67,6.66,6.668115281744413
20230620094554220,6.67,6.66,6.668115281744413
20230620094556530,6.67,6.66,6.668115281744413
20230620094556860,6.67,6.66,6.668115281744413
20230620094557210,6.67,6.66,6.668115281744413
20230620094557220,6.67,6.66,6.668115281744413
20230620094557240,6.67,6.66,6.668115281744413
20230620094558960,6.67,6.66,6.668115281744413
20230620094558970,6.67,6.66,6.668115281744413
20230620094558990,6.67,6.66,6.668115281744413
20230620094601600,6.67,6.66,6.668115281744413
20230620094602480,6.67,6.66,6.668115281744413
20230620094604750,6.67,6.66,6.668115281744413
20230620094604770,6.67,6.66,6.668115281744413
20230620094604780,6.66,6.66,6.667910685100932
20230620094604790,6.66,6.66,6.667910685100932
20230620094604800,6.66,6.66,6.667910685100932
20230620094604830,6.66,6.66,6.667910685100932
20230620094604840,6.66,6.66,6.667874164614844
20230620094605010,6.66,6.66,6.667874164614844
20230620094605040,6.66,6.66,6.667874164614844
20230620094607100,6.66,6.66,6.667873299188886
20230620094607220,6.66,6.66,6.667872433953141
20230620094609660,6.66,6.66,6.667872433953141
20230620094609670,6.66,6.66,6.667872433953141
20230620094609980,6.66,6.66,6.667872433953141
20230620094610100,6.66,6.66,6.667872433953141
20230620094610110,6.66,6.66,6.667872433953141
20230620094610600,6.66,6.66,6.667871568907545
20230620094612960,6.66,6.66,6.667871568907545
20230620094613090,6.66,6.66,6.667850701073004
20230620094613380,6.66,6.66,6.667847257254404
20230620094615340,6.66,6.66,6.667847257254404
20230620094615710,6.66,6.66,6.667847257254404
20230620094615780,6.66,6.66,6.667847257254404
20230620094616110,6.66,6.66,6.667847257254404
20230620094616160,6.66,6.66,6.667847257254404
20230620094616190,6.66,6.66,6.667847257254404
20230620094618020,6.66,6.66,6.667847257254404
20230620094618300,6.66,6.66,6.667847257254404
20230620094621580,6.66,6.66,6.667847257254404
20230620094623230,6.66,6.66,6.667847257254404
20230620094623250,6.66,6.66,6.667847257254404
20230620094623720,6.66,6.66,6.667847257254404
20230620094624040,6.66,6.66,6.667847257254404
20230620094624190,6.66,6.66,6.667847257254404
20230620094624210,6.66,6.66,6.667847257254404
20230620094624220,6.66,6.66,6.667847257254404
20230620094625900,6.66,6.66,6.667847257254404
20230620094626240,6.66,6.66,6.667674746948173
20230620094627020,6.66,6.66,6.667674746948173
20230620094628540,6.66,6.66,6.667674746948173
20230620094629200,6.66,6.66,6.667674746948173
20230620094629690,6.66,6.66,6.667674746948173
20230620094631190,6.66,6.66,6.667674746948173
20230620094631690,6.66,6.66,6.667674746948173
20230620094631810,6.66,6.66,6.667674746948173
20230620094634360,6.66,6.66,6.667674746948173
20230620094634960,6.66,6.66,6.667674746948173
20230620094637400,6.66,6.66,6.667674746948173
20230620094639990,6.66,6.66,6.667674746948173
20230620094640080,6.66,6.66,6.667669749066597
20230620094640090,6.66,6.66,6.667640724001471
20230620094640240,6.66,6.66,6.667640724001471
20230620094640320,6.66,6.66,6.667640724001471
20230620094642970,6.66,6.66,6.667640724001471
20230620094643070,6.66,6.66,6.667640724001471
20230620094643080,6.67,6.66,6.667640724001471
20230620094643120,6.67,6.66,6.667640724001471
20230620094644670,6.67,6.66,6.667640724001471
20230620094644780,6.67,6.66,6.667640724001471
20230620094644810,6.67,6.66,6.667640724001471
20230620094645020,6.67,6.66,6.667640724001471
20230620094645100,6.67,6.66,6.667640724001471
20230620094645110,6.67,6.66,6.667640724001471
20230620094645130,6.67,6.66,6.667640724001471
20230620094645140,6.67,6.66,6.667640724001471
20230620094645240,6.67,6.66,6.667640724001471
20230620094645550,6.67,6.66,6.6674618054086086
20230620094645660,6.67,6.66,6.6674618054086086
20230620094647980,6.67,6.66,6.6674618054086086
20230620094648120,6.67,6.66,6.6674618054086086
20230620094648350,6.67,6.66,6.6674618054086086
20230620094651040,6.67,6.66,6.667461016016757
20230620094651050,6.67,6.66,6.667461016016757
20230620094653020,6.67,6.66,6.667461016016757
20230620094653100,6.67,6.66,6.667461016016757
20230620094655750,6.67,6.66,6.667461016016757
20230620094655780,6.67,6.66,6.6674447470077896
20230620094656180,6.67,6.66,6.6674447470077896
20230620094656720,6.67,6.66,6.6674447470077896
20230620094658240,6.67,6.66,6.6674447470077896
20230620094658250,6.67,6.66,6.6674447470077896
20230620094658260,6.67,6.66,6.6674447470077896
20230620094658970,6.67,6.66,6.667438621589212
20230620094658980,6.67,6.66,6.667438621589212
20230620094659140,6.67,6.66,6.667438621589212
20230620094701090,6.67,6.66,6.667438621589212
20230620094701100,6.67,6.66,6.667438621589212
20230620094701700,6.67,6.66,6.667438621589212
20230620094701880,6.67,6.66,6.667438621589212
20230620094703830,6.67,6.66,6.667438621589212
20230620094704530,6.67,6.66,6.667438621589212
20230620094706960,6.67,6.66,6.667438621589212
20230620094707390,6.67,6.66,6.667438621589212
20230620094709870,6.67,6.66,6.667438621589212
20230620094712030,6.67,6.66,6.667438621589212
20230620094712390,6.67,6.66,6.667438621589212
20230620094712570,6.67,6.66,6.667438621589212
20230620094712690,6.67,6.66,6.667438621589212
20230620094712850,6.67,6.66,6.667438621589212
20230620094712880,6.67,6.66,6.667438621589212
20230620094714640,6.67,6.66,6.667438621589212
20230620094717150,6.67,6.66,6.667438621589212
20230620094717550,6.67,6.66,6.667438621589212
20230620094717780,6.67,6.66,6.667438621589212
20230620094717950,6.67,6.66,6.667438621589212
20230620094719910,6.67,6.66,6.667438621589212
20230620094720260,6.67,6.66,6.667431586027155
20230620094720270,6.67,6.66,6.6674308051194755
20230620094723130,6.67,6.66,6.6674308051194755
20230620094725280,6.67,6.66,6.6674308051194755
20230620094725990,6.67,6.66,6.6674308051194755
20230620094726310,6.67,6.66,6.6674308051194755
20230620094728100,6.67,6.66,6.6674308051194755
20230620094728110,6.67,6.66,6.6674308051194755
20230620094728320,6.67,6.66,6.6674308051194755
20230620094728950,6.67,6.66,6.6674308051194755
20230620094729050,6.67,6.66,6.6674308051194755
20230620094730660,6.67,6.66,6.6674308051194755
20230620094730920,6.67,6.66,6.6674308051194755
20230620094731010,6.67,6.66,6.6674308051194755
20230620094731110,6.67,6.66,6.6674308051194755
20230620094731610,6.67,6.66,6.6674308051194755
20230620094734160,6.67,6.66,6.6674308051194755
20230620094734510,6.67,6.66,6.6674308051194755
20230620094736420,6.67,6.66,6.6674308051194755
20230620094736970,6.67,6.66,6.6674308051194755
20230620094739070,6.67,6.66,6.6674308051194755
20230620094739800,6.67,6.66,6.6674308051194755
20230620094741420,6.67,6.66,6.6674308051194755
20230620094741820,6.67,6.66,6.6674308051194755
20230620094741930,6.67,6.66,6.6674308051194755
20230620094742120,6.67,6.66,6.6674308051194755
20230620094742600,6.67,6.66,6.6674308051194755
20230620094745040,6.67,6.66,6.6674308051194755
20230620094746750,6.67,6.66,6.6674308051194755
20230620094746780,6.67,6.66,6.6674308051194755
20230620094749780,6.67,6.66,6.6674308051194755
20230620094749870,6.67,6.66,6.6674308051194755
20230620094750060,6.67,6.66,6.6674308051194755
20230620094752350,6.67,6.66,6.667201624472148
20230620094752400,6.67,6.66,6.667201624472148
20230620094752660,6.67,6.66,6.66719072788896
20230620094752840,6.67,6.66,6.667186378483003
20230620094753000,6.67,6.66,6.667186378483003
20230620094753260,6.67,6.66,6.667186378483003
20230620094754920,6.67,6.66,6.667186378483003
20230620094755080,6.67,6.66,6.667186378483003
20230620094755100,6.67,6.66,6.667186378483003
20230620094755340,6.67,6.66,6.667186378483003
20230620094755450,6.67,6.66,6.667186378483003
20230620094755830,6.67,6.66,6.667186378483003
20230620094757800,6.67,6.66,6.667186378483003
20230620094758080,6.67,6.66,6.6671945801419294
20230620094758090,6.67,6.66,6.667281740620982
20230620094758110,6.67,6.66,6.667281740620982
20230620094758120,6.67,6.66,6.667281740620982
20230620094758130,6.67,6.66,6.667281740620982
20230620094758430,6.67,6.66,6.6673912474529375
20230620094758490,6.67,6.66,6.6673912474529375
20230620094758720,6.67,6.66,6.6673912474529375
20230620094800240,6.67,6.66,6.6673912474529375
20230620094800760,6.67,6.66,6.66747343073887
20230620094800800,6.67,6.66,6.667475944147013
20230620094800820,6.67,6.66,6.6674115980490605
20230620094800860,6.67,6.66,6.667413453268349
20230620094800880,6.67,6.66,6.667415305830111
20230620094801030,6.67,6.66,6.667416462334223
20230620094801080,6.68,6.67,6.667541220957961
20230620094801090,6.68,6.67,6.667541220957961
20230620094801100,6.68,6.67,6.667541220957961
20230620094801110,6.68,6.67,6.667541220957961
20230620094801120,6.68,6.67,6.667541220957961
20230620094801170,6.68,6.67,6.667541220957961
20230620094801180,6.68,6.67,6.667541220957961
20230620094801200,6.68,6.67,6.667541220957961
20230620094803370,6.68,6.67,6.667541220957961
20230620094803380,6.68,6.67,6.667541220957961
20230620094803440,6.68,6.67,6.667541220957961
20230620094803790,6.68,6.67,6.667541220957961
20230620094804070,6.68,6.67,6.667541220957961
20230620094804080,6.68,6.67,6.667541220957961
20230620094804190,6.68,6.67,6.667541220957961
20230620094805680,6.68,6.67,6.667541220957961
20230620094805870,6.68,6.67,6.667541220957961
20230620094806000,6.68,6.67,6.667565489024328
20230620094806020,6.68,6.67,6.667565489024328
20230620094806090,6.68,6.67,6.667565489024328
20230620094806230,6.68,6.67,6.667565489024328
20230620094806470,6.68,6.67,6.667565489024328
20230620094808420,6.68,6.67,6.667565489024328
20230620094808800,6.68,6.67,6.667576214859778
20230620094809560,6.68,6.67,6.667576214859778
20230620094809580,6.68,6.67,6.667576214859778
20230620094815010,6.68,6.67,6.667576214859778
20230620094816900,6.68,6.67,6.667576214859778
20230620094817490,6.68,6.67,6.667576214859778
20230620094819960,6.68,6.67,6.667576214859778
20230620094821960,6.68,6.67,6.667576214859778
20230620094822080,6.68,6.67,6.667576214859778
20230620094822160,6.68,6.67,6.667576214859778
20230620094822390,6.68,6.67,6.667576214859778
20230620094822420,6.68,6.67,6.667576214859778
20230620094824890,6.68,6.67,6.667576214859778
20230620094825140,6.67,6.67,6.667576214859778
20230620094825490,6.67,6.67,6.667576214859778
20230620094827810,6.67,6.67,6.667576214859778
20230620094828080,6.67,6.67,6.667576214859778
20230620094828090,6.67,6.67,6.667576214859778
20230620094829990,6.67,6.67,6.667576214859778
20230620094830880,6.67,6.67,6.667576214859778
20230620094831070,6.67,6.67,6.667576214859778
20230620094831080,6.67,6.67,6.667576214859778
20230620094833010,6.67,6.67,6.667576214859778
20230620094833170,6.67,6.67,6.667576214859778
20230620094833900,6.67,6.67,6.667576214859778
20230620094835490,6.67,6.67,6.667576214859778
20230620094835750,6.67,6.67,6.667576214859778
20230620094835900,6.67,6.67,6.667576214859778
20230620094836100,6.67,6.67,6.667576214859778
20230620094838050,6.67,6.67,6.667576214859778
20230620094840760,6.67,6.67,6.667576214859778
20230620094843520,6.67,6.67,6.667576214859778
20230620094843630,6.67,6.67,6.667576214859778
20230620094847030,6.67,6.67,6.667576214859778
20230620094847050,6.68,6.67,6.667576214859778
20230620094847080,6.68,6.67,6.667576214859778
20230620094847090,6.68,6.67,6.667576214859778
20230620094847140,6.68,6.67,6.667576214859778
20230620094847260,6.68,6.67,6.667576214859778
20230620094849000,6.68,6.67,6.667576214859778
20230620094849160,6.68,6.67,6.667576214859778
20230620094849200,6.68,6.67,6.667576214859778
20230620094851960,6.68,6.67,6.667576214859778
20230620094852040,6.67,6.67,6.667576214859778
20230620094852120,6.67,6.67,6.667576214859778
20230620094852220,6.67,6.67,6.667576214859778
20230620094852380,6.67,6.67,6.667576214859778
20230620094855090,6.67,6.67,6.667576214859778
20230620094855200,6.67,6.67,6.667576214859778
20230620094856960,6.67,6.67,6.667576214859778
20230620094857720,6.67,6.67,6.667576214859778
20230620094858080,6.67,6.67,6.667576214859778
20230620094858120,6.68,6.67,6.667576214859778
20230620094859780,6.68,6.67,6.667576214859778
20230620094900380,6.68,6.67,6.667576214859778
20230620094902570,6.67,6.67,6.667576214859778
20230620094902830,6.67,6.67,6.667576214859778
20230620094903420,6.67,6.67,6.667594728998878
20230620094903570,6.67,6.67,6.667594728998878
20230620094905290,6.67,6.67,6.667594728998878
20230620094908290,6.68,6.67,6.667594728998878
20230620094908370,6.68,6.67,6.667598851188886
20230620094908510,6.68,6.67,6.667598851188886
20230620094908530,6.68,6.67,6.667598851188886
20230620094908550,6.68,6.67,6.667567261964149
20230620094908660,6.68,6.67,6.667535934291581
20230620094913480,6.68,6.67,6.667535934291581
20230620094913710,6.68,6.67,6.667535934291581
20230620094913850,6.68,6.67,6.667535934291581
20230620094914010,6.68,6.67,6.667535934291581
20230620094914100,6.68,6.67,6.667534471057554
20230620094914220,6.68,6.67,6.667534471057554
20230620094916350,6.67,6.67,6.667534471057554
20230620094916420,6.67,6.67,6.667534471057554
20230620094916720,6.67,6.67,6.667534471057554
20230620094918650,6.67,6.67,6.667534471057554
20230620094919290,6.67,6.67,6.667534471057554
20230620094919360,6.67,6.67,6.667534471057554
20230620094921250,6.67,6.67,6.667534471057554
20230620094921350,6.67,6.67,6.667534471057554
20230620094921420,6.67,6.67,6.667534471057554
20230620094921690,6.67,6.67,6.667534471057554
20230620094921940,6.67,6.67,6.667534471057554
20230620094921970,6.67,6.67,6.667534471057554
20230620094922050,6.67,6.67,6.667534471057554
20230620094924020,6.67,6.67,6.667534471057554
20230620094924040,6.67,6.67,6.667534471057554
20230620094924110,6.67,6.67,6.667534471057554
20230620094924440,6.67,6.67,6.667534471057554
20230620094924480,6.67,6.67,6.667534471057554
20230620094924490,6.67,6.67,6.667534471057554
20230620094924570,6.67,6.67,6.667534471057554
20230620094924590,6.67,6.67,6.667534471057554
20230620094924960,6.67,6.67,6.667534471057554
20230620094929700,6.67,6.67,6.667534471057554
20230620094930530,6.67,6.67,6.667534471057554
20230620094932840,6.67,6.67,6.667534471057554
20230620094935260,6.67,6.67,6.667534471057554
20230620094935880,6.67,6.67,6.667534471057554
20230620094938070,6.67,6.67,6.667534471057554
20230620094938300,6.67,6.67,6.667534471057554
20230620094940210,6.67,6.67,6.667534471057554
20230620094943180,6.67,6.67,6.667534471057554
20230620094945830,6.67,6.67,6.667533813948874
20230620094946190,6.67,6.67,6.667533813948874
20230620094946340,6.67,6.67,6.667533813948874
20230620094946430,6.67,6.67,6.667533813948874
20230620094946460,6.67,6.67,6.667533813948874
20230620094948560,6.67,6.67,6.667533813948874
20230620094948930,6.67,6.67,6.667411871878711
20230620094948970,6.67,6.67,6.667411871878711
20230620094949000,6.67,6.67,6.667411871878711
20230620094951100,6.67,6.67,6.667411871878711
20230620094951700,6.67,6.67,6.667411871878711
20230620094951790,6.67,6.67,6.667411871878711
20230620094951920,6.67,6.67,6.667411871878711
20230620094954300,6.67,6.67,6.667411871878711
20230620094954760,6.67,6.66,6.667083922714625
20230620094954780,6.67,6.66,6.667083922714625
20230620094954790,6.67,6.66,6.667083922714625
20230620094954800,6.67,6.66,6.667083922714625
20230620094954810,6.67,6.66,6.667056500936779
20230620094954820,6.67,6.66,6.6669990631671086
20230620094956500,6.67,6.66,6.6669990631671086
20230620094956740,6.67,6.66,6.6669990631671086
20230620094957060,6.67,6.66,6.6669990631671086
20230620094957510,6.67,6.66,6.6669990631671086
20230620094957520,6.67,6.66,6.6669990631671086
20230620094959230,6.67,6.66,6.6669990631671086
20230620095000090,6.67,6.66,6.6669990631671086
20230620095002020,6.67,6.66,6.6669990631671086
20230620095002100,6.68,6.66,6.667174994216978
20230620095002110,6.68,6.67,6.667175094277975
20230620095002130,6.67,6.66,6.6671859788588375
20230620095002140,6.67,6.66,6.6671859788588375
20230620095002150,6.67,6.66,6.6671859788588375
20230620095002160,6.67,6.66,6.6671859788588375
20230620095002180,6.67,6.66,6.6671859788588375
20230620095002810,6.67,6.66,6.6671859788588375
20230620095002820,6.67,6.66,6.667186181472574
20230620095004550,6.68,6.66,6.667201593401832
20230620095005150,6.68,6.67,6.667212173698413
20230620095005160,6.68,6.67,6.667212173698413
20230620095005180,6.68,6.67,6.667212173698413
20230620095005410,6.68,6.67,6.667212173698413
20230620095008030,6.68,6.67,6.667212173698413
20230620095008040,6.68,6.67,6.667212173698413
20230620095008070,6.68,6.67,6.667212173698413
20230620095008150,6.68,6.67,6.667212173698413
20230620095012700,6.68,6.67,6.667212173698413
20230620095012970,6.68,6.67,6.667212173698413
20230620095016260,6.68,6.67,6.667212173698413
20230620095018120,6.68,6.67,6.667212173698413
20230620095018240,6.68,6.67,6.667212173698413
20230620095018280,6.68,6.67,6.667212173698413
20230620095018310,6.68,6.67,6.667212173698413
20230620095018380,6.68,6.67,6.667212173698413
20230620095019070,6.68,6.67,6.667234408256524
20230620095019190,6.68,6.67,6.667234408256524
20230620095021020,6.68,6.67,6.667234408256524
20230620095021030,6.68,6.67,6.667234408256524
20230620095021720,6.68,6.67,6.667234408256524
20230620095023340,6.68,6.67,6.667234408256524
20230620095023440,6.68,6.67,6.667234408256524
20230620095023680,6.68,6.67,6.667234408256524
20230620095024020,6.68,6.67,6.667234408256524
20230620095029530,6.68,6.67,6.667234408256524
20230620095029810,6.68,6.67,6.667234408256524
20230620095029950,6.68,6.67,6.667234408256524
20230620095029980,6.68,6.67,6.667234408256524
20230620095032020,6.68,6.67,6.667234408256524
20230620095032060,6.68,6.67,6.667234408256524
20230620095032330,6.68,6.67,6.667234408256524
20230620095032520,6.68,6.67,6.667234408256524
20230620095035150,6.68,6.67,6.667234408256524
20230620095035260,6.68,6.67,6.667234408256524
20230620095037170,6.68,6.67,6.667234408256524
20230620095037650,6.68,6.67,6.667234408256524
20230620095040030,6.68,6.67,6.667234408256524
20230620095040080,6.68,6.67,6.667234408256524
20230620095043080,6.68,6.66,6.667265323442709
20230620095043350,6.68,6.66,6.667265323442709
20230620095043380,6.68,6.67,6.667265323442709
20230620095044960,6.68,6.67,6.667265323442709
20230620095045040,6.68,6.67,6.667265323442709
20230620095045050,6.68,6.67,6.667265323442709
20230620095045230,6.68,6.67,6.667265323442709
20230620095045280,6.68,6.67,6.667265323442709
20230620095045660,6.68,6.67,6.667265323442709
20230620095047630,6.68,6.67,6.667265323442709
20230620095047800,6.68,6.67,6.667265323442709
20230620095048770,6.68,6.67,6.667265323442709
20230620095048780,6.68,6.67,6.667265323442709
20230620095050970,6.68,6.67,6.667265323442709
20230620095050980,6.68,6.67,6.667265323442709
20230620095051420,6.68,6.66,6.667265323442709
20230620095051440,6.68,6.67,6.667265323442709
20230620095053110,6.68,6.67,6.667265323442709
20230620095053590,6.68,6.67,6.667265323442709
20230620095056000,6.68,6.67,6.667265323442709
20230620095056060,6.68,6.66,6.667265323442709
20230620095056080,6.68,6.66,6.667265323442709
20230620095056310,6.68,6.66,6.667265323442709
20230620095056350,6.68,6.66,6.667265323442709
20230620095059270,6.68,6.66,6.667265323442709
20230620095059290,6.68,6.66,6.667265323442709
20230620095101290,6.68,6.66,6.667265323442709
20230620095101720,6.68,6.66,6.667265323442709
20230620095101800,6.68,6.66,6.667265323442709
20230620095104410,6.68,6.66,6.667265323442709
20230620095107460,6.68,6.66,6.667265323442709
20230620095109960,6.68,6.66,6.667265323442709
20230620095110120,6.68,6.67,6.667265323442709
20230620095110270,6.68,6.67,6.667265323442709
20230620095112470,6.68,6.67,6.667265323442709
20230620095113100,6.68,6.67,6.667265323442709
20230620095115210,6.68,6.67,6.667265323442709
20230620095117400,6.68,6.67,6.667265323442709
20230620095120070,6.68,6.67,6.667265323442709
20230620095120310,6.68,6.67,6.667265323442709
20230620095120580,6.68,6.67,6.667265323442709
20230620095123050,6.68,6.67,6.667265323442709
20230620095123240,6.68,6.67,6.667265323442709
20230620095123920,6.68,6.67,6.667265323442709
20230620095126020,6.68,6.67,6.667265323442709
20230620095126590,6.68,6.67,6.667265323442709
20230620095128280,6.68,6.67,6.667265323442709
20230620095128410,6.68,6.67,6.667265323442709
20230620095128740,6.68,6.67,6.667265323442709
