Timestamp,ask1,bid1,VWAP
20230816093000030,6.56,6.53,6.55
20230816093000040,6.56,6.53,6.55
20230816093000050,6.56,6.53,6.55
20230816093000080,6.56,6.53,6.55
20230816093000100,6.56,6.54,6.55
20230816093000290,6.55,6.54,6.55
20230816093000320,6.54,6.54,6.55
20230816093000330,6.54,6.54,6.55
20230816093000340,6.54,6.54,6.55
20230816093000360,6.54,6.54,6.55
20230816093000380,6.54,6.54,6.55
20230816093000390,6.54,6.54,6.55
20230816093000450,6.54,6.54,6.55
20230816093000490,6.54,6.54,6.55
20230816093000510,6.54,6.54,6.55
20230816093000520,6.54,6.54,6.55
20230816093000530,6.55,6.54,6.5498979591836735
20230816093000550,6.55,6.54,6.5498979591836735
20230816093000560,6.55,6.54,6.5498979591836735
20230816093000590,6.55,6.54,6.5498979591836735
20230816093000600,6.55,6.54,6.5498979591836735
20230816093000610,6.55,6.54,6.5498979591836735
20230816093001270,6.53,6.54,6.5498979591836735
20230816093001310,6.53,6.54,6.5498979591836735
20230816093001330,6.53,6.54,6.5498979591836735
20230816093001370,6.53,6.54,6.5498979591836735
20230816093001400,6.53,6.54,6.5498979591836735
20230816093001410,6.53,6.54,6.5498979591836735
20230816093001450,6.53,6.54,6.5498979591836735
20230816093001460,6.54,6.52,6.5498979591836735
20230816093001490,6.54,6.52,6.5498979591836735
20230816093001520,6.54,6.52,6.5498979591836735
20230816093001540,6.54,6.52,6.5498979591836735
20230816093001570,6.54,6.52,6.5498979591836735
20230816093001610,6.54,6.52,6.5498979591836735
20230816093001640,6.54,6.52,6.5498979591836735
20230816093001650,6.54,6.52,6.5498979591836735
20230816093001680,6.54,6.66,6.5498979591836735
20230816093001690,6.54,6.66,6.5498979591836735
20230816093001700,6.54,6.66,6.5498979591836735
20230816093001760,6.54,6.66,6.5498979591836735
20230816093001780,6.54,6.66,6.5498979591836735
20230816093001800,6.54,6.66,6.5498979591836735
20230816093001820,6.54,6.66,6.5498979591836735
20230816093001830,6.54,6.66,6.5498979591836735
20230816093001930,6.54,6.66,6.5498979591836735
20230816093001960,6.54,6.66,6.5498979591836735
20230816093001970,6.54,6.66,6.5498979591836735
20230816093001980,6.54,6.66,6.5498979591836735
20230816093003400,6.54,6.54,6.5498979591836735
20230816093003590,6.53,6.54,6.5498979591836735
20230816093003630,6.53,6.54,6.5498979591836735
20230816093003660,6.53,6.54,6.5498979591836735
20230816093003730,6.53,6.54,6.5498979591836735
20230816093003740,6.53,6.54,6.5498979591836735
20230816093003920,6.53,6.54,6.5498979591836735
20230816093003950,6.53,6.54,6.5498979591836735
20230816093004130,6.52,6.52,6.5498979591836735
20230816093004140,6.52,6.52,6.5392528735632185
20230816093004160,6.52,6.52,6.5392528735632185
20230816093004300,6.52,6.52,6.5392528735632185
20230816093004310,6.52,6.52,6.5392528735632185
20230816093004400,6.52,6.52,6.5392528735632185
20230816093004590,6.52,6.52,6.5392528735632185
20230816093004620,6.52,6.52,6.5392528735632185
20230816093004780,6.52,6.52,6.5392528735632185
20230816093004810,6.52,6.52,6.5392528735632185
20230816093004820,6.52,6.52,6.5392528735632185
20230816093004980,6.52,6.52,6.5392528735632185
20230816093005090,6.52,6.52,6.5392528735632185
20230816093008600,6.51,6.52,6.5392528735632185
20230816093008710,6.51,6.52,6.5392528735632185
20230816093008820,6.51,6.52,6.5392528735632185
20230816093008900,6.51,6.52,6.5392528735632185
20230816093009140,6.51,6.52,6.5392528735632185
20230816093009150,6.52,6.51,6.532
20230816093009160,6.52,6.51,6.5297752808988765
20230816093009170,6.52,6.51,6.52934065934066
20230816093009260,6.52,6.51,6.52934065934066
20230816093009280,6.52,6.51,6.52934065934066
20230816093009340,6.51,6.51,6.52934065934066
20230816093009360,6.52,6.51,6.52934065934066
20230816093009410,6.52,6.51,6.52934065934066
20230816093009550,6.5,6.51,6.52934065934066
20230816093009590,6.5,6.51,6.52934065934066
20230816093009600,6.5,6.51,6.52934065934066
20230816093009960,6.5,6.51,6.52934065934066
20230816093010090,6.5,6.51,6.525014836795252
20230816093010150,6.51,6.51,6.524293785310735
20230816093010200,6.51,6.51,6.524293785310735
20230816093010250,6.51,6.51,6.523977900552486
20230816093010390,6.51,6.51,6.523246073298429
20230816093010400,6.51,6.51,6.522875318066157
20230816093010430,6.51,6.51,6.522875318066157
20230816093010780,6.51,6.51,6.522875318066157
20230816093010800,6.51,6.51,6.522713567839196
20230816093010880,6.51,6.51,6.522713567839196
20230816093010890,6.51,6.51,6.5226
20230816093010900,6.51,6.51,6.522543640897756
20230816093013290,6.51,6.51,6.5224317617866
20230816093013320,6.51,6.51,6.520121212121212
20230816093013550,6.51,6.51,6.520121212121212
20230816093013620,6.51,6.51,6.520040241448692
20230816093013700,6.51,6.51,6.520040241448692
20230816093014230,6.51,6.51,6.520040241448692
20230816093014320,6.51,6.51,6.520040241448692
20230816093014400,6.51,6.51,6.520040241448692
20230816093016040,6.51,6.51,6.520040241448692
20230816093016120,6.51,6.51,6.520040241448692
20230816093016150,6.51,6.51,6.520040241448692
20230816093016290,6.51,6.51,6.520040241448692
20230816093016310,6.51,6.51,6.520040241448692
20230816093016640,6.51,6.51,6.520040241448692
20230816093016660,6.51,6.51,6.520040241448692
20230816093016940,6.51,6.51,6.520040241448692
20230816093018990,6.5,6.51,6.520040241448692
20230816093019070,6.51,6.51,6.5183639705882355
20230816093019140,6.51,6.51,6.5183639705882355
20230816093019330,6.51,6.51,6.5183639705882355
20230816093021650,6.51,6.51,6.5183639705882355
20230816093021700,6.51,6.51,6.5183639705882355
20230816093022060,6.51,6.51,6.5183639705882355
20230816093022090,6.51,6.51,6.5183639705882355
20230816093022100,6.51,6.51,6.5183639705882355
20230816093022200,6.51,6.51,6.5183639705882355
20230816093022290,6.51,6.51,6.5183639705882355
20230816093024930,6.51,6.51,6.5183639705882355
20230816093025100,6.51,6.51,6.5183639705882355
20230816093025130,6.51,6.51,6.5183639705882355
20230816093025180,6.51,6.51,6.5183639705882355
20230816093025220,6.51,6.51,6.5183639705882355
20230816093025280,6.51,6.51,6.5183639705882355
20230816093026880,6.51,6.51,6.5183639705882355
20230816093027390,6.51,6.51,6.5183639705882355
20230816093027530,6.51,6.51,6.5183639705882355
20230816093027540,6.51,6.51,6.5183639705882355
20230816093027550,6.51,6.51,6.5183639705882355
20230816093027560,6.5,6.51,6.5183639705882355
20230816093027650,6.51,6.51,6.5183639705882355
20230816093027690,6.51,6.51,6.5183639705882355
20230816093027730,6.51,6.51,6.5183639705882355
20230816093030190,6.51,6.51,6.5183639705882355
20230816093030600,6.51,6.51,6.5183639705882355
20230816093030610,6.51,6.51,6.5183639705882355
20230816093030620,6.51,6.51,6.5183639705882355
20230816093032590,6.51,6.51,6.5183639705882355
20230816093032790,6.51,6.51,6.5183639705882355
20230816093033040,6.51,6.51,6.5183639705882355
20230816093033110,6.51,6.51,6.5183639705882355
20230816093033150,6.51,6.51,6.5183639705882355
20230816093033410,6.51,6.51,6.5183639705882355
20230816093035200,6.51,6.51,6.5183639705882355
20230816093035240,6.5,6.51,6.5183639705882355
20230816093035270,6.5,6.51,6.5183639705882355
20230816093035280,6.5,6.51,6.5183639705882355
20230816093035410,6.5,6.51,6.5183639705882355
20230816093036090,6.5,6.51,6.512179176755448
20230816093038120,6.5,6.51,6.512179176755448
20230816093038380,6.5,6.51,6.512179176755448
20230816093038390,6.5,6.51,6.512179176755448
20230816093038430,6.5,6.51,6.512179176755448
20230816093038460,6.51,6.51,6.512179176755448
20230816093038500,6.51,6.51,6.512179176755448
20230816093038520,6.5,6.51,6.512179176755448
20230816093038530,6.51,6.51,6.511947743467934
20230816093038800,6.51,6.51,6.511947743467934
20230816093038810,6.51,6.51,6.511947743467934
20230816093040390,6.51,6.51,6.511849234393404
20230816093040440,6.51,6.51,6.511849234393404
20230816093040690,6.51,6.51,6.511711292200233
20230816093040770,6.5,6.51,6.511711292200233
20230816093041160,6.5,6.51,6.511711292200233
20230816093041200,6.5,6.51,6.511711292200233
20230816093041330,6.5,6.51,6.511711292200233
20230816093041440,6.5,6.51,6.511711292200233
20230816093041470,6.5,6.51,6.511711292200233
20230816093041480,6.5,6.51,6.511711292200233
20230816093043120,6.5,6.51,6.511711292200233
20230816093043170,6.5,6.51,6.511697674418604
20230816093043200,6.5,6.51,6.511697674418604
20230816093043410,6.5,6.51,6.511647331786543
20230816093043600,6.5,6.51,6.511647331786543
20230816093043800,6.5,6.51,6.511647331786543
20230816093045760,6.5,6.51,6.511647331786543
20230816093045980,6.5,6.51,6.511647331786543
20230816093046730,6.5,6.51,6.511647331786543
20230816093046940,6.5,6.51,6.511647331786543
20230816093048560,6.5,6.49,6.511647331786543
20230816093048660,6.5,6.49,6.511647331786543
20230816093048710,6.5,6.49,6.511647331786543
20230816093049050,6.5,6.49,6.511647331786543
20230816093049090,6.5,6.5,6.511647331786543
20230816093049120,6.5,6.49,6.510367567567568
20230816093049150,6.5,6.49,6.510367567567568
20230816093049200,6.5,6.49,6.510367567567568
20230816093051260,6.5,6.49,6.510367567567568
20230816093051320,6.5,6.49,6.510367567567568
20230816093051530,6.5,6.49,6.510367567567568
20230816093051710,6.5,6.49,6.510367567567568
20230816093052080,6.5,6.49,6.510367567567568
20230816093052090,6.5,6.49,6.510367567567568
20230816093054090,6.5,6.49,6.510367567567568
20230816093054100,6.5,6.5,6.510367567567568
20230816093054250,6.5,6.5,6.510367567567568
20230816093054450,6.5,6.5,6.510367567567568
20230816093054530,6.5,6.5,6.510367567567568
20230816093054740,6.5,6.5,6.510367567567568
20230816093055010,6.5,6.5,6.510367567567568
20230816093056830,6.5,6.5,6.510367567567568
20230816093056970,6.5,6.5,6.510127118644068
20230816093056990,6.5,6.5,6.510127118644068
20230816093057000,6.5,6.5,6.510127118644068
20230816093057100,6.5,6.5,6.510127118644068
20230816093057280,6.5,6.5,6.510127118644068
20230816093057560,6.5,6.5,6.510127118644068
20230816093059430,6.5,6.5,6.510127118644068
20230816093100060,6.5,6.5,6.510127118644068
20230816093100180,6.5,6.5,6.510127118644068
20230816093100190,6.5,6.5,6.510127118644068
20230816093102010,6.5,6.5,6.510127118644068
20230816093102220,6.5,6.5,6.510127118644068
20230816093102780,6.5,6.5,6.51006309148265
20230816093103040,6.5,6.5,6.51006309148265
20230816093103160,6.5,6.5,6.51006309148265
20230816093104700,6.5,6.5,6.509745417515275
20230816093105030,6.5,6.5,6.509745417515275
20230816093105040,6.5,6.5,6.509745417515275
20230816093105390,6.5,6.5,6.509745417515275
20230816093105400,6.5,6.5,6.509745417515275
20230816093105680,6.5,6.5,6.509745417515275
20230816093105850,6.5,6.5,6.509745417515275
20230816093108430,6.5,6.5,6.509745417515275
20230816093110070,6.5,6.5,6.509745417515275
20230816093110080,6.5,6.5,6.509745417515275
20230816093110090,6.5,6.5,6.509745417515275
20230816093110140,6.5,6.5,6.509745417515275
20230816093110500,6.5,6.5,6.509745417515275
20230816093110880,6.5,6.5,6.509745417515275
20230816093111190,6.5,6.5,6.509745417515275
20230816093112950,6.5,6.5,6.509745417515275
20230816093112970,6.5,6.5,6.509745417515275
20230816093113020,6.5,6.5,6.509745417515275
20230816093113070,6.5,6.5,6.509745417515275
20230816093113080,6.5,6.5,6.5094664031620555
20230816093113090,6.5,6.5,6.509419862340216
20230816093113100,6.5,6.5,6.509419862340216
20230816093113230,6.5,6.5,6.509419862340216
20230816093113250,6.5,6.5,6.509419862340216
20230816093113390,6.5,6.5,6.509419862340216
20230816093113420,6.5,6.5,6.509419862340216
20230816093113690,6.5,6.5,6.509419862340216
20230816093115970,6.5,6.5,6.509419862340216
20230816093116080,6.5,6.5,6.50931906614786
20230816093116180,6.5,6.5,6.50931906614786
20230816093116190,6.5,6.5,6.509310009718173
20230816093116340,6.5,6.5,6.509310009718173
20230816093118380,6.5,6.5,6.509310009718173
20230816093118430,6.5,6.5,6.509310009718173
20230816093118790,6.5,6.5,6.50929194956353
20230816093118880,6.5,6.5,6.50929194956353
20230816093118900,6.5,6.5,6.509282945736434
20230816093118910,6.5,6.5,6.509193857965451
20230816093118920,6.5,6.5,6.509097815764482
20230816093119070,6.5,6.5,6.509097815764482
20230816093119110,6.5,6.5,6.508344947735192
20230816093119120,6.51,6.5,6.508344947735192
20230816093119130,6.51,6.5,6.508344947735192
20230816093119160,6.51,6.5,6.508344947735192
20230816093121110,6.51,6.5,6.508344947735192
20230816093121170,6.51,6.5,6.508344947735192
20230816093123680,6.51,6.5,6.508344947735192
20230816093124470,6.51,6.5,6.508344947735192
20230816093126400,6.51,6.5,6.508344947735192
20230816093129040,6.51,6.5,6.508344947735192
20230816093129320,6.5,6.5,6.508344947735192
20230816093129540,6.5,6.5,6.508344947735192
20230816093130110,6.5,6.5,6.508344947735192
20230816093131740,6.5,6.5,6.508344947735192
20230816093132080,6.5,6.5,6.508344947735192
20230816093132110,6.5,6.5,6.508344947735192
20230816093132560,6.5,6.49,6.506555209953344
20230816093132590,6.5,6.49,6.505517492711371
20230816093132700,6.5,6.49,6.505517492711371
20230816093132740,6.5,6.48,6.503905943827563
20230816093132790,6.5,6.48,6.503905943827563
20230816093134510,6.5,6.48,6.503905943827563
20230816093134660,6.5,6.48,6.503793324775353
20230816093135390,6.51,6.48,6.5037076537013805
20230816093135400,6.5,6.48,6.5037076537013805
20230816093137070,6.5,6.48,6.5037076537013805
20230816093137080,6.5,6.48,6.5037076537013805
20230816093137090,6.5,6.48,6.5037076537013805
20230816093137110,6.49,6.48,6.5037076537013805
20230816093137160,6.49,6.48,6.503536285362854
20230816093137170,6.49,6.48,6.503536285362854
20230816093137370,6.49,6.48,6.503461773700306
20230816093137840,6.49,6.49,6.503461773700306
20230816093140320,6.49,6.49,6.503461773700306
20230816093140780,6.49,6.48,6.503023668639053
20230816093140790,6.49,6.48,6.503023668639053
20230816093140890,6.49,6.48,6.502954679223072
20230816093140900,6.49,6.48,6.50287134502924
20230816093142450,6.49,6.48,6.50287134502924
20230816093142570,6.49,6.48,6.50287134502924
20230816093142610,6.49,6.48,6.50287134502924
20230816093142630,6.49,6.48,6.50287134502924
20230816093142790,6.49,6.48,6.50287134502924
20230816093142820,6.49,6.48,6.50287134502924
20230816093143080,6.49,6.49,6.50287134502924
20230816093143100,6.49,6.49,6.50287134502924
20230816093143190,6.49,6.49,6.50287134502924
20230816093143210,6.49,6.49,6.50287134502924
20230816093143320,6.49,6.49,6.50287134502924
20230816093143490,6.49,6.5,6.502609937178755
20230816093143500,6.5,6.5,6.502530454042082
20230816093143510,6.5,6.49,6.50247830802603
20230816093143520,6.5,6.49,6.50247830802603
20230816093143560,6.5,6.49,6.50247830802603
20230816093143580,6.5,6.49,6.50247830802603
20230816093143590,6.5,6.49,6.50247830802603
20230816093145140,6.5,6.49,6.50247830802603
20230816093145410,6.5,6.49,6.50247830802603
20230816093145720,6.5,6.49,6.50247830802603
20230816093145920,6.5,6.49,6.50247830802603
20230816093146120,6.5,6.49,6.50247830802603
20230816093148030,6.5,6.49,6.50247830802603
20230816093148320,6.5,6.49,6.50247830802603
20230816093149000,6.5,6.49,6.50247830802603
20230816093150570,6.5,6.49,6.50247830802603
20230816093150700,6.5,6.49,6.502471606273661
20230816093151100,6.5,6.49,6.502471606273661
20230816093151480,6.5,6.49,6.502471606273661
20230816093151510,6.5,6.49,6.502471606273661
20230816093151540,6.5,6.49,6.502471606273661
20230816093153460,6.5,6.49,6.502471606273661
20230816093153670,6.5,6.49,6.502471606273661
20230816093154310,6.5,6.49,6.502471606273661
20230816093154410,6.5,6.49,6.502471606273661
20230816093156600,6.5,6.49,6.502471606273661
20230816093159200,6.5,6.49,6.502471606273661
20230816093159350,6.5,6.49,6.502471606273661
20230816093201640,6.5,6.49,6.502471606273661
20230816093201880,6.5,6.49,6.502471606273661
20230816093202050,6.5,6.49,6.502471606273661
20230816093202470,6.5,6.49,6.502471606273661
20230816093204160,6.5,6.49,6.502471606273661
20230816093204170,6.5,6.49,6.502471606273661
20230816093204430,6.5,6.49,6.502471606273661
20230816093207170,6.5,6.49,6.502471606273661
20230816093207180,6.5,6.49,6.502389937106918
20230816093207420,6.5,6.49,6.502389937106918
20230816093207430,6.5,6.5,6.502389937106918
20230816093207450,6.5,6.5,6.502372528616025
20230816093207840,6.5,6.49,6.502371294851794
20230816093209660,6.5,6.49,6.502371294851794
20230816093210090,6.51,6.49,6.502371294851794
20230816093210140,6.52,6.51,6.503470927652019
20230816093210190,6.52,6.51,6.503470927652019
20230816093210210,6.52,6.51,6.503470927652019
20230816093210310,6.52,6.49,6.503525528169014
20230816093212350,6.52,6.49,6.503525528169014
20230816093212630,6.51,6.49,6.503525528169014
20230816093212760,6.51,6.49,6.503525528169014
20230816093212830,6.51,6.49,6.503525528169014
20230816093212850,6.51,6.5,6.503525528169014
20230816093213030,6.51,6.49,6.503525528169014
20230816093213070,6.51,6.49,6.503525528169014
20230816093213080,6.5,6.49,6.503247068338051
20230816093213130,6.5,6.49,6.503247068338051
20230816093213160,6.5,6.49,6.503247068338051
20230816093213180,6.5,6.49,6.503245755860954
20230816093214870,6.5,6.5,6.503245755860954
20230816093215060,6.5,6.5,6.503245755860954
20230816093215190,6.5,6.5,6.503245755860954
20230816093215450,6.51,6.5,6.503272946859903
20230816093215540,6.51,6.5,6.503272946859903
20230816093215690,6.51,6.5,6.503272946859903
20230816093216020,6.51,6.5,6.503272946859903
20230816093217710,6.51,6.5,6.503272946859903
20230816093218000,6.51,6.5,6.503272946859903
20230816093218740,6.51,6.5,6.503272946859903
20230816093220210,6.51,6.5,6.503272946859903
20230816093220350,6.51,6.5,6.503272946859903
20230816093220680,6.51,6.5,6.503272946859903
20230816093223580,6.51,6.5,6.503272946859903
20230816093223630,6.5,6.5,6.503272946859903
20230816093225710,6.5,6.5,6.503272946859903
20230816093225880,6.5,6.5,6.503272946859903
20230816093226140,6.5,6.5,6.503272946859903
20230816093226180,6.5,6.5,6.503272946859903
20230816093226390,6.5,6.5,6.503272946859903
20230816093228510,6.5,6.5,6.503272946859903
20230816093228870,6.5,6.5,6.503272946859903
20230816093229500,6.5,6.5,6.503272946859903
20230816093231070,6.5,6.5,6.503272946859903
20230816093231080,6.5,6.5,6.503250699720112
20230816093231170,6.5,6.5,6.503245508982036
20230816093231330,6.5,6.5,6.503245508982036
20230816093231370,6.5,6.5,6.503245508982036
20230816093231690,6.5,6.5,6.503245508982036
20230816093236470,6.5,6.5,6.503245508982036
20230816093236630,6.5,6.5,6.503245508982036
20230816093236660,6.5,6.5,6.503245508982036
20230816093237080,6.5,6.5,6.503245508982036
20230816093237200,6.5,6.5,6.503268467037331
20230816093237460,6.5,6.5,6.503268467037331
20230816093237470,6.51,6.5,6.5033136094674555
20230816093237530,6.51,6.5,6.5033136094674555
20230816093237570,6.51,6.5,6.5033136094674555
20230816093237600,6.51,6.5,6.5033136094674555
20230816093239150,6.51,6.5,6.5033136094674555
20230816093239390,6.51,6.5,6.5033136094674555
20230816093239750,6.51,6.5,6.503416149068323
20230816093240120,6.51,6.5,6.503416149068323
20230816093240320,6.51,6.5,6.503416149068323
20230816093240330,6.51,6.5,6.503416149068323
20230816093240360,6.51,6.5,6.503416149068323
20230816093241930,6.51,6.5,6.503416149068323
20230816093242270,6.51,6.5,6.503416149068323
20230816093242630,6.51,6.5,6.503416149068323
20230816093242700,6.51,6.5,6.503416149068323
20230816093242750,6.51,6.5,6.5034455667789
20230816093242760,6.51,6.5,6.503437849944009
20230816093242790,6.51,6.5,6.503437849944009
20230816093244570,6.51,6.5,6.503437849944009
20230816093244740,6.51,6.5,6.503437849944009
20230816093244820,6.51,6.5,6.503437849944009
20230816093245220,6.51,6.5,6.503437849944009
20230816093245470,6.51,6.5,6.503436567164179
20230816093245660,6.51,6.5,6.503436567164179
20230816093245690,6.51,6.5,6.503411111111111
20230816093245730,6.51,6.5,6.503411111111111
20230816093247260,6.51,6.5,6.503411111111111
20230816093247480,6.51,6.5,6.503411111111111
20230816093247550,6.51,6.5,6.503411111111111
20230816093247670,6.51,6.49,6.502172757475083
20230816093247680,6.5,6.49,6.502172757475083
20230816093247690,6.5,6.49,6.502172757475083
20230816093247720,6.5,6.48,6.501284262396058
20230816093247750,6.5,6.48,6.499802283486494
20230816093247760,6.5,6.47,6.499785813630042
20230816093247770,6.5,6.48,6.499785813630042
20230816093247850,6.5,6.48,6.4992367853290185
20230816093247900,6.5,6.48,6.4992367853290185
20230816093247910,6.5,6.48,6.4992367853290185
20230816093247920,6.5,6.49,6.4992367853290185
20230816093248030,6.5,6.49,6.4992367853290185
20230816093248220,6.5,6.48,6.4992367853290185
20230816093248250,6.5,6.48,6.4992367853290185
20230816093248260,6.5,6.48,6.4992382234185735
20230816093248270,6.5,6.49,6.4992382234185735
20230816093250900,6.5,6.49,6.4992382234185735
20230816093251130,6.5,6.49,6.4992382234185735
20230816093252600,6.49,6.49,6.4992382234185735
20230816093252620,6.49,6.49,6.4992382234185735
20230816093252910,6.49,6.49,6.4992382234185735
20230816093253580,6.49,6.48,6.4992382234185735
20230816093255310,6.49,6.48,6.4992382234185735
20230816093255930,6.49,6.48,6.49919216317767
20230816093256200,6.49,6.48,6.49919216317767
20230816093258110,6.5,6.48,6.499198828852808
20230816093258840,6.5,6.48,6.499198828852808
20230816093258950,6.5,6.48,6.4992022263450835
20230816093259180,6.5,6.48,6.4992022263450835
20230816093259220,6.5,6.48,6.4992022263450835
20230816093301080,6.5,6.48,6.4992022263450835
20230816093301110,6.5,6.49,6.4992022263450835
20230816093301150,6.5,6.49,6.4992022263450835
20230816093301180,6.5,6.49,6.4992022263450835
20230816093301210,6.5,6.49,6.4992022263450835
20230816093301640,6.5,6.49,6.4992022263450835
20230816093303740,6.51,6.49,6.4992022263450835
20230816093303900,6.51,6.49,6.4992022263450835
20230816093304020,6.51,6.49,6.4992022263450835
20230816093304070,6.51,6.49,6.4992022263450835
20230816093304080,6.5,6.49,6.4992022263450835
20230816093304160,6.5,6.49,6.4992022263450835
20230816093304480,6.5,6.49,6.4992022263450835
20230816093306880,6.5,6.49,6.49919757958432
20230816093307190,6.5,6.49,6.49919757958432
20230816093307310,6.51,6.49,6.49919757958432
20230816093308860,6.51,6.49,6.49919757958432
20230816093308880,6.51,6.49,6.49919757958432
20230816093309430,6.51,6.49,6.49919757958432
20230816093311670,6.51,6.49,6.49919757958432
20230816093311700,6.51,6.49,6.49919757958432
20230816093312160,6.51,6.49,6.49919757958432
20230816093312340,6.51,6.49,6.49919757958432
20230816093312380,6.51,6.49,6.49919757958432
20230816093312440,6.51,6.49,6.49919757958432
20230816093312690,6.51,6.49,6.4991295282773
20230816093314790,6.51,6.49,6.4991295282773
20230816093314930,6.5,6.49,6.4991295282773
20230816093315140,6.5,6.49,6.4991295282773
20230816093315240,6.5,6.49,6.4991295282773
20230816093315270,6.5,6.49,6.4991295282773
20230816093317000,6.5,6.49,6.4991295282773
20230816093317340,6.49,6.48,6.499042333505421
20230816093317660,6.49,6.48,6.499042333505421
20230816093318050,6.49,6.48,6.499042333505421
20230816093318080,6.49,6.48,6.499030678009796
20230816093319610,6.49,6.5,6.499030678009796
20230816093319620,6.5,6.49,6.499030678009796
20230816093320150,6.5,6.49,6.499030678009796
20230816093320170,6.5,6.49,6.499030678009796
20230816093320220,6.5,6.49,6.499030678009796
20230816093320400,6.5,6.49,6.499030678009796
20230816093320560,6.5,6.49,6.499030678009796
20230816093320720,6.5,6.49,6.499030678009796
20230816093320800,6.5,6.49,6.499030678009796
20230816093322730,6.5,6.47,6.499030678009796
20230816093322750,6.5,6.47,6.497148114075437
20230816093322760,6.5,6.47,6.496910864141529
20230816093322780,6.49,6.47,6.496386813186813
20230816093322790,6.49,6.47,6.496386813186813
20230816093323050,6.49,6.47,6.496386813186813
20230816093323280,6.49,6.48,6.496386813186813
20230816093325080,6.49,6.47,6.496386813186813
20230816093325090,6.49,6.47,6.496386813186813
20230816093325120,6.49,6.47,6.496386813186813
20230816093325580,6.49,6.47,6.496386813186813
20230816093327850,6.49,6.47,6.496386813186813
20230816093327950,6.49,6.47,6.496386813186813
20230816093328130,6.49,6.48,6.496386813186813
20230816093328230,6.49,6.48,6.496386813186813
20230816093328380,6.49,6.48,6.496386813186813
20230816093330410,6.49,6.48,6.496386813186813
20230816093330620,6.49,6.48,6.496386813186813
20230816093330810,6.49,6.47,6.4961770449121286
20230816093331240,6.49,6.47,6.4961770449121286
20230816093333120,6.49,6.47,6.4961770449121286
20230816093333170,6.49,6.48,6.4961770449121286
20230816093333650,6.49,6.48,6.4961770449121286
20230816093333800,6.49,6.48,6.4961770449121286
20230816093333840,6.49,6.47,6.496018021883716
20230816093334140,6.49,6.48,6.496018021883716
20230816093334170,6.49,6.48,6.496018021883716
20230816093334240,6.49,6.48,6.496018021883716
20230816093335920,6.49,6.48,6.496018021883716
20230816093336180,6.49,6.48,6.496018021883716
20230816093336620,6.49,6.48,6.496018021883716
20230816093336640,6.49,6.48,6.496018021883716
20230816093336700,6.49,6.48,6.495991452991453
20230816093338520,6.49,6.48,6.495991452991453
20230816093338540,6.49,6.48,6.495991452991453
20230816093338550,6.49,6.48,6.495991452991453
20230816093339020,6.49,6.48,6.495991452991453
20230816093339520,6.49,6.48,6.495991452991453
20230816093341340,6.49,6.48,6.495991452991453
20230816093341350,6.49,6.48,6.495991452991453
20230816093341380,6.49,6.47,6.495991452991453
20230816093341400,6.49,6.47,6.495991452991453
20230816093341420,6.49,6.47,6.495991452991453
20230816093342070,6.49,6.47,6.495991452991453
20230816093343940,6.49,6.47,6.495991452991453
20230816093344730,6.49,6.47,6.495991452991453
20230816093344860,6.49,6.47,6.495991452991453
20230816093345110,6.49,6.47,6.495991452991453
20230816093346640,6.49,6.47,6.495991452991453
20230816093347560,6.49,6.47,6.495991452991453
20230816093347640,6.49,6.48,6.495991452991453
20230816093349410,6.49,6.48,6.495991452991453
20230816093349570,6.49,6.48,6.495991452991453
20230816093349630,6.49,6.48,6.495991452991453
20230816093349980,6.49,6.48,6.495991452991453
20230816093350050,6.49,6.48,6.495991452991453
20230816093350200,6.49,6.48,6.495991452991453
20230816093352030,6.49,6.48,6.495991452991453
20230816093352640,6.49,6.48,6.495991452991453
20230816093352750,6.49,6.48,6.495991452991453
20230816093352870,6.49,6.48,6.495991452991453
20230816093352890,6.49,6.48,6.495991452991453
20230816093353070,6.49,6.48,6.495991452991453
20230816093353120,6.49,6.48,6.495991452991453
20230816093354790,6.49,6.48,6.495991452991453
20230816093354990,6.49,6.48,6.495991452991453
20230816093355040,6.49,6.48,6.495991452991453
20230816093355070,6.49,6.48,6.495991452991453
20230816093355870,6.49,6.48,6.495991452991453
20230816093355900,6.49,6.48,6.495991452991453
20230816093357790,6.49,6.48,6.495991452991453
20230816093357890,6.49,6.48,6.495991452991453
20230816093358280,6.49,6.48,6.495991452991453
20230816093358450,6.49,6.48,6.495991452991453
20230816093400170,6.49,6.48,6.495991452991453
20230816093400350,6.49,6.48,6.495991452991453
20230816093400780,6.49,6.48,6.495991452991453
20230816093402800,6.49,6.48,6.495991452991453
20230816093402820,6.49,6.47,6.495991452991453
20230816093402870,6.49,6.47,6.495991452991453
20230816093402920,6.49,6.47,6.494843935203477
20230816093402940,6.49,6.48,6.494843935203477
20230816093402950,6.49,6.47,6.494692999608917
20230816093402970,6.49,6.47,6.494380861244019
20230816093403030,6.49,6.48,6.494380861244019
20230816093403060,6.49,6.48,6.494380861244019
20230816093403310,6.49,6.48,6.494380861244019
20230816093404020,6.49,6.48,6.494380861244019
20230816093405630,6.49,6.48,6.494380861244019
20230816093405740,6.49,6.48,6.494380861244019
20230816093405800,6.49,6.48,6.494380861244019
20230816093406280,6.49,6.48,6.494380861244019
20230816093406290,6.49,6.48,6.494380861244019
20230816093406340,6.49,6.48,6.494380861244019
20230816093406350,6.49,6.48,6.494380861244019
20230816093406450,6.49,6.48,6.494380861244019
20230816093406630,6.49,6.48,6.494380861244019
20230816093408240,6.49,6.48,6.494380861244019
20230816093408690,6.49,6.48,6.494380861244019
20230816093408780,6.49,6.48,6.494380861244019
20230816093408920,6.49,6.48,6.494380861244019
20230816093408980,6.49,6.48,6.494380861244019
20230816093409030,6.49,6.48,6.494380861244019
20230816093409260,6.49,6.48,6.494380861244019
20230816093410900,6.49,6.48,6.494380861244019
20230816093411640,6.49,6.48,6.494380861244019
20230816093411760,6.49,6.48,6.494380861244019
20230816093413730,6.49,6.48,6.494380861244019
20230816093413990,6.49,6.48,6.494380861244019
20230816093414040,6.49,6.48,6.494380861244019
20230816093414450,6.49,6.48,6.494380861244019
20230816093414830,6.5,6.48,6.494147187728268
20230816093414840,6.5,6.49,6.494147187728268
20230816093416280,6.5,6.49,6.494147187728268
20230816093416370,6.5,6.49,6.494147187728268
20230816093417430,6.5,6.49,6.494147187728268
20230816093419140,6.5,6.49,6.494147187728268
20230816093419600,6.5,6.49,6.494147187728268
20230816093422110,6.5,6.49,6.494147187728268
20230816093422580,6.5,6.49,6.494147187728268
20230816093422660,6.5,6.48,6.494147187728268
20230816093424390,6.5,6.49,6.494147187728268
20230816093424610,6.5,6.49,6.494147187728268
20230816093424850,6.5,6.49,6.494147187728268
20230816093425150,6.5,6.49,6.494147187728268
20230816093425590,6.5,6.49,6.494147187728268
20230816093427120,6.5,6.49,6.494147187728268
20230816093427470,6.5,6.49,6.494147187728268
20230816093428070,6.5,6.49,6.494147187728268
20230816093428240,6.5,6.49,6.494147187728268
20230816093430000,6.5,6.49,6.494147187728268
20230816093430060,6.5,6.49,6.494147187728268
20230816093430120,6.5,6.48,6.493986710963455
20230816093430190,6.5,6.48,6.493986013986014
20230816093430260,6.5,6.48,6.493986013986014
20230816093433160,6.5,6.48,6.493986013986014
20230816093433460,6.5,6.48,6.493986013986014
20230816093433530,6.5,6.49,6.493986013986014
20230816093433580,6.5,6.49,6.493986013986014
20230816093435290,6.5,6.49,6.493986013986014
20230816093435420,6.5,6.49,6.493986013986014
20230816093436020,6.5,6.49,6.493986013986014
20230816093438200,6.5,6.49,6.493986013986014
20230816093438800,6.5,6.49,6.493986013986014
20230816093438970,6.5,6.49,6.493986013986014
20230816093440580,6.49,6.49,6.493986013986014
20230816093440950,6.49,6.49,6.493986013986014
20230816093441100,6.49,6.49,6.493986013986014
20230816093441200,6.49,6.49,6.493986013986014
20230816093441320,6.49,6.49,6.493994418280132
20230816093441330,6.49,6.49,6.493994418280132
20230816093443330,6.49,6.49,6.493996512641674
20230816093443670,6.49,6.49,6.493996512641674
20230816093443780,6.49,6.49,6.493996512641674
20230816093444350,6.49,6.49,6.493996512641674
20230816093446110,6.49,6.49,6.493996512641674
20230816093446120,6.49,6.49,6.494015296367113
20230816093446450,6.49,6.49,6.494015296367113
20230816093446790,6.49,6.49,6.494015296367113
20230816093446950,6.49,6.49,6.494015296367113
20230816093447080,6.49,6.49,6.494015296367113
20230816093449010,6.49,6.49,6.4940177175612295
20230816093449140,6.49,6.49,6.4940177175612295
20230816093449200,6.49,6.49,6.4940177175612295
20230816093449330,6.49,6.49,6.4940177175612295
20230816093449710,6.49,6.49,6.4940177175612295
20230816093451490,6.49,6.49,6.4940177175612295
20230816093452220,6.49,6.49,6.4940177175612295
20230816093452630,6.49,6.49,6.4940177175612295
20230816093454470,6.49,6.49,6.4940177175612295
20230816093454740,6.49,6.49,6.4940177175612295
20230816093454860,6.49,6.49,6.4940177175612295
20230816093457110,6.49,6.5,6.4940177175612295
20230816093457150,6.49,6.49,6.4940177175612295
20230816093457160,6.49,6.49,6.4940177175612295
20230816093457170,6.49,6.49,6.4940177175612295
20230816093457690,6.49,6.49,6.4940177175612295
20230816093457940,6.49,6.49,6.4940177175612295
20230816093459620,6.49,6.49,6.4940177175612295
20230816093459670,6.5,6.5,6.4940177175612295
20230816093500520,6.5,6.49,6.494115838031779
20230816093502680,6.5,6.49,6.494115838031779
20230816093503040,6.5,6.49,6.494115838031779
20230816093503370,6.5,6.5,6.494122866894198
20230816093503420,6.5,6.5,6.494122866894198
20230816093504900,6.5,6.5,6.494122866894198
20230816093505040,6.5,6.5,6.494122866894198
20230816093505070,6.5,6.5,6.494122866894198
20230816093505280,6.5,6.5,6.494122866894198
20230816093505340,6.5,6.5,6.494122866894198
20230816093505500,6.5,6.5,6.494122866894198
20230816093505560,6.5,6.5,6.494122866894198
20230816093505660,6.5,6.5,6.494122866894198
20230816093507700,6.5,6.5,6.494122866894198
20230816093508020,6.5,6.5,6.494122866894198
20230816093508240,6.5,6.5,6.494122866894198
20230816093508670,6.5,6.5,6.494122866894198
20230816093508690,6.5,6.5,6.494122866894198
20230816093510350,6.5,6.5,6.494122866894198
20230816093510590,6.5,6.5,6.494122866894198
20230816093513240,6.5,6.5,6.494122866894198
20230816093513250,6.5,6.5,6.494122866894198
20230816093513570,6.5,6.5,6.494122866894198
20230816093513650,6.5,6.5,6.494122866894198
20230816093514180,6.5,6.5,6.494122866894198
20230816093515690,6.5,6.5,6.494122866894198
20230816093516010,6.5,6.5,6.494122866894198
20230816093516450,6.5,6.5,6.494122866894198
20230816093518830,6.5,6.5,6.494122866894198
20230816093519070,6.5,6.5,6.4941285811732605
20230816093519080,6.5,6.5,6.494252115059222
20230816093519090,6.51,6.5,6.494252115059222
20230816093519100,6.51,6.5,6.494252115059222
20230816093519120,6.51,6.5,6.494252115059222
20230816093519490,6.51,6.5,6.494252115059222
20230816093519570,6.51,6.5,6.494252115059222
20230816093519620,6.51,6.5,6.494252115059222
20230816093521630,6.51,6.5,6.494252115059222
20230816093521730,6.51,6.5,6.494252115059222
20230816093521780,6.51,6.5,6.494252115059222
20230816093522030,6.51,6.5,6.494252115059222
20230816093522100,6.51,6.5,6.494252115059222
20230816093522140,6.51,6.5,6.494252115059222
20230816093522160,6.51,6.5,6.494252115059222
20230816093522200,6.51,6.5,6.494252115059222
20230816093523970,6.51,6.5,6.494252115059222
20230816093524080,6.51,6.5,6.494252115059222
20230816093524470,6.51,6.5,6.494252115059222
20230816093526540,6.51,6.5,6.494252115059222
20230816093527610,6.51,6.5,6.494252115059222
20230816093529270,6.51,6.5,6.494252115059222
20230816093529300,6.51,6.5,6.494252115059222
20230816093529380,6.51,6.5,6.494252115059222
20230816093529400,6.51,6.5,6.494252115059222
20230816093529470,6.51,6.5,6.494252115059222
20230816093529590,6.51,6.5,6.494252115059222
20230816093529610,6.51,6.5,6.494252115059222
20230816093529800,6.51,6.5,6.494252115059222
20230816093529810,6.51,6.5,6.494252115059222
20230816093529850,6.51,6.5,6.494252115059222
20230816093530000,6.51,6.5,6.494589570653068
20230816093530320,6.51,6.5,6.494589570653068
20230816093532090,6.51,6.5,6.494589570653068
20230816093532130,6.51,6.5,6.494589570653068
20230816093532300,6.51,6.5,6.494589570653068
20230816093532720,6.51,6.5,6.494589570653068
20230816093532840,6.51,6.5,6.494589570653068
20230816093534880,6.51,6.5,6.494589570653068
20230816093534900,6.51,6.5,6.494589570653068
20230816093535300,6.51,6.5,6.494589570653068
20230816093535330,6.51,6.5,6.494589570653068
20230816093535400,6.51,6.5,6.494589570653068
20230816093535450,6.51,6.5,6.494589570653068
20230816093537670,6.51,6.5,6.494589570653068
20230816093538480,6.51,6.5,6.494589570653068
20230816093540020,6.51,6.5,6.494592105263158
20230816093541210,6.51,6.5,6.494592105263158
20230816093543190,6.51,6.5,6.494592105263158
20230816093543270,6.51,6.5,6.494592105263158
20230816093543320,6.51,6.5,6.494592105263158
20230816093543510,6.51,6.5,6.494592105263158
20230816093545420,6.51,6.5,6.494592105263158
20230816093545500,6.51,6.5,6.494592105263158
20230816093546200,6.51,6.5,6.494630114566284
20230816093546220,6.51,6.5,6.494637657451333
20230816093546240,6.51,6.5,6.494637657451333
20230816093546330,6.51,6.5,6.494637657451333
20230816093546520,6.51,6.5,6.494637657451333
20230816093548240,6.51,6.5,6.494637657451333
20230816093549090,6.51,6.5,6.494637657451333
20230816093549140,6.51,6.5,6.494637657451333
20230816093549260,6.51,6.5,6.494637657451333
20230816093549310,6.51,6.5,6.494637657451333
20230816093551050,6.5,6.5,6.494637657451333
20230816093551080,6.5,6.5,6.494637657451333
20230816093551210,6.5,6.5,6.494637657451333
20230816093551840,6.51,6.5,6.494637657451333
20230816093551960,6.51,6.5,6.494637657451333
20230816093551970,6.51,6.5,6.494637657451333
20230816093553910,6.5,6.5,6.494637657451333
20230816093553920,6.5,6.5,6.494637657451333
20230816093554100,6.5,6.5,6.494637657451333
20230816093556260,6.5,6.5,6.494637657451333
20230816093556810,6.5,6.5,6.494637657451333
20230816093557270,6.5,6.5,6.494637657451333
20230816093559010,6.5,6.5,6.494637657451333
20230816093559550,6.51,6.5,6.494739390027433
20230816093601570,6.5,6.5,6.494739390027433
20230816093602550,6.5,6.5,6.494739390027433
20230816093602570,6.5,6.5,6.494739390027433
20230816093604270,6.5,6.5,6.494739390027433
20230816093604400,6.5,6.5,6.494739390027433
20230816093604480,6.5,6.5,6.494739390027433
20230816093604540,6.5,6.5,6.494739390027433
20230816093604990,6.5,6.5,6.494739390027433
20230816093605410,6.5,6.5,6.494739390027433
20230816093606970,6.5,6.5,6.494739390027433
20230816093607080,6.5,6.5,6.494739390027433
20230816093607110,6.5,6.5,6.494739390027433
20230816093607190,6.5,6.5,6.494739390027433
20230816093607400,6.5,6.5,6.494739390027433
20230816093607700,6.5,6.5,6.494739390027433
20230816093607810,6.5,6.5,6.494739390027433
20230816093608030,6.5,6.5,6.494739390027433
20230816093609700,6.5,6.5,6.4947484327278575
20230816093609810,6.5,6.5,6.4947484327278575
20230816093609870,6.5,6.5,6.4947484327278575
20230816093610060,6.5,6.5,6.4947484327278575
20230816093610070,6.5,6.5,6.4947484327278575
20230816093610080,6.5,6.48,6.494389301634473
20230816093610090,6.49,6.48,6.494236947791165
20230816093610100,6.49,6.48,6.494236947791165
20230816093610170,6.49,6.48,6.494233084862385
20230816093610190,6.49,6.48,6.494233084862385
20230816093610230,6.49,6.48,6.494233084862385
20230816093610700,6.49,6.48,6.494220983419097
20230816093610900,6.49,6.48,6.494220983419097
20230816093612920,6.49,6.48,6.494218950978991
20230816093613070,6.49,6.48,6.494218950978991
20230816093613080,6.49,6.48,6.494209925841415
20230816093613310,6.49,6.48,6.494209925841415
20230816093613330,6.49,6.48,6.4942039305041295
20230816093615420,6.49,6.48,6.4942039305041295
20230816093615560,6.49,6.48,6.4942039305041295
20230816093615590,6.49,6.48,6.4942039305041295
20230816093615680,6.49,6.48,6.494193777525217
20230816093615790,6.49,6.48,6.494193777525217
20230816093615810,6.49,6.48,6.494193777525217
20230816093616140,6.49,6.48,6.494193777525217
20230816093616170,6.49,6.48,6.494193777525217
20230816093616200,6.49,6.48,6.494193777525217
20230816093618290,6.49,6.48,6.494191761363636
20230816093618770,6.49,6.48,6.494191761363636
20230816093618800,6.49,6.48,6.494191761363636
20230816093620900,6.49,6.48,6.494191761363636
20230816093621340,6.49,6.48,6.494191761363636
20230816093621570,6.49,6.48,6.494191761363636
20230816093623180,6.49,6.48,6.494191761363636
20230816093623700,6.49,6.48,6.494191761363636
20230816093623770,6.49,6.48,6.494191761363636
20230816093623780,6.49,6.48,6.494191761363636
20230816093624040,6.49,6.48,6.494191761363636
20230816093624050,6.49,6.48,6.494191761363636
20230816093624060,6.49,6.48,6.494191761363636
20230816093624110,6.49,6.48,6.494191761363636
20230816093624230,6.49,6.48,6.494191761363636
20230816093625870,6.49,6.48,6.494191761363636
20230816093626100,6.49,6.48,6.494191761363636
20230816093626140,6.49,6.48,6.494191761363636
20230816093626150,6.49,6.48,6.494161587526577
20230816093627100,6.49,6.48,6.494156873849639
20230816093628660,6.49,6.48,6.494156873849639
20230816093628690,6.49,6.48,6.494156873849639
20230816093628710,6.49,6.48,6.494156873849639
20230816093628730,6.49,6.48,6.494156873849639
20230816093629140,6.49,6.48,6.49415086328899
20230816093631770,6.49,6.48,6.49415086328899
20230816093631800,6.48,6.48,6.49415086328899
20230816093632270,6.49,6.48,6.49415086328899
20230816093634140,6.49,6.48,6.49415086328899
20230816093634480,6.48,6.48,6.49415086328899
20230816093634690,6.48,6.48,6.49415086328899
20230816093635090,6.49,6.48,6.49415086328899
20230816093635150,6.49,6.48,6.49415086328899
20230816093636730,6.48,6.48,6.49415086328899
20230816093636800,6.48,6.48,6.49415086328899
20230816093637100,6.48,6.48,6.49415086328899
20230816093637110,6.48,6.48,6.49415086328899
20230816093637140,6.48,6.48,6.49415086328899
20230816093637590,6.48,6.48,6.49415086328899
20230816093637690,6.48,6.48,6.49415086328899
20230816093639400,6.49,6.48,6.49415086328899
20230816093639660,6.48,6.48,6.49415086328899
20230816093640010,6.48,6.48,6.49415086328899
20230816093640060,6.48,6.48,6.49415086328899
20230816093640090,6.48,6.48,6.49415086328899
20230816093640260,6.48,6.48,6.49415086328899
20230816093642300,6.48,6.48,6.49415086328899
20230816093643190,6.48,6.48,6.49415086328899
20230816093643320,6.48,6.48,6.49415086328899
20230816093645010,6.48,6.48,6.49415086328899
20230816093645200,6.48,6.48,6.49415086328899
20230816093645240,6.48,6.48,6.493775144667953
20230816093645260,6.48,6.48,6.493775144667953
20230816093645540,6.48,6.48,6.493775144667953
20230816093647890,6.48,6.48,6.493775144667953
20230816093647960,6.48,6.48,6.493775144667953
20230816093647970,6.48,6.48,6.493775144667953
20230816093648360,6.48,6.48,6.493775144667953
20230816093648540,6.48,6.48,6.493709810387469
20230816093650230,6.48,6.48,6.493709810387469
20230816093650330,6.48,6.48,6.493709810387469
20230816093651220,6.48,6.48,6.493709810387469
20230816093651240,6.48,6.48,6.493709810387469
20230816093652890,6.48,6.48,6.493709810387469
20230816093653410,6.48,6.48,6.492020150491009
20230816093653420,6.48,6.48,6.491718238993711
20230816093653430,6.47,6.47,6.491040701925421
20230816093653440,6.47,6.47,6.491040701925421
20230816093653630,6.47,6.47,6.491040701925421
20230816093653960,6.47,6.47,6.491040701925421
20230816093654050,6.47,6.47,6.491040701925421
20230816093654060,6.47,6.47,6.491040701925421
20230816093654100,6.47,6.47,6.491040701925421
20230816093655890,6.47,6.47,6.49100997809686
20230816093655950,6.47,6.47,6.49100997809686
20230816093656370,6.47,6.47,6.49100997809686
20230816093656390,6.47,6.47,6.491007421827473
20230816093656400,6.47,6.47,6.491002311154361
20230816093658450,6.47,6.47,6.491002311154361
20230816093658670,6.47,6.47,6.490981893304168
20230816093658710,6.47,6.47,6.49097679504313
20230816093658720,6.47,6.47,6.49097679504313
20230816093658730,6.47,6.47,6.49097679504313
20230816093659440,6.47,6.47,6.49097679504313
20230816093659450,6.47,6.47,6.490867778583515
20230816093701010,6.47,6.47,6.490867778583515
20230816093701070,6.47,6.47,6.490867778583515
20230816093701390,6.47,6.47,6.490867778583515
20230816093701490,6.47,6.47,6.490867778583515
20230816093701500,6.47,6.47,6.490867778583515
20230816093701620,6.47,6.47,6.490867778583515
20230816093702000,6.47,6.47,6.490867778583515
20230816093702010,6.47,6.47,6.490867778583515
20230816093704050,6.47,6.47,6.490867778583515
20230816093704080,6.47,6.47,6.490867778583515
20230816093704090,6.47,6.47,6.490867778583515
20230816093704100,6.47,6.47,6.490867778583515
20230816093704110,6.47,6.47,6.490867778583515
20230816093704120,6.47,6.47,6.490757393604232
20230816093704170,6.47,6.47,6.490757393604232
20230816093704180,6.47,6.47,6.490757393604232
20230816093704190,6.47,6.47,6.490757393604232
20230816093704230,6.47,6.47,6.490757393604232
20230816093704320,6.47,6.47,6.490757393604232
20230816093704450,6.47,6.47,6.49057361376673
20230816093704500,6.47,6.47,6.49057361376673
20230816093704540,6.47,6.47,6.49057361376673
20230816093704580,6.47,6.47,6.49057361376673
20230816093706440,6.47,6.47,6.49057361376673
20230816093706660,6.47,6.47,6.49057361376673
20230816093706720,6.47,6.47,6.49057361376673
20230816093706730,6.47,6.47,6.49057361376673
20230816093706750,6.47,6.47,6.49057361376673
20230816093707110,6.47,6.47,6.4905637840420445
20230816093707250,6.47,6.47,6.4905637840420445
20230816093707470,6.47,6.47,6.4905637840420445
20230816093707480,6.47,6.47,6.4905637840420445
20230816093707540,6.47,6.47,6.4905637840420445
20230816093709380,6.47,6.47,6.4905637840420445
20230816093709540,6.47,6.47,6.4905637840420445
20230816093709650,6.47,6.47,6.4905637840420445
20230816093709830,6.47,6.47,6.4905637840420445
20230816093710090,6.47,6.47,6.4905637840420445
20230816093710240,6.47,6.47,6.4905637840420445
20230816093711810,6.47,6.47,6.4905637840420445
20230816093711930,6.47,6.47,6.4905637840420445
20230816093712410,6.47,6.47,6.490534351145038
20230816093712620,6.47,6.47,6.490534351145038
20230816093712730,6.47,6.47,6.490534351145038
20230816093712740,6.47,6.47,6.490534351145038
20230816093712920,6.47,6.47,6.490534351145038
20230816093714730,6.47,6.47,6.490490359438229
20230816093714750,6.47,6.47,6.490490359438229
20230816093714790,6.47,6.47,6.490466000951022
20230816093714920,6.47,6.47,6.490461136201569
20230816093714930,6.47,6.47,6.490461136201569
20230816093715030,6.47,6.47,6.490461136201569
20230816093715520,6.47,6.47,6.490461136201569
20230816093717220,6.47,6.47,6.490439273418022
20230816093717930,6.47,6.47,6.490439273418022
20230816093718070,6.47,6.47,6.490439273418022
20230816093718300,6.47,6.47,6.490439273418022
20230816093720140,6.47,6.47,6.490439273418022
20230816093720270,6.47,6.47,6.490439273418022
20230816093720580,6.47,6.47,6.490439273418022
20230816093720790,6.47,6.47,6.490439273418022
20230816093721060,6.47,6.47,6.490417457305503
20230816093722560,6.47,6.47,6.490417457305503
20230816093722630,6.47,6.47,6.490417457305503
20230816093723460,6.47,6.47,6.4904053573545095
20230816093723630,6.47,6.47,6.4904053573545095
20230816093723760,6.47,6.47,6.4904053573545095
20230816093723790,6.47,6.47,6.4904053573545095
20230816093725600,6.47,6.47,6.4904053573545095
20230816093726520,6.47,6.47,6.4904053573545095
20230816093728230,6.47,6.47,6.4904053573545095
20230816093728310,6.47,6.47,6.4904053573545095
20230816093728320,6.47,6.47,6.4904053573545095
20230816093728420,6.47,6.47,6.4904053573545095
20230816093728810,6.47,6.47,6.4904053573545095
20230816093730800,6.47,6.47,6.4904053573545095
20230816093731040,6.47,6.47,6.4904053573545095
20230816093731060,6.47,6.47,6.4904053573545095
20230816093731100,6.47,6.47,6.4904053573545095
20230816093731150,6.47,6.47,6.4904053573545095
20230816093731180,6.47,6.47,6.4904053573545095
20230816093731800,6.47,6.47,6.4904053573545095
20230816093733850,6.47,6.47,6.4904053573545095
20230816093733890,6.47,6.47,6.4904053573545095
20230816093734120,6.47,6.47,6.4904053573545095
20230816093734160,6.47,6.47,6.4904053573545095
20230816093736290,6.47,6.47,6.4904053573545095
20230816093736990,6.47,6.47,6.4904053573545095
20230816093737110,6.47,6.47,6.4904053573545095
20230816093737140,6.47,6.47,6.4904053573545095
20230816093737210,6.47,6.47,6.4904053573545095
20230816093739210,6.47,6.46,6.4903082191780825
20230816093739310,6.47,6.46,6.4903082191780825
20230816093741690,6.47,6.46,6.4903082191780825
20230816093741980,6.47,6.46,6.4903082191780825
20230816093742040,6.47,6.46,6.4903082191780825
20230816093742160,6.47,6.46,6.4903082191780825
20230816093742200,6.47,6.46,6.4903082191780825
20230816093742470,6.47,6.46,6.4903082191780825
20230816093744410,6.47,6.46,6.4903082191780825
20230816093744780,6.47,6.46,6.4903082191780825
20230816093745180,6.47,6.46,6.4903082191780825
20230816093745190,6.47,6.46,6.4903082191780825
20230816093745410,6.47,6.46,6.4903082191780825
20230816093746980,6.47,6.46,6.4903082191780825
20230816093747200,6.47,6.46,6.4903082191780825
20230816093747830,6.47,6.46,6.489969781496979
20230816093747960,6.47,6.46,6.48995818329655
20230816093749580,6.47,6.46,6.48995818329655
20230816093750250,6.47,6.46,6.48995818329655
20230816093750300,6.47,6.46,6.48995818329655
20230816093750330,6.47,6.46,6.4899257798909895
20230816093750810,6.47,6.46,6.4899257798909895
20230816093752290,6.47,6.46,6.4899257798909895
20230816093752460,6.47,6.46,6.4899257798909895
20230816093752570,6.47,6.46,6.489861287712404
20230816093752620,6.47,6.46,6.489861287712404
20230816093752650,6.47,6.46,6.489847487001733
20230816093752670,6.47,6.46,6.489847487001733
20230816093753100,6.47,6.46,6.489847487001733
20230816093753120,6.47,6.46,6.489847487001733
20230816093753130,6.47,6.46,6.489847487001733
20230816093753430,6.47,6.46,6.489847487001733
20230816093755080,6.47,6.46,6.489847487001733
20230816093755430,6.47,6.46,6.489847487001733
20230816093757790,6.47,6.46,6.489847487001733
20230816093758890,6.47,6.47,6.489847487001733
20230816093800400,6.47,6.47,6.489806295399516
20230816093800790,6.47,6.47,6.489806295399516
20230816093800830,6.47,6.47,6.489801729106628
20230816093800970,6.47,6.47,6.489801729106628
20230816093801030,6.47,6.47,6.489801729106628
20230816093801040,6.47,6.47,6.489801729106628
20230816093801060,6.47,6.47,6.489801729106628
20230816093801100,6.47,6.47,6.489801729106628
20230816093801130,6.47,6.47,6.489801729106628
20230816093801140,6.47,6.47,6.489801729106628
20230816093801260,6.47,6.47,6.489801729106628
20230816093801490,6.47,6.47,6.489801729106628
20230816093801600,6.47,6.47,6.489801729106628
20230816093803290,6.47,6.47,6.489801729106628
20230816093803300,6.47,6.47,6.489801729106628
20230816093803310,6.47,6.47,6.489801729106628
20230816093804070,6.47,6.47,6.489801729106628
20230816093804080,6.47,6.47,6.489801729106628
20230816093804090,6.47,6.47,6.489801729106628
20230816093804100,6.47,6.47,6.489801729106628
20230816093804110,6.47,6.47,6.489749367670729
20230816093804120,6.47,6.47,6.489744827586207
20230816093804130,6.47,6.47,6.489695338449204
20230816093804140,6.47,6.47,6.489695338449204
20230816093804150,6.47,6.47,6.489695338449204
20230816093804200,6.47,6.47,6.489695338449204
20230816093804260,6.47,6.47,6.489685210622711
20230816093804280,6.47,6.47,6.489685210622711
20230816093806200,6.47,6.47,6.489685210622711
20230816093806280,6.47,6.47,6.489680704966812
20230816093806820,6.47,6.47,6.489680704966812
20230816093806880,6.47,6.47,6.489680704966812
20230816093806950,6.47,6.47,6.489660455013147
20230816093806990,6.47,6.47,6.489660455013147
20230816093807000,6.47,6.47,6.489660455013147
20230816093808750,6.47,6.47,6.489660455013147
20230816093808950,6.47,6.47,6.489660455013147
20230816093809500,6.47,6.47,6.489660455013147
20230816093809620,6.47,6.47,6.489660455013147
20230816093816780,6.47,6.47,6.489660455013147
20230816093817480,6.47,6.47,6.489660455013147
20230816093819710,6.47,6.47,6.489660455013147
20230816093819740,6.47,6.47,6.489660455013147
20230816093820130,6.47,6.46,6.489504366564591
20230816093820500,6.47,6.46,6.489504366564591
20230816093822100,6.47,6.47,6.489504366564591
20230816093825160,6.47,6.47,6.489504366564591
20230816093825250,6.47,6.47,6.489504366564591
20230816093825300,6.47,6.47,6.489504366564591
20230816093825680,6.47,6.47,6.489504366564591
20230816093825780,6.47,6.47,6.489504366564591
20230816093827540,6.47,6.47,6.489504366564591
20230816093827590,6.47,6.47,6.489504366564591
20230816093827660,6.47,6.47,6.489504366564591
20230816093828170,6.47,6.47,6.489504366564591
20230816093828330,6.47,6.47,6.489504366564591
20230816093828360,6.47,6.47,6.489504366564591
20230816093828580,6.47,6.47,6.489504366564591
20230816093831130,6.47,6.47,6.489504366564591
20230816093831210,6.47,6.47,6.489504366564591
20230816093833190,6.47,6.47,6.489504366564591
20230816093833200,6.47,6.47,6.489504366564591
20230816093835830,6.47,6.47,6.489504366564591
20230816093835950,6.47,6.47,6.489504366564591
20230816093835980,6.47,6.46,6.489085967831392
20230816093836020,6.47,6.46,6.489085967831392
20230816093836420,6.47,6.46,6.489085967831392
20230816093838210,6.47,6.46,6.489085967831392
20230816093838820,6.47,6.46,6.489085967831392
20230816093838880,6.47,6.47,6.489085967831392
20230816093838910,6.47,6.47,6.489085967831392
20230816093839130,6.47,6.47,6.489085967831392
20230816093839260,6.47,6.47,6.489085967831392
20230816093841400,6.47,6.47,6.489085967831392
20230816093843630,6.47,6.47,6.489085967831392
20230816093844160,6.47,6.47,6.489085967831392
20230816093844250,6.47,6.47,6.489085967831392
20230816093846340,6.47,6.47,6.489085967831392
20230816093847070,6.47,6.46,6.489085967831392
20230816093847160,6.47,6.46,6.489085967831392
20230816093847170,6.47,6.46,6.489085967831392
20230816093847180,6.47,6.46,6.489085967831392
20230816093847440,6.47,6.46,6.489085967831392
20230816093847450,6.47,6.46,6.489085967831392
20230816093847470,6.47,6.46,6.489085967831392
20230816093847500,6.47,6.46,6.489085967831392
20230816093847510,6.47,6.46,6.489085967831392
20230816093849070,6.47,6.46,6.489085967831392
20230816093849080,6.47,6.46,6.489085967831392
20230816093849090,6.47,6.46,6.489085967831392
20230816093849180,6.47,6.46,6.489085967831392
20230816093849200,6.47,6.46,6.489085967831392
20230816093849250,6.47,6.46,6.488836828309306
20230816093849290,6.47,6.46,6.488832714566499
20230816093850050,6.47,6.46,6.488832714566499
20230816093850120,6.47,6.46,6.488832714566499
20230816093850150,6.47,6.46,6.488832714566499
20230816093851930,6.47,6.46,6.488832714566499
20230816093852110,6.47,6.46,6.488746739130435
20230816093852190,6.47,6.46,6.488746739130435
20230816093852200,6.47,6.46,6.488746739130435
20230816093852480,6.47,6.46,6.488746739130435
20230816093852680,6.47,6.46,6.488746739130435
20230816093852880,6.47,6.46,6.488746739130435
20230816093854630,6.47,6.46,6.488746739130435
20230816093854920,6.47,6.46,6.488746739130435
20230816093857280,6.47,6.46,6.488746739130435
20230816093857770,6.47,6.46,6.488746739130435
20230816093858240,6.47,6.46,6.488746739130435
20230816093859830,6.47,6.46,6.488746739130435
20230816093900190,6.47,6.46,6.488746739130435
20230816093900210,6.47,6.46,6.488746739130435
20230816093900240,6.47,6.46,6.488734520964588
20230816093900470,6.47,6.46,6.488734520964588
20230816093900540,6.47,6.46,6.488734520964588
20230816093902680,6.47,6.46,6.488734520964588
20230816093902900,6.47,6.47,6.488734520964588
20230816093902920,6.47,6.47,6.488734520964588
20230816093903040,6.47,6.47,6.488734520964588
20230816093905840,6.47,6.47,6.488734520964588
20230816093908300,6.47,6.47,6.488734520964588
20230816093910910,6.47,6.47,6.488734520964588
20230816093911270,6.47,6.47,6.488734520964588
20230816093911290,6.47,6.47,6.488734520964588
20230816093911570,6.47,6.47,6.488734520964588
20230816093911580,6.47,6.47,6.488734520964588
20230816093911750,6.47,6.47,6.488637346012535
20230816093911760,6.47,6.47,6.488637346012535
20230816093911770,6.47,6.47,6.488637346012535
20230816093911790,6.47,6.47,6.488637346012535
20230816093913380,6.47,6.47,6.488637346012535
20230816093913520,6.47,6.47,6.488637346012535
20230816093913680,6.47,6.47,6.488637346012535
20230816093916070,6.47,6.47,6.488637346012535
20230816093916090,6.47,6.47,6.488637346012535
20230816093916390,6.47,6.47,6.488637346012535
20230816093916610,6.47,6.47,6.488612610667243
20230816093916640,6.47,6.47,6.488612610667243
20230816093919000,6.47,6.47,6.488612610667243
20230816093921850,6.47,6.47,6.488552348125808
20230816093922030,6.47,6.47,6.488552348125808
20230816093922150,6.47,6.47,6.488552348125808
20230816093922260,6.47,6.47,6.488552348125808
20230816093922540,6.47,6.47,6.488552348125808
20230816093924320,6.47,6.47,6.488552348125808
20230816093924380,6.47,6.47,6.488552348125808
20230816093924390,6.47,6.47,6.488552348125808
20230816093924440,6.47,6.47,6.488552348125808
20230816093924500,6.47,6.47,6.488552348125808
20230816093924530,6.47,6.47,6.488552348125808
20230816093924650,6.47,6.47,6.488552348125808
20230816093924710,6.47,6.47,6.488552348125808
20230816093927640,6.47,6.47,6.488552348125808
20230816093927880,6.47,6.47,6.488552348125808
20230816093929830,6.47,6.47,6.488552348125808
20230816093932610,6.47,6.47,6.488497153292513
20230816093932820,6.47,6.47,6.488497153292513
20230816093933090,6.47,6.47,6.488497153292513
20230816093933130,6.47,6.47,6.488497153292513
20230816093933200,6.47,6.47,6.488497153292513
20230816093934930,6.47,6.47,6.488497153292513
20230816093935010,6.47,6.47,6.488497153292513
20230816093935640,6.47,6.47,6.488497153292513
20230816093938130,6.47,6.47,6.488497153292513
20230816093938230,6.47,6.47,6.488497153292513
20230816093938380,6.47,6.47,6.488497153292513
20230816093938640,6.47,6.47,6.488497153292513
20230816093940590,6.47,6.47,6.488497153292513
20230816093941260,6.47,6.47,6.488497153292513
20230816093941510,6.47,6.47,6.488497153292513
20230816093943070,6.47,6.47,6.488497153292513
20230816093943180,6.47,6.47,6.488497153292513
20230816093943480,6.47,6.47,6.488497153292513
20230816093943540,6.47,6.47,6.488497153292513
20230816093943700,6.47,6.47,6.488497153292513
20230816093944190,6.47,6.47,6.488497153292513
20230816093945830,6.47,6.47,6.488497153292513
20230816093945930,6.47,6.47,6.488497153292513
20230816093946060,6.47,6.47,6.488497153292513
20230816093946840,6.47,6.47,6.488497153292513
20230816093948820,6.47,6.47,6.488497153292513
20230816093949520,6.47,6.47,6.488497153292513
20230816093951080,6.47,6.47,6.488497153292513
20230816093952190,6.47,6.47,6.488497153292513
20230816093953870,6.47,6.46,6.488497153292513
20230816093954130,6.47,6.46,6.488497153292513
20230816093956960,6.47,6.46,6.488497153292513
20230816093957250,6.47,6.46,6.488497153292513
20230816093959180,6.47,6.46,6.488497153292513
20230816093959190,6.47,6.47,6.488497153292513
20230816093959890,6.47,6.46,6.488221657669102
20230816093959900,6.47,6.46,6.488221657669102
20230816094000070,6.47,6.47,6.488221657669102
20230816094000100,6.47,6.47,6.488152449324324
20230816094000110,6.47,6.47,6.488152449324324
20230816094000120,6.47,6.47,6.488104534005037
20230816094002210,6.47,6.47,6.488104534005037
20230816094004790,6.47,6.47,6.488104534005037
20230816094005140,6.47,6.47,6.488104534005037
20230816094005150,6.47,6.47,6.488104534005037
20230816094005160,6.47,6.47,6.488104534005037
20230816094005170,6.47,6.46,6.488096286972939
20230816094007560,6.47,6.47,6.488088050314466
20230816094007850,6.47,6.47,6.488088050314466
20230816094010040,6.47,6.47,6.488088050314466
20230816094010240,6.47,6.47,6.488088050314466
20230816094010310,6.47,6.47,6.488088050314466
20230816094011070,6.47,6.47,6.488087202599308
20230816094013070,6.47,6.47,6.488085307063509
20230816094013330,6.47,6.47,6.488083411924971
20230816094013820,6.47,6.47,6.488083411924971
20230816094018070,6.47,6.46,6.488083411924971
20230816094018850,6.47,6.47,6.488083411924971
20230816094019070,6.47,6.47,6.488083411924971
20230816094019140,6.47,6.47,6.488083411924971
20230816094019180,6.47,6.47,6.488083411924971
20230816094021150,6.47,6.47,6.488083411924971
20230816094021550,6.47,6.47,6.488083411924971
20230816094024160,6.47,6.47,6.488083411924971
20230816094024480,6.47,6.47,6.488083411924971
20230816094026350,6.47,6.47,6.488083411924971
20230816094026650,6.47,6.47,6.488083411924971
20230816094026660,6.47,6.47,6.488083411924971
20230816094027020,6.47,6.47,6.488057998324958
20230816094027130,6.47,6.47,6.488057998324958
20230816094029020,6.47,6.47,6.488057998324958
20230816094029110,6.47,6.47,6.488057998324958
20230816094029720,6.47,6.47,6.488057998324958
20230816094032060,6.47,6.47,6.488057998324958
20230816094032400,6.47,6.47,6.488057998324958
20230816094032680,6.47,6.47,6.488057998324958
20230816094032690,6.47,6.47,6.488057998324958
20230816094034280,6.48,6.47,6.487492140756515
20230816094034420,6.48,6.47,6.4874726499189626
20230816094035040,6.48,6.47,6.4874726499189626
20230816094035130,6.48,6.47,6.4874726499189626
20230816094037060,6.48,6.47,6.487447906129881
20230816094037070,6.48,6.47,6.4873009027081245
20230816094037080,6.48,6.47,6.487293964307199
20230816094037100,6.48,6.47,6.487293233082707
20230816094037110,6.48,6.47,6.487293233082707
20230816094037140,6.48,6.47,6.487293233082707
20230816094037150,6.48,6.47,6.487286301232588
20230816094037160,6.48,6.47,6.487286301232588
20230816094037170,6.48,6.47,6.487279374937393
20230816094037190,6.48,6.47,6.487274183857401
20230816094037200,6.48,6.47,6.487274183857401
20230816094037220,6.48,6.47,6.487241379310345
20230816094037280,6.48,6.47,6.487241379310345
20230816094037560,6.48,6.47,6.487241379310345
20230816094037830,6.48,6.47,6.487241379310345
20230816094038030,6.48,6.47,6.487236211031175
20230816094038040,6.48,6.47,6.487236211031175
20230816094038100,6.48,6.47,6.487236211031175
20230816094038110,6.48,6.47,6.487236211031175
20230816094039900,6.48,6.47,6.487236211031175
20230816094040080,6.48,6.47,6.487145412980817
20230816094040090,6.48,6.47,6.487133492252681
20230816094040100,6.48,6.47,6.4871300893743795
20230816094040120,6.48,6.47,6.487114793134239
20230816094040160,6.48,6.47,6.4871063070210235
20230816094040230,6.48,6.47,6.4871063070210235
20230816094040260,6.48,6.47,6.4871063070210235
20230816094040750,6.48,6.47,6.4871063070210235
20230816094043080,6.48,6.47,6.4871063070210235
20230816094043090,6.48,6.47,6.4871063070210235
20230816094043380,6.48,6.47,6.4871063070210235
20230816094045160,6.48,6.47,6.4871063070210235
20230816094045660,6.48,6.47,6.4871063070210235
20230816094046180,6.48,6.47,6.4871063070210235
20230816094048120,6.48,6.47,6.4871063070210235
20230816094048290,6.48,6.47,6.4871063070210235
20230816094048710,6.48,6.47,6.4871063070210235
20230816094048870,6.48,6.47,6.4871063070210235
20230816094051030,6.48,6.47,6.4871063070210235
20230816094051100,6.48,6.47,6.4871063070210235
20230816094051120,6.48,6.47,6.4871063070210235
20230816094051360,6.48,6.47,6.4870488238782364
20230816094053350,6.48,6.47,6.4870488238782364
20230816094053760,6.48,6.47,6.4870488238782364
20230816094056300,6.48,6.47,6.4870488238782364
20230816094057050,6.48,6.47,6.4870488238782364
20230816094058550,6.48,6.47,6.4870488238782364
20230816094058570,6.48,6.47,6.4870488238782364
20230816094059070,6.48,6.47,6.4870488238782364
20230816094059080,6.48,6.47,6.4870488238782364
20230816094059100,6.48,6.47,6.4870488238782364
20230816094101520,6.47,6.47,6.4870488238782364
20230816094101900,6.47,6.47,6.4870488238782364
20230816094104510,6.47,6.47,6.4870488238782364
20230816094104740,6.47,6.47,6.4870488238782364
20230816094104750,6.47,6.47,6.4870488238782364
20230816094104920,6.48,6.47,6.4870488238782364
20230816094106700,6.47,6.47,6.4870488238782364
20230816094107550,6.48,6.47,6.4870488238782364
20230816094107570,6.48,6.47,6.4870488238782364
20230816094109530,6.48,6.47,6.4870488238782364
20230816094109940,6.48,6.47,6.4870488238782364
20230816094112840,6.48,6.47,6.4870488238782364
20230816094114820,6.48,6.47,6.4870488238782364
20230816094115200,6.47,6.47,6.4870488238782364
20230816094115240,6.47,6.47,6.4870488238782364
20230816094118080,6.48,6.47,6.486755076265423
20230816094118090,6.48,6.47,6.486733941393363
20230816094118170,6.48,6.47,6.486729071684936
20230816094118200,6.48,6.47,6.486716099641368
20230816094118250,6.48,6.47,6.486716099641368
20230816094120820,6.48,6.47,6.486716099641368
20230816094121000,6.48,6.47,6.486716099641368
20230816094123390,6.48,6.47,6.486716099641368
20230816094123560,6.48,6.47,6.486716099641368
20230816094123840,6.48,6.47,6.486716099641368
20230816094125550,6.47,6.47,6.486716099641368
20230816094126280,6.47,6.47,6.486716099641368
20230816094126560,6.47,6.47,6.486716099641368
20230816094128400,6.47,6.47,6.486716099641368
20230816094128610,6.47,6.47,6.486716099641368
20230816094129010,6.47,6.47,6.486716099641368
20230816094129390,6.47,6.47,6.486716099641368
20230816094131100,6.47,6.47,6.486716099641368
20230816094131120,6.47,6.47,6.486716099641368
20230816094131460,6.47,6.47,6.486716099641368
20230816094131990,6.47,6.47,6.486716099641368
20230816094134210,6.47,6.47,6.486716099641368
20230816094134250,6.47,6.47,6.486716099641368
20230816094134560,6.47,6.47,6.486716099641368
20230816094136780,6.47,6.47,6.486716099641368
20230816094136900,6.47,6.47,6.486716099641368
20230816094137030,6.47,6.47,6.486716099641368
20230816094137470,6.47,6.47,6.486716099641368
20230816094140090,6.47,6.47,6.486716099641368
20230816094140200,6.47,6.47,6.486716099641368
20230816094142290,6.47,6.47,6.486716099641368
20230816094142980,6.47,6.47,6.486716099641368
20230816094143000,6.47,6.47,6.486716099641368
20230816094144460,6.47,6.47,6.486716099641368
20230816094144670,6.47,6.47,6.486716099641368
20230816094144760,6.47,6.47,6.486716099641368
20230816094144770,6.47,6.47,6.486716099641368
20230816094145000,6.47,6.47,6.486716099641368
20230816094147240,6.47,6.47,6.486716099641368
20230816094147550,6.47,6.47,6.486716099641368
20230816094148230,6.47,6.47,6.486716099641368
20230816094150070,6.47,6.47,6.486716099641368
20230816094150300,6.47,6.47,6.486716099641368
20230816094153370,6.48,6.47,6.486654468412943
20230816094153390,6.48,6.47,6.486654468412943
20230816094155260,6.48,6.47,6.486654468412943
20230816094155490,6.48,6.47,6.486654468412943
20230816094155660,6.48,6.47,6.486654468412943
20230816094156130,6.48,6.47,6.486654468412943
20230816094156230,6.48,6.47,6.486654468412943
20230816094158010,6.48,6.47,6.486654468412943
20230816094158100,6.48,6.47,6.486654468412943
20230816094158160,6.48,6.47,6.486654468412943
20230816094158520,6.48,6.47,6.486654468412943
20230816094201100,6.48,6.47,6.486654468412943
20230816094201140,6.48,6.47,6.486654468412943
20230816094201270,6.48,6.47,6.486654468412943
20230816094204220,6.48,6.47,6.486654468412943
20230816094204370,6.48,6.47,6.486654468412943
20230816094204400,6.48,6.47,6.4866493456505
20230816094204450,6.48,6.47,6.4866493456505
20230816094204600,6.48,6.47,6.4866493456505
20230816094206330,6.48,6.47,6.4866493456505
20230816094206380,6.48,6.47,6.4866493456505
20230816094206880,6.48,6.47,6.486594769994274
20230816094207170,6.48,6.47,6.486594769994274
20230816094209630,6.48,6.47,6.486594769994274
20230816094209980,6.48,6.47,6.486594769994274
20230816094211480,6.48,6.47,6.486594769994274
20230816094211510,6.48,6.47,6.486594769994274
20230816094211660,6.48,6.47,6.486594769994274
20230816094211780,6.48,6.47,6.486594769994274
20230816094212440,6.48,6.47,6.486594769994274
20230816094212450,6.48,6.47,6.486594769994274
20230816094214490,6.48,6.47,6.486594769994274
20230816094215100,6.48,6.47,6.486594769994274
20230816094215130,6.48,6.47,6.486594769994274
20230816094215180,6.48,6.47,6.486594769994274
20230816094215190,6.48,6.47,6.486594769994274
20230816094217090,6.48,6.47,6.486569468267581
20230816094217120,6.48,6.47,6.486553693830921
20230816094219910,6.48,6.47,6.486553693830921
20230816094223070,6.48,6.47,6.486553693830921
20230816094223190,6.48,6.47,6.486553693830921
20230816094223200,6.48,6.47,6.486553693830921
20230816094223320,6.48,6.47,6.486553693830921
20230816094223390,6.48,6.47,6.486553693830921
20230816094223420,6.48,6.47,6.486553693830921
20230816094223470,6.48,6.47,6.486553693830921
20230816094225140,6.48,6.47,6.486553693830921
20230816094225180,6.48,6.47,6.486553693830921
20230816094225230,6.48,6.47,6.486553693830921
20230816094225370,6.48,6.47,6.486553693830921
20230816094227670,6.48,6.47,6.486553693830921
20230816094227760,6.48,6.47,6.486553693830921
20230816094228160,6.48,6.47,6.486553693830921
20230816094228230,6.48,6.47,6.486553693830921
20230816094228330,6.48,6.47,6.486553693830921
20230816094228480,6.48,6.47,6.486553693830921
20230816094228820,6.48,6.47,6.486553693830921
20230816094230350,6.48,6.47,6.486553693830921
20230816094230370,6.48,6.47,6.486553693830921
20230816094230660,6.48,6.47,6.486553693830921
20230816094230720,6.48,6.47,6.486553693830921
20230816094230820,6.48,6.47,6.486553693830921
20230816094230850,6.48,6.47,6.486385307485391
20230816094230900,6.48,6.47,6.486384715266184
20230816094230930,6.48,6.47,6.486384715266184
20230816094230940,6.48,6.47,6.486384715266184
20230816094230980,6.48,6.48,6.486346225018504
20230816094230990,6.48,6.47,6.486341531065089
20230816094231030,6.48,6.47,6.486341531065089
20230816094231080,6.48,6.48,6.486336844050259
20230816094231090,6.48,6.48,6.486336844050259
20230816094231210,6.48,6.48,6.486336844050259
20230816094231500,6.48,6.48,6.486336844050259
20230816094231510,6.48,6.48,6.486336844050259
20230816094231570,6.48,6.48,6.486336844050259
20230816094233570,6.48,6.48,6.486336844050259
20230816094234100,6.48,6.48,6.486336844050259
20230816094234140,6.48,6.48,6.486336844050259
20230816094234150,6.48,6.48,6.486336844050259
20230816094234160,6.48,6.48,6.486336844050259
20230816094234180,6.48,6.48,6.486336844050259
20230816094234250,6.48,6.48,6.486336844050259
20230816094234280,6.48,6.48,6.486336844050259
20230816094236120,6.48,6.48,6.486336844050259
20230816094236140,6.48,6.48,6.486336844050259
20230816094236530,6.48,6.48,6.486336844050259
20230816094238780,6.48,6.48,6.486336844050259
20230816094239580,6.48,6.48,6.486336844050259
20230816094239630,6.48,6.48,6.486336844050259
20230816094241820,6.48,6.48,6.486336844050259
20230816094241940,6.48,6.48,6.486336844050259
20230816094242130,6.48,6.48,6.486336844050259
20230816094244110,6.48,6.48,6.486336844050259
20230816094244730,6.48,6.48,6.486335088205412
20230816094246810,6.48,6.49,6.486337118065172
20230816094246950,6.48,6.49,6.486337118065172
20230816094247100,6.48,6.49,6.48633779418551
20230816094247110,6.48,6.49,6.48633779418551
20230816094247120,6.48,6.49,6.48633779418551
20230816094247280,6.48,6.49,6.48633779418551
20230816094249420,6.48,6.49,6.48633779418551
20230816094249600,6.48,6.49,6.486338807898136
20230816094249640,6.48,6.49,6.486338807898136
20230816094249700,6.48,6.49,6.486338807898136
20230816094249780,6.48,6.49,6.486338807898136
20230816094250060,6.48,6.49,6.486338807898136
20230816094250140,6.48,6.49,6.486338807898136
20230816094252770,6.48,6.49,6.486338807898136
20230816094252780,6.48,6.49,6.486338807898136
20230816094252960,6.48,6.49,6.486338807898136
20230816094254710,6.48,6.49,6.486338807898136
20230816094255000,6.48,6.49,6.486338807898136
20230816094255720,6.48,6.49,6.486343194175652
20230816094255820,6.48,6.49,6.486343194175652
20230816094258200,6.48,6.49,6.486343194175652
20230816094258230,6.48,6.49,6.486343194175652
20230816094300080,6.48,6.49,6.486343194175652
20230816094300850,6.48,6.49,6.486343194175652
20230816094301010,6.48,6.49,6.486343194175652
20230816094301210,6.48,6.49,6.486343194175652
20230816094302980,6.48,6.49,6.486343194175652
20230816094303240,6.48,6.48,6.486343194175652
20230816094303300,6.48,6.48,6.486343194175652
20230816094305690,6.48,6.48,6.486343194175652
20230816094305780,6.48,6.48,6.486343194175652
20230816094305830,6.48,6.48,6.486343194175652
20230816094308440,6.48,6.48,6.486343194175652
20230816094308760,6.48,6.48,6.486343194175652
20230816094308850,6.48,6.48,6.486343194175652
20230816094311820,6.48,6.48,6.486343194175652
20230816094313900,6.48,6.48,6.486343194175652
20230816094314650,6.48,6.48,6.486343194175652
20230816094316260,6.48,6.48,6.486343194175652
20230816094316370,6.48,6.48,6.486343194175652
20230816094316750,6.48,6.48,6.486343194175652
20230816094316970,6.48,6.48,6.486343194175652
20230816094317080,6.48,6.48,6.486343194175652
20230816094319030,6.48,6.48,6.486359058866611
20230816094319080,6.48,6.48,6.486359058866611
20230816094319200,6.48,6.48,6.486359058866611
20230816094319850,6.48,6.48,6.486359058866611
20230816094320180,6.48,6.48,6.486359058866611
20230816094321640,6.48,6.48,6.486359058866611
20230816094321760,6.48,6.48,6.486359058866611
20230816094321830,6.48,6.48,6.486359058866611
20230816094321990,6.48,6.48,6.486359058866611
20230816094322180,6.48,6.48,6.486359058866611
20230816094322500,6.48,6.48,6.486359058866611
20230816094322510,6.48,6.48,6.486359058866611
20230816094327250,6.48,6.48,6.486359058866611
20230816094327370,6.48,6.48,6.486361057736298
20230816094327630,6.48,6.48,6.486361057736298
20230816094328080,6.48,6.48,6.486361057736298
20230816094330080,6.48,6.48,6.486361057736298
20230816094332560,6.48,6.48,6.486361057736298
20230816094333080,6.49,6.49,6.486368368185554
20230816094333150,6.49,6.49,6.486368368185554
20230816094333380,6.49,6.49,6.486368368185554
20230816094335220,6.49,6.49,6.486368368185554
20230816094335280,6.49,6.49,6.486368368185554
20230816094336200,6.49,6.49,6.486398623562438
20230816094336240,6.49,6.49,6.486398623562438
20230816094337860,6.49,6.49,6.486398623562438
20230816094338330,6.49,6.49,6.486399927582149
20230816094338610,6.49,6.49,6.486399927582149
20230816094341340,6.49,6.49,6.486399927582149
20230816094341350,6.49,6.49,6.486399927582149
20230816094343960,6.49,6.49,6.486399927582149
20230816094344190,6.49,6.49,6.486399927582149
20230816094348650,6.49,6.49,6.486399927582149
20230816094348830,6.49,6.49,6.486399927582149
20230816094348880,6.49,6.49,6.486399927582149
20230816094348920,6.49,6.49,6.486399348298335
20230816094351600,6.49,6.49,6.486399348298335
20230816094351730,6.49,6.49,6.486399348298335
20230816094352300,6.49,6.49,6.486399348298335
20230816094354060,6.49,6.49,6.486399348298335
20230816094355130,6.49,6.49,6.486399348298335
20230816094355230,6.49,6.49,6.486399348298335
20230816094356930,6.49,6.49,6.486399348298335
20230816094357250,6.49,6.49,6.486399348298335
20230816094357520,6.49,6.49,6.486405854716299
20230816094400420,6.49,6.49,6.486405854716299
20230816094400450,6.49,6.49,6.486405854716299
20230816094400540,6.49,6.49,6.486406504065041
20230816094400570,6.49,6.49,6.486406504065041
20230816094402830,6.49,6.49,6.486406504065041
20230816094406050,6.49,6.49,6.486406504065041
20230816094408050,6.49,6.49,6.486406504065041
20230816094410250,6.49,6.49,6.486406504065041
20230816094410390,6.49,6.49,6.486406504065041
20230816094410570,6.49,6.49,6.486406504065041
20230816094410790,6.49,6.49,6.486406504065041
20230816094412930,6.49,6.49,6.486406504065041
20230816094413400,6.49,6.49,6.486406504065041
20230816094413410,6.49,6.49,6.486406504065041
20230816094413440,6.49,6.49,6.486406504065041
20230816094415960,6.49,6.49,6.486406504065041
20230816094416000,6.49,6.49,6.486406504065041
20230816094416030,6.49,6.49,6.486406504065041
20230816094416110,6.49,6.49,6.486381715108432
20230816094416310,6.49,6.49,6.486381715108432
20230816094416800,6.49,6.49,6.486381715108432
20230816094418760,6.49,6.49,6.486381715108432
20230816094418770,6.49,6.49,6.486381715108432
20230816094418800,6.49,6.49,6.486381715108432
20230816094419070,6.49,6.49,6.486378271427287
20230816094419140,6.49,6.49,6.486378271427287
20230816094421090,6.49,6.49,6.486378271427287
20230816094421800,6.49,6.49,6.486378271427287
20230816094422090,6.49,6.49,6.48637712435932
20230816094423960,6.49,6.49,6.48637712435932
20230816094424700,6.49,6.49,6.48637712435932
20230816094427670,6.49,6.49,6.48637712435932
20230816094429830,6.49,6.49,6.48637712435932
20230816094429970,6.49,6.49,6.48637712435932
20230816094432130,6.49,6.48,6.486372540210262
20230816094432140,6.49,6.48,6.486344605475041
20230816094432150,6.49,6.48,6.486342903139254
20230816094432290,6.49,6.48,6.486342903139254
20230816094432330,6.49,6.48,6.486339501206758
20230816094432530,6.49,6.48,6.486339501206758
20230816094432540,6.49,6.48,6.486339501206758
20230816094432620,6.49,6.48,6.486339501206758
20230816094434580,6.49,6.48,6.486330864638172
20230816094434690,6.49,6.48,6.486330864638172
20230816094435040,6.49,6.48,6.486330864638172
20230816094435210,6.49,6.48,6.486323529411765
20230816094435240,6.49,6.48,6.486323529411765
20230816094435410,6.49,6.48,6.48632240242381
20230816094437530,6.48,6.48,6.48632240242381
20230816094437590,6.48,6.48,6.48632240242381
20230816094437650,6.48,6.48,6.48632240242381
20230816094437660,6.48,6.48,6.48632240242381
20230816094440070,6.48,6.48,6.48632240242381
20230816094440080,6.48,6.48,6.48632240242381
20230816094440100,6.48,6.48,6.486320149652593
20230816094440190,6.48,6.48,6.486320149652593
20230816094440330,6.48,6.48,6.486320149652593
20230816094440380,6.48,6.48,6.486320149652593
20230816094440390,6.48,6.48,6.486320149652593
20230816094440930,6.48,6.48,6.486320149652593
20230816094441080,6.48,6.48,6.486320149652593
20230816094442630,6.48,6.48,6.486320149652593
20230816094442800,6.48,6.48,6.486320149652593
20230816094443130,6.49,6.48,6.486297150971865
20230816094443240,6.48,6.48,6.486297150971865
20230816094443550,6.48,6.48,6.486297150971865
20230816094443590,6.48,6.48,6.486297150971865
20230816094443710,6.48,6.48,6.486297150971865
20230816094443740,6.48,6.48,6.486297150971865
20230816094443770,6.48,6.48,6.486297150971865
20230816094445360,6.49,6.48,6.486297150971865
20230816094445680,6.48,6.48,6.486297150971865
20230816094445760,6.48,6.48,6.486297150971865
20230816094446110,6.48,6.48,6.486297150971865
20230816094446210,6.48,6.48,6.486297150971865
20230816094446400,6.48,6.48,6.486297150971865
20230816094451730,6.48,6.48,6.486297150971865
20230816094453600,6.48,6.48,6.486297150971865
20230816094454400,6.48,6.48,6.486297150971865
20230816094454660,6.48,6.48,6.486297150971865
20230816094459540,6.48,6.48,6.486297150971865
20230816094501660,6.48,6.48,6.486297150971865
20230816094502010,6.48,6.48,6.486297150971865
20230816094502190,6.48,6.48,6.486297150971865
20230816094502700,6.48,6.48,6.486297150971865
20230816094504940,6.48,6.48,6.486297150971865
20230816094508170,6.48,6.48,6.486297150971865
20230816094510790,6.48,6.48,6.486297150971865
20230816094512500,6.48,6.48,6.486297150971865
20230816094512670,6.48,6.48,6.486297150971865
20230816094513040,6.48,6.48,6.486297150971865
20230816094513060,6.48,6.48,6.486297150971865
20230816094513230,6.48,6.48,6.486297150971865
20230816094518000,6.48,6.48,6.486297150971865
20230816094518010,6.48,6.48,6.486297150971865
20230816094520570,6.48,6.48,6.486297150971865
20230816094521090,6.48,6.48,6.486297150971865
20230816094521120,6.48,6.48,6.486297150971865
20230816094523420,6.48,6.48,6.486297150971865
20230816094523520,6.48,6.48,6.486297150971865
20230816094523540,6.48,6.48,6.486297150971865
20230816094523660,6.48,6.48,6.486297150971865
20230816094524020,6.48,6.48,6.486297150971865
20230816094525840,6.48,6.48,6.486297150971865
20230816094526070,6.48,6.48,6.486297150971865
20230816094528910,6.48,6.48,6.486297150971865
20230816094531260,6.48,6.48,6.486297150971865
20230816094531580,6.48,6.48,6.486297150971865
20230816094532470,6.48,6.48,6.486297150971865
20230816094534140,6.48,6.48,6.486297150971865
20230816094534180,6.48,6.48,6.486297150971865
20230816094534190,6.48,6.48,6.486261253309797
20230816094534560,6.48,6.48,6.486261253309797
20230816094534740,6.48,6.48,6.486261253309797
20230816094537050,6.48,6.48,6.486261253309797
20230816094537070,6.48,6.48,6.486258383339217
20230816094537090,6.48,6.48,6.486255514381507
20230816094537230,6.48,6.48,6.486255514381507
20230816094537270,6.48,6.48,6.486255514381507
20230816094537470,6.48,6.48,6.486255514381507
20230816094537550,6.48,6.48,6.486255514381507
20230816094537580,6.48,6.48,6.486255514381507
20230816094540010,6.48,6.48,6.48622093533386
20230816094542940,6.48,6.48,6.4862064437051306
20230816094543110,6.48,6.48,6.4862064437051306
20230816094543150,6.48,6.48,6.4862064437051306
20230816094545870,6.48,6.48,6.4862064437051306
20230816094547840,6.48,6.48,6.4862064437051306
20230816094547880,6.48,6.48,6.4862064437051306
20230816094548230,6.48,6.48,6.4862064437051306
20230816094548280,6.48,6.48,6.4862064437051306
20230816094550580,6.48,6.48,6.486205024949663
20230816094550590,6.48,6.48,6.486205024949663
20230816094553240,6.48,6.48,6.486205024949663
20230816094555700,6.48,6.48,6.486139986139986
20230816094555850,6.48,6.48,6.486139986139986
20230816094556220,6.48,6.48,6.486139986139986
20230816094556350,6.48,6.48,6.486139986139986
20230816094556580,6.48,6.48,6.486139454309225
20230816094559110,6.48,6.48,6.486139454309225
20230816094601230,6.48,6.48,6.486139454309225
20230816094601530,6.48,6.48,6.486139454309225
20230816094601560,6.48,6.48,6.486139454309225
20230816094601850,6.48,6.48,6.486139454309225
20230816094603770,6.48,6.48,6.4861309575296255
20230816094604000,6.48,6.48,6.4861309575296255
20230816094607230,6.48,6.48,6.4861309575296255
20230816094609160,6.48,6.48,6.4861309575296255
20230816094610020,6.48,6.48,6.4861309575296255
20230816094610180,6.48,6.48,6.4861309575296255
20230816094612020,6.48,6.48,6.4861309575296255
20230816094612260,6.48,6.48,6.4861309575296255
20230816094612280,6.48,6.48,6.4861309575296255
20230816094612660,6.48,6.48,6.4861309575296255
20230816094612930,6.48,6.48,6.4861309575296255
20230816094614910,6.48,6.48,6.4861309575296255
20230816094615040,6.48,6.48,6.4861309575296255
20230816094615390,6.48,6.48,6.4861309575296255
20230816094617330,6.48,6.48,6.4861309575296255
20230816094618110,6.48,6.48,6.4861309575296255
20230816094620530,6.48,6.48,6.4861309575296255
20230816094620970,6.48,6.48,6.4861309575296255
20230816094621040,6.48,6.48,6.4861309575296255
20230816094621070,6.48,6.48,6.4861309575296255
20230816094623350,6.48,6.48,6.4861309575296255
20230816094625210,6.48,6.48,6.4861309575296255
20230816094625550,6.48,6.48,6.4861309575296255
20230816094625660,6.48,6.48,6.4861309575296255
20230816094626290,6.48,6.48,6.4861309575296255
20230816094628330,6.48,6.48,6.4861309575296255
20230816094628820,6.48,6.48,6.486113654028846
20230816094631050,6.48,6.48,6.486113654028846
20230816094631180,6.48,6.48,6.486113126079447
20230816094631420,6.48,6.48,6.486113126079447
20230816094631520,6.48,6.48,6.486113126079447
20230816094633430,6.48,6.48,6.486113126079447
20230816094633540,6.48,6.48,6.486113126079447
20230816094634250,6.48,6.48,6.486113126079447
20230816094636630,6.48,6.48,6.486113126079447
20230816094636800,6.48,6.48,6.486113126079447
20230816094636940,6.48,6.48,6.486113126079447
20230816094639010,6.48,6.48,6.486113126079447
20230816094642640,6.48,6.48,6.486113126079447
20230816094647230,6.48,6.48,6.486113126079447
20230816094647530,6.48,6.48,6.486113126079447
20230816094647810,6.48,6.48,6.486113126079447
20230816094649890,6.48,6.48,6.486113126079447
20230816094650290,6.48,6.48,6.486113126079447
20230816094650300,6.48,6.48,6.486113126079447
20230816094650530,6.48,6.48,6.486113126079447
20230816094653150,6.48,6.48,6.486113126079447
20230816094653310,6.48,6.48,6.486113126079447
20230816094655010,6.48,6.48,6.486113126079447
20230816094655170,6.48,6.48,6.486113126079447
20230816094655890,6.48,6.48,6.486113126079447
20230816094658130,6.48,6.48,6.486113126079447
20230816094658150,6.48,6.48,6.486113126079447
20230816094658360,6.48,6.48,6.486113126079447
20230816094658450,6.48,6.48,6.486113126079447
20230816094658710,6.48,6.48,6.486113126079447
20230816094701070,6.48,6.48,6.486113126079447
20230816094701350,6.48,6.48,6.486113126079447
20230816094701440,6.48,6.48,6.486113126079447
20230816094704060,6.48,6.48,6.486113126079447
20230816094704160,6.48,6.48,6.486113126079447
20230816094706560,6.48,6.48,6.486113126079447
20230816094709240,6.48,6.48,6.486113126079447
20230816094711200,6.48,6.48,6.486113126079447
20230816094712000,6.48,6.48,6.486113126079447
20230816094712290,6.48,6.48,6.486113126079447
20230816094713920,6.48,6.48,6.486113126079447
20230816094714030,6.48,6.48,6.486107898144152
20230816094714040,6.48,6.48,6.486107898144152
20230816094714250,6.48,6.48,6.486102338424368
20230816094714680,6.48,6.48,6.486102338424368
20230816094714700,6.48,6.48,6.486102338424368
20230816094714850,6.48,6.48,6.486099560003451
20230816094714860,6.48,6.48,6.486099560003451
20230816094715030,6.48,6.48,6.486099560003451
20230816094715050,6.48,6.48,6.486099560003451
20230816094715060,6.48,6.48,6.486099560003451
20230816094716510,6.48,6.48,6.486099560003451
20230816094717060,6.47,6.48,6.486099560003451
20230816094717070,6.47,6.48,6.486099560003451
20230816094717110,6.47,6.48,6.486099560003451
20230816094717120,6.47,6.48,6.486099560003451
20230816094717210,6.47,6.48,6.486099560003451
20230816094719680,6.47,6.48,6.486099560003451
20230816094719920,6.47,6.48,6.486099560003451
20230816094719930,6.47,6.48,6.486099560003451
20230816094720190,6.47,6.48,6.486099560003451
20230816094722190,6.47,6.48,6.486099560003451
20230816094722740,6.47,6.48,6.486099560003451
20230816094725100,6.47,6.48,6.486099560003451
20230816094725140,6.47,6.48,6.486099560003451
20230816094725170,6.47,6.48,6.486099560003451
20230816094725340,6.47,6.48,6.486099560003451
20230816094725790,6.47,6.48,6.486099560003451
20230816094727810,6.47,6.48,6.486002915701913
20230816094730090,6.47,6.48,6.486002915701913
20230816094730100,6.47,6.48,6.486002915701913
20230816094730560,6.47,6.48,6.486002915701913
20230816094730650,6.47,6.48,6.486002915701913
20230816094731060,6.48,6.48,6.485961850996493
20230816094731130,6.48,6.48,6.485961850996493
20230816094732880,6.48,6.48,6.485961850996493
20230816094733160,6.47,6.48,6.485961850996493
20230816094743930,6.47,6.48,6.485961850996493
20230816094744530,6.47,6.48,6.485961850996493
20230816094746420,6.47,6.48,6.485961850996493
20230816094746470,6.47,6.48,6.485961850996493
20230816094746760,6.47,6.48,6.485961850996493
20230816094747180,6.47,6.48,6.485961850996493
20230816094752730,6.47,6.48,6.485961850996493
20230816094754950,6.47,6.48,6.485961850996493
20230816094757540,6.47,6.48,6.485961850996493
20230816094758070,6.47,6.48,6.485961850996493
20230816094758130,6.47,6.48,6.485961850996493
20230816094759800,6.47,6.48,6.4859168516305274
20230816094759860,6.47,6.48,6.4859168516305274
20230816094800130,6.47,6.48,6.4859168516305274
20230816094800150,6.48,6.48,6.485865384615384
20230816094800670,6.48,6.48,6.485865384615384
20230816094802660,6.48,6.48,6.485865384615384
20230816094803280,6.48,6.48,6.485865384615384
20230816094805180,6.48,6.48,6.485811567164179
20230816094805190,6.48,6.48,6.4858075455701565
20230816094805420,6.48,6.48,6.4858075455701565
20230816094805460,6.48,6.48,6.485806205493388
20230816094805470,6.48,6.48,6.48580352602136
20230816094805480,6.48,6.48,6.485795493053202
20230816094805490,6.48,6.48,6.485792817211587
20230816094805500,6.48,6.48,6.485786131572263
20230816094805510,6.48,6.48,6.485784795123603
20230816094805720,6.48,6.48,6.485784795123603
20230816094805730,6.48,6.48,6.485775446315255
20230816094805800,6.48,6.48,6.485775446315255
20230816094806010,6.47,6.48,6.485770109109363
20230816094806020,6.47,6.48,6.485770109109363
20230816094806030,6.47,6.48,6.485770109109363
20230816094806040,6.47,6.48,6.485770109109363
20230816094806060,6.47,6.48,6.485770109109363
20230816094806190,6.47,6.48,6.485770109109363
20230816094806300,6.47,6.48,6.485770109109363
20230816094809020,6.47,6.48,6.485770109109363
20230816094810590,6.47,6.48,6.485770109109363
20230816094813510,6.47,6.48,6.485770109109363
20230816094813750,6.47,6.48,6.485770109109363
20230816094813970,6.47,6.48,6.485770109109363
20230816094814030,6.47,6.48,6.485770109109363
20230816094815930,6.47,6.48,6.48575678188118
20230816094818860,6.47,6.48,6.48575678188118
20230816094819230,6.47,6.48,6.48575678188118
20230816094825090,6.47,6.48,6.48575678188118
20230816094825190,6.47,6.48,6.48575678188118
20230816094827730,6.47,6.48,6.48575678188118
20230816094829830,6.47,6.48,6.48575678188118
20230816094830210,6.48,6.47,6.485586489423961
20230816094830220,6.48,6.47,6.485564368008014
20230816094830230,6.48,6.47,6.485564368008014
20230816094832960,6.48,6.47,6.485564368008014
20230816094833000,6.48,6.47,6.48554230929554
20230816094833020,6.48,6.47,6.485529362765514
20230816094833270,6.48,6.47,6.485529362765514
20230816094833280,6.48,6.47,6.485529362765514
20230816094834980,6.48,6.47,6.485529362765514
20230816094835260,6.47,6.47,6.485529362765514
20230816094835290,6.47,6.47,6.485529362765514
20230816094835390,6.47,6.47,6.485529362765514
20230816094835630,6.47,6.47,6.485529362765514
20230816094837530,6.47,6.47,6.485529362765514
20230816094837820,6.47,6.47,6.485529362765514
20230816094837990,6.47,6.47,6.485529362765514
20230816094838550,6.47,6.47,6.485529362765514
20230816094838580,6.47,6.47,6.485529362765514
20230816094840330,6.47,6.47,6.485529362765514
20230816094842990,6.47,6.47,6.485529362765514
20230816094843000,6.47,6.47,6.485529362765514
20230816094843140,6.47,6.47,6.485529362765514
20230816094843200,6.47,6.47,6.485529362765514
20230816094845650,6.47,6.47,6.485529362765514
20230816094845980,6.47,6.47,6.485529362765514
20230816094846110,6.47,6.47,6.485529362765514
20230816094846200,6.47,6.47,6.485529362765514
20230816094846260,6.48,6.47,6.485195207433368
20230816094846280,6.47,6.47,6.485195207433368
20230816094846380,6.47,6.47,6.485195207433368
20230816094846480,6.48,6.47,6.485182832478215
20230816094846550,6.48,6.47,6.485182832478215
20230816094848340,6.48,6.47,6.485182832478215
20230816094848440,6.48,6.47,6.485182832478215
20230816094848700,6.48,6.47,6.485182832478215
20230816094848820,6.48,6.47,6.485182832478215
20230816094848830,6.48,6.47,6.485182832478215
20230816094849080,6.48,6.47,6.485182832478215
20230816094849150,6.48,6.47,6.485165460606553
20230816094849210,6.48,6.47,6.485165460606553
20230816094849220,6.48,6.47,6.485165460606553
20230816094849360,6.48,6.47,6.485165460606553
20230816094849370,6.48,6.47,6.485165460606553
20230816094849420,6.48,6.47,6.485165460606553
20230816094849430,6.48,6.47,6.485165460606553
20230816094849440,6.48,6.47,6.485165460606553
20230816094851010,6.48,6.47,6.485165460606553
20230816094851040,6.48,6.47,6.485157911829179
20230816094851050,6.48,6.47,6.485157911829179
20230816094851120,6.48,6.47,6.485157911829179
20230816094851210,6.48,6.47,6.485157911829179
20230816094851530,6.48,6.47,6.485157911829179
20230816094852030,6.48,6.47,6.485157911829179
20230816094852100,6.48,6.47,6.485157911829179
20230816094852120,6.48,6.47,6.485157911829179
20230816094853710,6.48,6.47,6.485157911829179
20230816094853820,6.48,6.47,6.485152498377677
20230816094853870,6.48,6.47,6.485152498377677
20230816094854240,6.48,6.47,6.485152498377677
20230816094854330,6.48,6.47,6.485152498377677
20230816094854530,6.48,6.47,6.485152498377677
20230816094854640,6.48,6.47,6.48511350829174
20230816094856950,6.48,6.47,6.48511350829174
20230816094857100,6.48,6.47,6.48511350829174
20230816094859230,6.48,6.47,6.48511350829174
20230816094859380,6.48,6.47,6.48511350829174
20230816094900020,6.48,6.47,6.48511350829174
20230816094900150,6.48,6.47,6.48511350829174
20230816094901850,6.48,6.47,6.485103647758316
20230816094902210,6.48,6.47,6.485103647758316
20230816094902820,6.48,6.47,6.485103647758316
20230816094903010,6.48,6.47,6.485103647758316
20230816094905020,6.48,6.47,6.485103647758316
20230816094905150,6.48,6.47,6.485103647758316
20230816094907380,6.48,6.47,6.485103647758316
20230816094910210,6.48,6.47,6.485100811310145
20230816094910650,6.48,6.47,6.485096717232523
20230816094910680,6.48,6.47,6.485082032813125
20230816094910760,6.48,6.47,6.485082032813125
20230816094910970,6.48,6.47,6.485082032813125
20230816094910990,6.48,6.47,6.485082032813125
20230816094911100,6.48,6.47,6.485082032813125
20230816094912760,6.48,6.47,6.485082032813125
20230816094913130,6.48,6.47,6.485075533530493
20230816094913170,6.48,6.47,6.485075533530493
20230816094913190,6.48,6.48,6.4850731005832065
20230816094913200,6.48,6.48,6.4850731005832065
20230816094913270,6.48,6.48,6.4850731005832065
20230816094915530,6.49,6.48,6.4850821371610845
20230816094915850,6.49,6.48,6.4850821371610845
20230816094915890,6.49,6.48,6.4850821371610845
20230816094916120,6.49,6.48,6.485091082650545
20230816094916240,6.49,6.48,6.485091082650545
20230816094918120,6.49,6.48,6.485091082650545
20230816094918140,6.49,6.48,6.485092585234046
20230816094918380,6.49,6.48,6.485092585234046
20230816094918390,6.49,6.48,6.485091775923719
20230816094918470,6.49,6.48,6.485091775923719
20230816094919070,6.49,6.48,6.485091371365009
20230816094919180,6.49,6.48,6.485090562440419
20230816094921020,6.49,6.48,6.485090562440419
20230816094921240,6.49,6.48,6.485090562440419
20230816094921500,6.49,6.48,6.485090562440419
20230816094924350,6.49,6.48,6.485084907157594
20230816094929840,6.49,6.48,6.485113985958823
20230816094931500,6.48,6.48,6.485083698372966
20230816094931510,6.48,6.48,6.485079327862446
20230816094931550,6.48,6.48,6.485079327862446
20230816094931580,6.48,6.48,6.485079327862446
20230816094931590,6.48,6.48,6.485079327862446
20230816094932120,6.48,6.48,6.485079327862446
20230816094932130,6.48,6.48,6.485078534031413
20230816094932140,6.48,6.48,6.485073380171741
20230816094934990,6.48,6.48,6.485073380171741
20230816094937560,6.48,6.48,6.485073380171741
20230816094937870,6.48,6.48,6.485073380171741
20230816094938030,6.48,6.48,6.485073380171741
20230816094940090,6.48,6.48,6.485073380171741
20230816094940110,6.48,6.48,6.485071027162036
20230816094940160,6.48,6.48,6.485071027162036
20230816094940190,6.48,6.48,6.485071027162036
20230816094940210,6.48,6.48,6.485071027162036
20230816094940260,6.48,6.48,6.485071027162036
20230816094940520,6.48,6.48,6.485069444444444
20230816094943060,6.48,6.48,6.485068653456078
20230816094943070,6.48,6.48,6.485068653456078
20230816094943100,6.48,6.48,6.485068653456078
20230816094943220,6.48,6.48,6.485065127525154
20230816094943230,6.48,6.48,6.485065127525154
20230816094943280,6.48,6.48,6.485065127525154
20230816094943290,6.48,6.48,6.485065127525154
20230816094945150,6.48,6.48,6.485065127525154
20230816094946060,6.48,6.48,6.485065127525154
20230816094946090,6.48,6.48,6.485065127525154
20230816094947810,6.48,6.48,6.485065127525154
20230816094948120,6.48,6.48,6.485065127525154
20230816094948370,6.48,6.48,6.485065127525154
20230816094948780,6.48,6.48,6.485065127525154
20230816094951320,6.48,6.48,6.485065127525154
20230816094951530,6.48,6.48,6.485065127525154
20230816094953100,6.48,6.48,6.485065127525154
20230816094954140,6.48,6.48,6.485065127525154
20230816094954190,6.48,6.48,6.485065127525154
20230816094954240,6.48,6.48,6.485065127525154
20230816094955810,6.48,6.48,6.485050175029172
20230816094955990,6.48,6.47,6.485015133876601
20230816094956180,6.48,6.47,6.485015133876601
20230816094956420,6.48,6.47,6.485015133876601
20230816094959120,6.48,6.48,6.485015133876601
20230816094959130,6.48,6.48,6.485015133876601
20230816095001290,6.48,6.48,6.485015133876601
20230816095001300,6.48,6.48,6.485015133876601
20230816095001330,6.48,6.48,6.485015133876601
20230816095001340,6.48,6.48,6.485015133876601
20230816095001350,6.48,6.48,6.485015133876601
20230816095001360,6.48,6.48,6.485015133876601
20230816095001380,6.48,6.48,6.485015133876601
20230816095001410,6.48,6.48,6.485015133876601
20230816095001430,6.48,6.48,6.485015133876601
20230816095001510,6.48,6.48,6.485015133876601
20230816095002020,6.48,6.48,6.485015133876601
20230816095002330,6.48,6.48,6.485015133876601
20230816095004000,6.48,6.48,6.485015133876601
20230816095004130,6.48,6.48,6.485015133876601
20230816095004160,6.48,6.48,6.485015133876601
20230816095004170,6.48,6.48,6.485008137642409
20230816095004190,6.48,6.48,6.485008137642409
20230816095004260,6.48,6.48,6.485008137642409
20230816095004280,6.48,6.48,6.485008137642409
20230816095007090,6.48,6.48,6.485005422153369
20230816095007130,6.48,6.48,6.485003096934035
20230816095007180,6.48,6.48,6.485003096934035
20230816095007200,6.48,6.48,6.485003096934035
20230816095007210,6.48,6.48,6.485003096934035
20230816095009820,6.48,6.48,6.485003096934035
20230816095010080,6.48,6.48,6.485003096934035
20230816095010150,6.48,6.48,6.485003096934035
20230816095010180,6.48,6.48,6.485003096934035
20230816095012570,6.48,6.48,6.485003096934035
20230816095013140,6.48,6.48,6.485003096934035
20230816095013150,6.48,6.48,6.485003096934035
20230816095013230,6.48,6.48,6.485003096934035
20230816095014740,6.48,6.48,6.485003096934035
20230816095014820,6.48,6.48,6.485003096934035
20230816095015000,6.48,6.48,6.485003096934035
20230816095015070,6.48,6.48,6.484993431728615
20230816095015220,6.48,6.48,6.484993431728615
20230816095015230,6.48,6.48,6.484993431728615
20230816095015350,6.48,6.48,6.484993431728615
20230816095015420,6.48,6.48,6.484993431728615
20230816095015590,6.48,6.48,6.484993431728615
20230816095018140,6.48,6.48,6.484993431728615
20230816095020130,6.48,6.48,6.484993431728615
20230816095020720,6.48,6.48,6.484993431728615
20230816095021210,6.48,6.48,6.484993431728615
20230816095023570,6.48,6.48,6.484993431728615
20230816095023670,6.48,6.48,6.484993431728615
20230816095026120,6.48,6.48,6.484993431728615
20230816095026450,6.48,6.48,6.484992274412855
20230816095028990,6.48,6.48,6.484992274412855
20230816095029370,6.48,6.48,6.484992274412855
20230816095033700,6.48,6.48,6.484992274412855
20230816095033960,6.48,6.48,6.484992274412855
20230816095034030,6.48,6.48,6.484992274412855
20230816095034070,6.48,6.48,6.484992274412855
20230816095034170,6.48,6.48,6.484989961389961
20230816095034240,6.48,6.48,6.484989961389961
20230816095034300,6.48,6.48,6.48498957609451
20230816095034310,6.48,6.48,6.484989190858554
20230816095034370,6.48,6.48,6.484986880691465
20230816095034390,6.48,6.48,6.484986495871595
20230816095034460,6.48,6.48,6.484986495871595
20230816095034680,6.48,6.47,6.484873267478368
20230816095036600,6.48,6.47,6.484873267478368
20230816095037070,6.48,6.47,6.484873267478368
20230816095039340,6.48,6.47,6.484873267478368
20230816095039690,6.48,6.47,6.484868793512356
20230816095040050,6.48,6.47,6.484868793512356
20230816095040080,6.48,6.47,6.484868793512356
20230816095042920,6.48,6.47,6.484868793512356
20230816095045250,6.48,6.48,6.484860983806905
20230816095045490,6.48,6.48,6.484860983806905
20230816095045540,6.48,6.48,6.484860612541053
20230816095045570,6.48,6.48,6.484860241331908
20230816095045640,6.48,6.48,6.4848598701794575
20230816095047380,6.48,6.48,6.4848598701794575
20230816095048320,6.48,6.48,6.4848598701794575
20230816095052980,6.48,6.48,6.4848598701794575
20230816095053650,6.48,6.48,6.4848598701794575
20230816095055210,6.48,6.48,6.4848598701794575
20230816095055400,6.49,6.47,6.484962118425892
20230816095055450,6.49,6.47,6.484962118425892
20230816095055520,6.49,6.47,6.484962118425892
20230816095058100,6.49,6.47,6.484962118425892
20230816095058150,6.49,6.48,6.484962118425892
20230816095058730,6.49,6.48,6.484962118425892
20230816095058880,6.49,6.48,6.484962118425892
20230816095059090,6.48,6.47,6.484961023679953
20230816095100710,6.48,6.48,6.484961023679953
20230816095101080,6.48,6.48,6.484961023679953
20230816095101140,6.49,6.48,6.484961023679953
20230816095101230,6.49,6.48,6.484961023679953
20230816095101260,6.49,6.48,6.484961023679953
20230816095101450,6.49,6.48,6.484961023679953
20230816095103310,6.49,6.48,6.484961023679953
20230816095104020,6.49,6.48,6.484961023679953
20230816095104180,6.49,6.48,6.484961023679953
20230816095106020,6.49,6.48,6.484978393027173
20230816095106050,6.49,6.48,6.484978393027173
20230816095106060,6.49,6.48,6.484978393027173
20230816095106150,6.49,6.48,6.484978393027173
20230816095106190,6.49,6.48,6.484978393027173
20230816095106630,6.49,6.48,6.484978393027173
20230816095107100,6.49,6.48,6.484978393027173
20230816095107150,6.49,6.48,6.484978393027173
20230816095108690,6.49,6.48,6.484978393027173
20230816095109140,6.49,6.48,6.484978393027173
20230816095109480,6.49,6.48,6.484978393027173
20230816095109530,6.49,6.48,6.484978393027173
20230816095109760,6.49,6.48,6.484978393027173
20230816095111860,6.49,6.48,6.484978393027173
20230816095112310,6.49,6.48,6.484978393027173
20230816095114540,6.49,6.48,6.484978393027173
20230816095117950,6.49,6.48,6.484981749160461
20230816095122360,6.49,6.48,6.484981749160461
20230816095122370,6.49,6.48,6.484981749160461
20230816095122440,6.49,6.49,6.484982481751825
20230816095122450,6.49,6.49,6.484982481751825
20230816095122550,6.49,6.49,6.484982481751825
20230816095122860,6.49,6.49,6.484983214129324
20230816095122930,6.49,6.49,6.484983214129324
20230816095123100,6.49,6.49,6.484983946293053
20230816095123110,6.49,6.49,6.484985409979574
20230816095123240,6.49,6.49,6.484985409979574
20230816095123290,6.49,6.48,6.4849846849474915
20230816095123300,6.49,6.48,6.4849846849474915
20230816095123330,6.49,6.48,6.484983231262759
20230816095123340,6.49,6.48,6.4849825047383
20230816095123360,6.49,6.49,6.4849825047383
20230816095123370,6.49,6.49,6.4849825047383
20230816095123390,6.49,6.49,6.4849825047383
20230816095123400,6.49,6.49,6.4849825047383
20230816095123410,6.49,6.49,6.4849825047383
20230816095125070,6.49,6.49,6.4849825047383
20230816095125080,6.49,6.49,6.484989079790332
20230816095125290,6.49,6.49,6.484989809288106
20230816095125300,6.49,6.49,6.484990173957348
20230816095125430,6.49,6.49,6.484990173957348
20230816095125440,6.49,6.49,6.484990173957348
20230816095126090,6.49,6.49,6.484990173957348
20230816095128080,6.49,6.49,6.484990538573508
20230816095128120,6.49,6.49,6.484990538573508
20230816095130520,6.49,6.49,6.4849916321036165
20230816095130990,6.49,6.49,6.4849916321036165
20230816095131070,6.49,6.49,6.4849916321036165
20230816095131120,6.49,6.49,6.4849916321036165
20230816095131140,6.49,6.49,6.4849916321036165
20230816095133030,6.49,6.49,6.4849916321036165
20230816095133670,6.49,6.49,6.4849916321036165
20230816095134000,6.49,6.49,6.4849916321036165
20230816095134060,6.49,6.49,6.484997092600668
20230816095134070,6.49,6.49,6.484997092600668
20230816095136620,6.49,6.49,6.484997092600668
20230816095136680,6.49,6.49,6.484997456210481
20230816095143910,6.49,6.49,6.484997456210481
20230816095143920,6.49,6.49,6.484997456210481
20230816095144380,6.49,6.49,6.484997456210481
20230816095144390,6.49,6.49,6.484997456210481
20230816095144770,6.49,6.49,6.484997456210481
20230816095147290,6.49,6.49,6.484997456210481
20230816095147460,6.49,6.49,6.484997456210481
