Timestamp,ask1,bid1,VWAP
20230810093000070,6.04,7.04,0.0
20230810093000080,6.04,7.04,0.0
20230810093000090,6.04,7.04,0.0
20230810093000100,6.04,7.04,0.0
20230810093000110,6.04,7.04,0.0
20230810093000120,6.04,7.04,0.0
20230810093000130,6.04,7.04,0.0
20230810093000160,6.04,7.04,0.0
20230810093000180,6.04,7.04,0.0
20230810093000490,6.04,7.04,0.0
20230810093000500,6.04,7.04,0.0
20230810093000540,6.04,7.04,0.0
20230810093000550,6.04,7.04,0.0
20230810093000570,6.04,7.04,0.0
20230810093000620,6.04,7.04,0.0
20230810093000630,6.04,6.75,6.691
20230810093000650,6.04,6.75,6.691
20230810093000720,6.04,6.75,6.691
20230810093000800,6.04,6.75,6.691
20230810093000840,6.04,6.75,6.691
20230810093000860,6.04,6.75,6.691
20230810093001680,6.04,6.75,6.691
20230810093001710,6.04,6.75,6.691
20230810093001730,6.04,6.75,6.691
20230810093001780,6.04,6.75,6.691
20230810093001790,6.04,6.75,6.691
20230810093001860,6.04,6.75,6.691
20230810093001950,6.04,6.75,6.691
20230810093002000,6.04,6.75,6.691
20230810093002050,6.04,6.75,6.691
20230810093002130,6.04,6.75,6.691
20230810093002300,6.04,6.75,6.691
20230810093002320,6.04,6.75,6.691
20230810093002390,6.04,6.75,6.691
20230810093002430,6.04,6.75,6.691
20230810093002440,6.04,6.75,6.691
20230810093003940,6.04,6.75,6.691
20230810093003950,6.04,6.75,6.691
20230810093003960,6.04,6.75,6.691
20230810093003990,6.04,6.75,6.691
20230810093004060,6.04,6.75,6.691
20230810093004130,6.04,6.75,6.691
20230810093004170,6.04,6.75,6.691
20230810093004370,6.04,6.75,6.691
20230810093004420,6.04,6.75,6.691
20230810093004520,6.04,6.75,6.691
20230810093004590,6.04,6.75,6.691
20230810093004630,6.04,6.75,6.691
20230810093004660,6.04,6.75,6.691
20230810093004670,6.04,6.75,6.691
20230810093004930,6.04,6.75,6.691
20230810093005010,6.04,6.75,6.691
20230810093005370,6.04,6.75,6.691
20230810093005540,6.04,6.75,6.691
20230810093005570,6.04,6.75,6.691
20230810093009100,6.04,6.75,6.691
20230810093009720,6.04,6.75,6.689090909090909
20230810093009990,6.04,6.75,6.689090909090909
20230810093010040,6.04,6.75,6.689090909090909
20230810093010120,6.04,6.75,6.689090909090909
20230810093010200,6.04,6.75,6.689090909090909
20230810093010300,6.04,6.75,6.689090909090909
20230810093010340,6.04,6.75,6.688823529411764
20230810093010430,6.04,6.75,6.688823529411764
20230810093010480,6.04,6.75,6.688823529411764
20230810093010500,6.04,6.69,6.688823529411764
20230810093010540,6.04,6.69,6.688823529411764
20230810093011010,6.04,6.69,6.688823529411764
20230810093017600,6.04,6.69,6.688823529411764
20230810093017820,6.04,6.69,6.688823529411764
20230810093018060,6.04,6.69,6.688823529411764
20230810093020400,6.04,6.69,6.688823529411764
20230810093020660,6.04,6.69,6.688823529411764
20230810093022660,6.04,6.69,6.688823529411764
20230810093022680,6.04,6.69,6.688823529411764
20230810093023100,6.04,6.69,6.688823529411764
20230810093023330,6.04,6.69,6.688823529411764
20230810093025070,6.04,6.69,6.68938775510204
20230810093025080,6.04,6.69,6.68938775510204
20230810093025090,6.04,6.69,6.68938775510204
20230810093025130,6.04,6.69,6.68938775510204
20230810093025230,6.04,6.69,6.68938775510204
20230810093025280,6.04,6.69,6.68938775510204
20230810093025310,6.04,6.68,6.689107142857143
20230810093027660,6.04,6.68,6.689107142857143
20230810093027980,6.04,6.68,6.689107142857143
20230810093028000,6.04,6.68,6.689107142857143
20230810093028100,6.04,6.68,6.689107142857143
20230810093028420,6.04,6.68,6.689107142857143
20230810093030620,6.04,6.68,6.689107142857143
20230810093030640,6.04,6.68,6.689107142857143
20230810093030770,6.04,6.68,6.689107142857143
20230810093030860,6.04,6.68,6.689107142857143
20230810093030910,6.04,6.68,6.689107142857143
20230810093031070,6.04,6.68,6.689773242630386
20230810093031080,6.04,6.68,6.689776785714286
20230810093031400,6.04,6.69,6.689776785714286
20230810093031410,6.04,6.69,6.689776785714286
20230810093033300,6.04,6.69,6.689776785714286
20230810093033330,6.04,6.69,6.689776785714286
20230810093033350,6.04,6.69,6.689776785714286
20230810093033490,6.04,6.69,6.689776785714286
20230810093033710,6.04,6.69,6.689776785714286
20230810093033970,6.04,6.69,6.689776785714286
20230810093034080,6.04,6.7,6.689776785714286
20230810093034110,6.04,6.7,6.689776785714286
20230810093034290,6.04,6.7,6.689776785714286
20230810093035870,6.04,6.7,6.689776785714286
20230810093035880,6.04,6.7,6.689776785714286
20230810093035890,6.04,6.7,6.689776785714286
20230810093036030,6.04,6.7,6.689776785714286
20230810093036100,6.69,6.69,6.689776785714286
20230810093036110,6.69,6.69,6.689776785714286
20230810093036400,6.69,6.69,6.689776785714286
20230810093036570,6.69,6.7,6.689776785714286
20230810093036870,6.69,6.7,6.689776785714286
20230810093038550,6.69,6.7,6.689776785714286
20230810093039490,6.69,6.7,6.689776785714286
20230810093039620,6.69,6.7,6.689776785714286
20230810093041240,6.69,6.7,6.689776785714286
20230810093041390,6.69,6.7,6.689776785714286
20230810093041500,6.7,6.7,6.69280511293994
20230810093041860,6.7,6.7,6.69280511293994
20230810093041880,6.7,6.7,6.69280511293994
20230810093041990,6.7,6.7,6.69280511293994
20230810093042240,6.7,6.7,6.69280511293994
20230810093042340,6.7,6.7,6.69280511293994
20230810093045010,6.7,6.7,6.69280511293994
20230810093046720,6.7,6.7,6.69280511293994
20230810093046730,6.7,6.7,6.69280511293994
20230810093046870,6.7,6.7,6.69280511293994
20230810093047480,6.7,6.7,6.69280511293994
20230810093050040,6.7,6.7,6.69280511293994
20230810093050390,6.7,6.7,6.694430379746835
20230810093050400,6.7,6.7,6.694430379746835
20230810093050470,6.7,6.7,6.694430379746835
20230810093052040,6.7,6.7,6.694907975460123
20230810093052080,6.7,6.7,6.6950022862368535
20230810093052100,6.7,6.7,6.6950022862368535
20230810093052390,6.7,6.7,6.6950022862368535
20230810093052860,6.7,6.7,6.6950022862368535
20230810093057640,6.7,6.7,6.6950022862368535
20230810093057970,6.7,6.7,6.6950022862368535
20230810093100440,6.7,6.7,6.6950022862368535
20230810093100970,6.7,6.7,6.6950022862368535
20230810093101030,6.71,6.7,6.6950022862368535
20230810093101070,6.71,6.7,6.6950022862368535
20230810093101080,6.71,6.7,6.6950022862368535
20230810093102810,6.71,6.7,6.6950022862368535
20230810093102870,6.71,6.7,6.6950022862368535
20230810093103530,6.71,6.7,6.6950022862368535
20230810093103540,6.71,6.7,6.6950022862368535
20230810093103580,6.71,6.7,6.6950022862368535
20230810093103790,6.71,6.7,6.6950022862368535
20230810093104020,6.71,6.7,6.695984632896984
20230810093105860,6.71,6.7,6.695984632896984
20230810093106050,6.71,6.71,6.695984632896984
20230810093106070,6.71,6.7,6.696058373476906
20230810093106250,6.71,6.7,6.696058373476906
20230810093106360,6.71,6.71,6.696058373476906
20230810093106380,6.71,6.71,6.696058373476906
20230810093106390,6.71,6.71,6.696058373476906
20230810093106420,6.71,6.71,6.696058373476906
20230810093106470,6.71,6.71,6.696058373476906
20230810093106660,6.71,6.71,6.696058373476906
20230810093111100,6.71,6.71,6.697012637805862
20230810093111420,6.71,6.71,6.697817851582772
20230810093114440,6.71,6.71,6.697817851582772
20230810093114480,6.71,6.71,6.697817851582772
20230810093116280,6.71,6.71,6.697817851582772
20230810093116570,6.71,6.71,6.697817851582772
20230810093119000,6.71,6.71,6.697817851582772
20230810093119430,6.71,6.71,6.697817851582772
20230810093120020,6.71,6.71,6.697817851582772
20230810093120070,6.71,6.71,6.697817851582772
20230810093121890,6.71,6.71,6.699346042471043
20230810093121930,6.71,6.71,6.699346042471043
20230810093121980,6.71,6.71,6.699346042471043
20230810093122120,6.71,6.71,6.699346042471043
20230810093122640,6.71,6.71,6.699346042471043
20230810093124370,6.71,6.71,6.7004544416533465
20230810093124390,6.71,6.71,6.7004544416533465
20230810093124410,6.71,6.71,6.7004544416533465
20230810093125090,6.71,6.71,6.700501196035995
20230810093125130,6.71,6.71,6.700501196035995
20230810093125170,6.71,6.71,6.700501196035995
20230810093125180,6.71,6.71,6.700501196035995
20230810093127220,6.72,6.71,6.700975772393866
20230810093127620,6.72,6.71,6.700975772393866
20230810093127650,6.72,6.71,6.700975772393866
20230810093129820,6.72,6.71,6.700975772393866
20230810093130220,6.72,6.71,6.700975772393866
20230810093130660,6.72,6.71,6.700975772393866
20230810093130790,6.72,6.71,6.700975772393866
20230810093132510,6.72,6.71,6.700975772393866
20230810093133000,6.72,6.71,6.700975772393866
20230810093133110,6.72,6.71,6.700975772393866
20230810093133230,6.72,6.71,6.700975772393866
20230810093135200,6.72,6.71,6.700975772393866
20230810093135330,6.72,6.71,6.700975772393866
20230810093135440,6.72,6.71,6.700975772393866
20230810093135810,6.72,6.71,6.700975772393866
20230810093137910,6.72,6.71,6.700975772393866
20230810093138550,6.72,6.71,6.700975772393866
20230810093138840,6.72,6.71,6.701488442428171
20230810093138880,6.72,6.71,6.701488442428171
20230810093139000,6.72,6.71,6.701526701119725
20230810093139020,6.72,6.71,6.701526701119725
20230810093139070,6.72,6.71,6.701526701119725
20230810093139090,6.72,6.71,6.701526701119725
20230810093140780,6.72,6.71,6.701526701119725
20230810093141040,6.72,6.71,6.701526701119725
20230810093141200,6.72,6.71,6.701526701119725
20230810093141540,6.72,6.71,6.701526701119725
20230810093141560,6.72,6.71,6.701526701119725
20230810093143580,6.72,6.71,6.701526701119725
20230810093144090,6.72,6.71,6.701526701119725
20230810093144430,6.72,6.71,6.701526701119725
20230810093146110,6.72,6.71,6.701526701119725
20230810093146280,6.72,6.71,6.701526701119725
20230810093146770,6.72,6.71,6.702452444262631
20230810093146850,6.72,6.71,6.702452444262631
20230810093147000,6.72,6.71,6.702452444262631
20230810093147050,6.72,6.71,6.7025061174551395
20230810093148710,6.72,6.71,6.7025061174551395
20230810093148740,6.72,6.71,6.7025061174551395
20230810093148900,6.72,6.71,6.702682680662091
20230810093149030,6.72,6.71,6.702682680662091
20230810093149100,6.72,6.71,6.702838567713544
20230810093149600,6.72,6.71,6.702957886372666
20230810093151390,6.72,6.71,6.702957886372666
20230810093151830,6.72,6.71,6.702957886372666
20230810093151870,6.72,6.71,6.703075557309134
20230810093152050,6.72,6.71,6.703075557309134
20230810093152070,6.72,6.71,6.703075557309134
20230810093152430,6.72,6.71,6.703075557309134
20230810093152460,6.72,6.71,6.703075557309134
20230810093154170,6.72,6.71,6.703075557309134
20230810093154280,6.72,6.71,6.703075557309134
20230810093154380,6.72,6.71,6.703225744105142
20230810093154580,6.72,6.71,6.703537979351033
20230810093154710,6.72,6.71,6.703537979351033
20230810093155250,6.72,6.71,6.703537979351033
20230810093155300,6.72,6.71,6.703688344903179
20230810093156750,6.72,6.71,6.703688344903179
20230810093156810,6.72,6.71,6.703688344903179
20230810093156930,6.72,6.71,6.703732920386227
20230810093157000,6.72,6.71,6.703732920386227
20230810093157020,6.72,6.71,6.704400768693222
20230810093157030,6.72,6.71,6.70445508356546
20230810093157250,6.72,6.71,6.70445508356546
20230810093157300,6.72,6.71,6.704642242862057
20230810093157310,6.72,6.71,6.704642242862057
20230810093157840,6.72,6.71,6.704642242862057
20230810093157850,6.72,6.71,6.704642242862057
20230810093157910,6.72,6.71,6.704642242862057
20230810093159680,6.72,6.71,6.704642242862057
20230810093200260,6.72,6.71,6.704642242862057
20230810093200300,6.72,6.71,6.704642242862057
20230810093200430,6.72,6.71,6.704642242862057
20230810093200510,6.72,6.71,6.704642242862057
20230810093200620,6.72,6.71,6.704642242862057
20230810093202520,6.72,6.71,6.704642242862057
20230810093202650,6.72,6.71,6.704642242862057
20230810093202740,6.72,6.71,6.704642242862057
20230810093202790,6.72,6.71,6.704642242862057
20230810093202900,6.72,6.71,6.704707997944854
20230810093203350,6.72,6.71,6.704707997944854
20230810093204900,6.72,6.71,6.704707997944854
20230810093205130,6.72,6.71,6.704707997944854
20230810093205350,6.72,6.71,6.704707997944854
20230810093205390,6.72,6.71,6.704707997944854
20230810093206000,6.72,6.71,6.704707997944854
20230810093207620,6.72,6.71,6.705263244759862
20230810093207650,6.72,6.71,6.705263244759862
20230810093207700,6.72,6.71,6.705263244759862
20230810093207760,6.72,6.71,6.705263244759862
20230810093207850,6.72,6.71,6.705263244759862
20230810093210270,6.72,6.71,6.705287526775416
20230810093210400,6.72,6.71,6.7052996378004615
20230810093210910,6.72,6.71,6.7052996378004615
20230810093211390,6.72,6.71,6.7052996378004615
20230810093212970,6.72,6.71,6.7052996378004615
20230810093213000,6.72,6.71,6.7052996378004615
20230810093213390,6.72,6.71,6.7052996378004615
20230810093213770,6.72,6.71,6.7052996378004615
20230810093214200,6.72,6.71,6.7052996378004615
20230810093215770,6.72,6.71,6.7052996378004615
20230810093216030,6.72,6.71,6.7052996378004615
20230810093216110,6.72,6.71,6.7052996378004615
20230810093216150,6.72,6.72,6.7052996378004615
20230810093216160,6.72,6.71,6.7056328705198585
20230810093216170,6.72,6.71,6.7056328705198585
20230810093216180,6.72,6.71,6.7056328705198585
20230810093216240,6.72,6.71,6.7056328705198585
20230810093216250,6.72,6.71,6.7056328705198585
20230810093216320,6.72,6.71,6.705667579320342
20230810093216560,6.72,6.71,6.705667579320342
20230810093216670,6.72,6.71,6.705667579320342
20230810093216680,6.72,6.71,6.705667579320342
20230810093216700,6.72,6.71,6.705667579320342
20230810093216780,6.72,6.71,6.705671065336338
20230810093216800,6.72,6.71,6.706008799497172
20230810093218460,6.72,6.71,6.706008799497172
20230810093218720,6.72,6.71,6.706836191602602
20230810093218730,6.72,6.71,6.706836191602602
20230810093218890,6.72,6.71,6.706836191602602
20230810093219060,6.72,6.71,6.706836191602602
20230810093219080,6.72,6.71,6.706836191602602
20230810093219120,6.72,6.71,6.706836191602602
20230810093219220,6.72,6.71,6.706865319368639
20230810093219230,6.72,6.71,6.706865319368639
20230810093219240,6.72,6.71,6.706865319368639
20230810093219420,6.72,6.71,6.706865319368639
20230810093221520,6.72,6.71,6.706865319368639
20230810093222150,6.72,6.71,6.706865319368639
20230810093222160,6.72,6.71,6.706865319368639
20230810093223800,6.72,6.71,6.706865319368639
20230810093223850,6.72,6.71,6.707259979968522
20230810093223860,6.72,6.71,6.707259979968522
20230810093223940,6.72,6.71,6.707350475919875
20230810093223980,6.72,6.71,6.707350475919875
20230810093224370,6.72,6.71,6.707350475919875
20230810093224610,6.72,6.71,6.707350475919875
20230810093224920,6.72,6.71,6.707350475919875
20230810093224950,6.72,6.72,6.707350475919875
20230810093224960,6.72,6.71,6.707527664939067
20230810093224970,6.72,6.71,6.707527664939067
20230810093224990,6.72,6.71,6.707527664939067
20230810093226660,6.72,6.71,6.707553816046967
20230810093226990,6.72,6.71,6.707553816046967
20230810093227050,6.72,6.71,6.707553816046967
20230810093227220,6.72,6.71,6.707553816046967
20230810093227580,6.72,6.71,6.707553816046967
20230810093229410,6.72,6.71,6.707553816046967
20230810093229500,6.72,6.71,6.707553816046967
20230810093232130,6.72,6.71,6.707553816046967
20230810093232200,6.72,6.71,6.707553816046967
20230810093232270,6.72,6.71,6.707553816046967
20230810093232630,6.72,6.72,6.707553816046967
20230810093232640,6.72,6.71,6.707588514078617
20230810093232760,6.72,6.71,6.707614410905551
20230810093232770,6.72,6.71,6.707614410905551
20230810093235150,6.72,6.71,6.707614410905551
20230810093235440,6.72,6.71,6.707767550487705
20230810093235690,6.72,6.71,6.70781775892735
20230810093237400,6.72,6.71,6.70781775892735
20230810093237460,6.72,6.71,6.70781775892735
20230810093237980,6.72,6.71,6.70781775892735
20230810093240230,6.72,6.71,6.70781775892735
20230810093240380,6.72,6.71,6.70781775892735
20230810093240550,6.72,6.71,6.70781775892735
20230810093241060,6.72,6.71,6.708073814655172
20230810093243120,6.72,6.71,6.708073814655172
20230810093243200,6.72,6.71,6.708073814655172
20230810093243480,6.72,6.71,6.708073814655172
20230810093245510,6.72,6.71,6.708073814655172
20230810093245520,6.72,6.71,6.708073814655172
20230810093245830,6.72,6.71,6.708073814655172
20230810093246020,6.72,6.71,6.708073814655172
20230810093246100,6.72,6.71,6.708073814655172
20230810093246110,6.72,6.71,6.708224061957538
20230810093246370,6.72,6.71,6.708224061957538
20230810093246440,6.72,6.71,6.70827104668174
20230810093248980,6.72,6.71,6.70827104668174
20230810093249000,6.72,6.71,6.70827104668174
20230810093249090,6.72,6.71,6.708274488983276
20230810093249110,6.72,6.71,6.708274488983276
20230810093249150,6.72,6.71,6.708274488983276
20230810093249220,6.72,6.71,6.708274488983276
20230810093251170,6.72,6.71,6.708360440713537
20230810093251530,6.72,6.71,6.708360440713537
20230810093251710,6.72,6.71,6.708360440713537
20230810093251760,6.72,6.71,6.708360440713537
20230810093251910,6.72,6.71,6.708360440713537
20230810093253770,6.72,6.71,6.708360440713537
20230810093254230,6.72,6.71,6.708383296242964
20230810093254380,6.72,6.71,6.708390894819466
20230810093254490,6.72,6.71,6.708390894819466
20230810093254550,6.72,6.71,6.708390894819466
20230810093254560,6.72,6.71,6.708390894819466
20230810093256270,6.72,6.71,6.708390894819466
20230810093256740,6.72,6.71,6.708390894819466
20230810093256750,6.72,6.71,6.708390894819466
20230810093257010,6.72,6.71,6.708390894819466
20230810093257080,6.72,6.71,6.708390894819466
20230810093258950,6.72,6.71,6.708390894819466
20230810093259460,6.72,6.71,6.708390894819466
20230810093259740,6.72,6.71,6.708390894819466
20230810093259820,6.72,6.71,6.708473282442748
20230810093259870,6.72,6.71,6.708540005145356
20230810093259930,6.72,6.71,6.708540005145356
20230810093300090,6.72,6.71,6.708540005145356
20230810093302360,6.72,6.71,6.708540005145356
20230810093302500,6.72,6.71,6.708540005145356
20230810093302680,6.72,6.71,6.708540005145356
20230810093304280,6.72,6.71,6.708540005145356
20230810093304300,6.72,6.71,6.708701061105013
20230810093304960,6.72,6.71,6.708711277831559
20230810093305250,6.72,6.71,6.708711277831559
20230810093307840,6.72,6.71,6.708711277831559
20230810093308210,6.72,6.71,6.708711277831559
20230810093310010,6.72,6.71,6.708780634310428
20230810093310180,6.72,6.71,6.708780634310428
20230810093310410,6.72,6.71,6.708780634310428
20230810093310590,6.72,6.71,6.708780634310428
20230810093310660,6.72,6.71,6.708780634310428
20230810093310910,6.72,6.71,6.709120456663561
20230810093313060,6.72,6.71,6.709120456663561
20230810093313080,6.72,6.71,6.709120456663561
20230810093313110,6.72,6.71,6.709120456663561
20230810093313520,6.72,6.71,6.709120456663561
20230810093315360,6.72,6.71,6.709120456663561
20230810093315530,6.72,6.71,6.709120456663561
20230810093315770,6.72,6.71,6.709120456663561
20230810093315820,6.72,6.71,6.709120456663561
20230810093316150,6.72,6.71,6.709120456663561
20230810093316160,6.72,6.71,6.709120456663561
20230810093316270,6.72,6.71,6.709399024832748
20230810093317820,6.72,6.71,6.709399024832748
20230810093318140,6.72,6.71,6.709399024832748
20230810093318760,6.72,6.71,6.709399024832748
20230810093318810,6.72,6.71,6.709399024832748
20230810093320520,6.72,6.71,6.709399024832748
20230810093320720,6.72,6.71,6.709399024832748
20230810093320800,6.72,6.71,6.709399024832748
20230810093320820,6.72,6.71,6.709399024832748
20230810093321120,6.72,6.71,6.709399024832748
20230810093321210,6.72,6.71,6.709399024832748
20230810093321650,6.72,6.71,6.709399024832748
20230810093321700,6.72,6.71,6.709399024832748
20230810093323610,6.72,6.71,6.709461218992031
20230810093326420,6.72,6.71,6.709461218992031
20230810093326880,6.72,6.71,6.709461218992031
20230810093326990,6.72,6.71,6.709461218992031
20230810093329050,6.72,6.71,6.709461218992031
20230810093329360,6.72,6.71,6.709461218992031
20230810093329390,6.72,6.71,6.709461218992031
20230810093329750,6.72,6.71,6.709461218992031
20230810093331270,6.72,6.71,6.709461218992031
20230810093331290,6.72,6.71,6.709461218992031
20230810093331900,6.72,6.71,6.709461218992031
20230810093332460,6.72,6.71,6.709461218992031
20230810093333960,6.72,6.71,6.7097502443262025
20230810093334130,6.72,6.71,6.7097502443262025
20230810093334920,6.72,6.71,6.7097502443262025
20230810093335090,6.72,6.71,6.7097502443262025
20230810093337150,6.72,6.71,6.7097502443262025
20230810093337410,6.72,6.71,6.7097502443262025
20230810093337420,6.72,6.71,6.7097502443262025
20230810093337440,6.72,6.71,6.7097502443262025
20230810093339990,6.72,6.71,6.7097502443262025
20230810093340000,6.72,6.71,6.7097502443262025
20230810093340310,6.72,6.71,6.7097502443262025
20230810093340390,6.72,6.71,6.7097502443262025
20230810093340460,6.72,6.71,6.7097502443262025
20230810093342120,6.72,6.71,6.7097502443262025
20230810093342480,6.72,6.71,6.7097502443262025
20230810093342680,6.72,6.71,6.7097502443262025
20230810093342800,6.72,6.71,6.7097502443262025
20230810093342810,6.72,6.71,6.7097502443262025
20230810093345220,6.72,6.71,6.7097502443262025
20230810093347720,6.72,6.71,6.7097502443262025
20230810093347750,6.72,6.71,6.7097502443262025
20230810093348270,6.72,6.71,6.7097502443262025
20230810093348390,6.72,6.71,6.7097502443262025
20230810093350290,6.72,6.71,6.7097502443262025
20230810093350750,6.72,6.71,6.70983349446772
20230810093353270,6.72,6.71,6.70983349446772
20230810093353320,6.72,6.71,6.70984984984985
20230810093353540,6.72,6.71,6.70984984984985
20230810093353830,6.72,6.71,6.70984984984985
20230810093355720,6.72,6.71,6.70984984984985
20230810093355780,6.72,6.71,6.709957555178269
20230810093356050,6.72,6.71,6.709957555178269
20230810093356170,6.72,6.71,6.709957555178269
20230810093358610,6.72,6.71,6.709957555178269
20230810093358950,6.72,6.71,6.709957555178269
20230810093359010,6.72,6.71,6.709957555178269
20230810093359140,6.72,6.71,6.709957555178269
20230810093359450,6.72,6.71,6.70996288047513
20230810093401220,6.72,6.71,6.70996288047513
20230810093402020,6.72,6.71,6.70996288047513
20230810093404110,6.72,6.71,6.70996288047513
20230810093404300,6.72,6.71,6.70996288047513
20230810093404770,6.72,6.71,6.70996288047513
20230810093406540,6.72,6.71,6.70996288047513
20230810093407100,6.72,6.71,6.70996288047513
20230810093409650,6.72,6.71,6.70996288047513
20230810093409810,6.72,6.71,6.70996288047513
20230810093410110,6.72,6.71,6.70996288047513
20230810093411760,6.72,6.71,6.70996288047513
20230810093411820,6.72,6.71,6.70996288047513
20230810093412450,6.72,6.71,6.70996288047513
20230810093412670,6.72,6.71,6.70996288047513
20230810093414690,6.72,6.71,6.710332005312085
20230810093414700,6.72,6.71,6.710332005312085
20230810093417520,6.72,6.71,6.710332005312085
20230810093417550,6.72,6.71,6.710332005312085
20230810093418040,6.72,6.71,6.710332005312085
20230810093420400,6.72,6.71,6.710332005312085
20230810093420450,6.72,6.71,6.710332005312085
20230810093420500,6.72,6.71,6.710332005312085
20230810093420630,6.72,6.71,6.710332005312085
20230810093420800,6.72,6.71,6.710332005312085
20230810093421060,6.72,6.71,6.710332005312085
20230810093422660,6.72,6.71,6.710332005312085
20230810093422690,6.72,6.71,6.710332005312085
20230810093422800,6.72,6.71,6.710332005312085
20230810093422960,6.72,6.71,6.710332005312085
20230810093425370,6.72,6.71,6.710332005312085
20230810093425750,6.72,6.71,6.710332005312085
20230810093425800,6.72,6.71,6.710332005312085
20230810093426410,6.72,6.71,6.710332005312085
20230810093427960,6.72,6.71,6.710332005312085
20230810093428250,6.72,6.71,6.710332005312085
20230810093428290,6.72,6.71,6.710332005312085
20230810093428500,6.72,6.71,6.710332005312085
20230810093428710,6.72,6.71,6.710332005312085
20230810093428730,6.72,6.71,6.710332005312085
20230810093431260,6.72,6.71,6.710332005312085
20230810093434260,6.72,6.71,6.710332005312085
20230810093434290,6.72,6.71,6.710332005312085
20230810093436090,6.72,6.71,6.710332005312085
20230810093436370,6.72,6.71,6.710332005312085
20230810093436850,6.72,6.71,6.710332005312085
20230810093437120,6.72,6.71,6.710332005312085
20230810093438740,6.72,6.71,6.710332005312085
20230810093438890,6.72,6.71,6.710332005312085
20230810093439960,6.72,6.71,6.710332005312085
20230810093441860,6.72,6.71,6.710332005312085
20230810093442530,6.72,6.71,6.710332005312085
20230810093442580,6.72,6.71,6.710641267446247
20230810093444460,6.72,6.71,6.710724366763249
20230810093444690,6.72,6.71,6.710724366763249
20230810093445060,6.72,6.71,6.71072869955157
20230810093445100,6.72,6.71,6.71072869955157
20230810093445200,6.72,6.71,6.71072869955157
20230810093447510,6.72,6.71,6.71072869955157
20230810093447720,6.72,6.71,6.71072869955157
20230810093447840,6.72,6.71,6.71072869955157
20230810093449550,6.72,6.71,6.71072869955157
20230810093449720,6.72,6.71,6.71072869955157
20230810093449740,6.72,6.71,6.71072869955157
20230810093452660,6.72,6.71,6.71072869955157
20230810093453460,6.72,6.71,6.71072869955157
20230810093455140,6.72,6.71,6.71072869955157
20230810093455570,6.72,6.71,6.71072869955157
20230810093455630,6.72,6.71,6.710869045429465
20230810093455900,6.72,6.71,6.710869045429465
20230810093457770,6.72,6.71,6.710869045429465
20230810093457780,6.72,6.71,6.710869045429465
20230810093457810,6.72,6.71,6.710869045429465
20230810093458100,6.72,6.71,6.710869045429465
20230810093458170,6.72,6.71,6.710869045429465
20230810093458230,6.72,6.71,6.710869045429465
20230810093458450,6.72,6.71,6.710869045429465
20230810093500400,6.72,6.71,6.710869045429465
20230810093500490,6.72,6.71,6.710869045429465
20230810093500940,6.72,6.71,6.710869045429465
20230810093501080,6.72,6.71,6.710869045429465
20230810093501460,6.72,6.71,6.710869045429465
20230810093503620,6.72,6.71,6.710869045429465
20230810093503950,6.72,6.71,6.710869045429465
20230810093503990,6.72,6.71,6.710869045429465
20230810093506190,6.72,6.71,6.710869045429465
20230810093506520,6.72,6.71,6.710869045429465
20230810093506580,6.72,6.71,6.710869045429465
20230810093506610,6.72,6.71,6.710869045429465
20230810093506650,6.72,6.71,6.710869045429465
20230810093506670,6.72,6.71,6.710869045429465
20230810093506920,6.72,6.71,6.710869045429465
20230810093508880,6.72,6.71,6.710869045429465
20230810093508900,6.72,6.71,6.710869045429465
20230810093509060,6.72,6.71,6.710869045429465
20230810093509350,6.72,6.71,6.710869045429465
20230810093509360,6.72,6.71,6.710869045429465
20230810093509450,6.72,6.71,6.710869045429465
20230810093509510,6.72,6.71,6.710869045429465
20230810093509660,6.72,6.71,6.710869045429465
20230810093511310,6.72,6.71,6.710869045429465
20230810093511660,6.72,6.71,6.710869045429465
20230810093512030,6.72,6.71,6.710869045429465
20230810093512040,6.72,6.71,6.710869045429465
20230810093512130,6.72,6.71,6.710869045429465
20230810093514050,6.72,6.71,6.710869045429465
20230810093517240,6.72,6.71,6.710869045429465
20230810093517260,6.72,6.71,6.710869045429465
20230810093517540,6.72,6.71,6.710869045429465
20230810093519390,6.72,6.71,6.710869045429465
20230810093519450,6.72,6.71,6.710869045429465
20230810093519970,6.72,6.71,6.710869045429465
20230810093520310,6.72,6.71,6.710869045429465
20230810093520340,6.72,6.71,6.710869045429465
20230810093520350,6.72,6.71,6.710869045429465
20230810093520360,6.72,6.71,6.710869045429465
20230810093520420,6.72,6.71,6.710869045429465
20230810093520440,6.72,6.71,6.710869045429465
20230810093522070,6.72,6.71,6.710869045429465
20230810093522140,6.72,6.71,6.71163330262166
20230810093522150,6.72,6.71,6.711661240504216
20230810093522180,6.72,6.71,6.7116820717794985
20230810093522390,6.72,6.71,6.7116820717794985
20230810093523130,6.72,6.71,6.711685533544198
20230810093523170,6.72,6.71,6.711685533544198
20230810093524890,6.72,6.71,6.711685533544198
20230810093525150,6.72,6.71,6.711730275685073
20230810093527600,6.72,6.71,6.711774538866931
20230810093528150,6.72,6.71,6.711784686240645
20230810093528170,6.72,6.71,6.71179480860851
20230810093528210,6.72,6.71,6.711818330739619
20230810093531010,6.72,6.71,6.711818330739619
20230810093531140,6.72,6.71,6.711838385489011
20230810093531150,6.72,6.71,6.711861658790941
20230810093531200,6.72,6.71,6.711861658790941
20230810093532820,6.72,6.71,6.711861658790941
20230810093532840,6.72,6.71,6.711868283946598
20230810093532930,6.72,6.71,6.711868283946598
20230810093533160,6.72,6.71,6.711868283946598
20230810093533380,6.72,6.71,6.711881501950585
20230810093533440,6.72,6.71,6.711881501950585
20230810093533450,6.72,6.71,6.711881501950585
20230810093533550,6.72,6.71,6.7119110859178885
20230810093533730,6.72,6.71,6.7119110859178885
20230810093535880,6.72,6.71,6.7119110859178885
20230810093536060,6.72,6.71,6.7119110859178885
20230810093536260,6.72,6.71,6.7119110859178885
20230810093536560,6.72,6.71,6.7119110859178885
20230810093538330,6.72,6.71,6.71193720235693
20230810093538340,6.72,6.71,6.71193720235693
20230810093539090,6.72,6.71,6.71193720235693
20230810093539150,6.72,6.71,6.71193720235693
20230810093541030,6.72,6.71,6.71193720235693
20230810093541120,6.72,6.71,6.71193720235693
20230810093541530,6.72,6.71,6.71193720235693
20230810093541640,6.72,6.71,6.71193720235693
20230810093541650,6.72,6.71,6.71193720235693
20230810093541940,6.72,6.71,6.71193720235693
20230810093543870,6.72,6.71,6.71193720235693
20230810093543910,6.72,6.71,6.71193720235693
20230810093544340,6.72,6.71,6.71193720235693
20230810093544360,6.72,6.71,6.71193720235693
20230810093546230,6.72,6.71,6.71193720235693
20230810093546250,6.72,6.71,6.71193720235693
20230810093546860,6.71,6.71,6.711923231028128
20230810093547220,6.71,6.71,6.711923231028128
20230810093547370,6.71,6.71,6.711923231028128
20230810093549180,6.71,6.71,6.711923231028128
20230810093549560,6.71,6.71,6.711923231028128
20230810093549700,6.72,6.71,6.7120412192040435
20230810093551960,6.72,6.71,6.7120412192040435
20230810093552140,6.72,6.71,6.7120412192040435
20230810093552270,6.72,6.71,6.7120412192040435
20230810093552640,6.72,6.71,6.7120331917571185
20230810093552650,6.72,6.71,6.7120331917571185
20230810093554380,6.72,6.71,6.7120331917571185
20230810093554390,6.72,6.71,6.7120331917571185
20230810093555410,6.72,6.71,6.7120331917571185
20230810093557110,6.72,6.71,6.7120331917571185
20230810093557120,6.72,6.71,6.7120331917571185
20230810093557390,6.72,6.71,6.7120331917571185
20230810093557990,6.72,6.71,6.7120331917571185
20230810093558040,6.72,6.71,6.7120331917571185
20230810093558070,6.72,6.71,6.712031593838415
20230810093558080,6.72,6.71,6.712029998429402
20230810093558100,6.72,6.71,6.712029998429402
20230810093559810,6.72,6.71,6.712026020848029
20230810093600040,6.72,6.71,6.712026020848029
20230810093600110,6.72,6.71,6.712026020848029
20230810093600130,6.72,6.71,6.712026020848029
20230810093600570,6.72,6.71,6.712026020848029
20230810093603040,6.72,6.71,6.712026020848029
20230810093603140,6.72,6.71,6.71202364177235
20230810093603230,6.72,6.71,6.712022849988262
20230810093603240,6.72,6.71,6.712022058823529
20230810093603590,6.72,6.71,6.712022058823529
20230810093603600,6.72,6.71,6.712022058823529
20230810093605120,6.72,6.71,6.712022058823529
20230810093605200,6.72,6.71,6.712022058823529
20230810093605220,6.72,6.71,6.712022058823529
20230810093605400,6.72,6.71,6.712022058823529
20230810093605740,6.72,6.71,6.712022058823529
20230810093606020,6.72,6.71,6.712022058823529
20230810093608560,6.72,6.71,6.712022058823529
20230810093608960,6.72,6.71,6.712022058823529
20230810093609070,6.72,6.71,6.712022058823529
20230810093609080,6.72,6.71,6.712022058823529
20230810093610820,6.72,6.71,6.712022058823529
20230810093611120,6.72,6.71,6.71202438643114
20230810093611220,6.72,6.71,6.712039145352464
20230810093611290,6.72,6.71,6.712038350611895
20230810093613260,6.72,6.71,6.712036762987772
20230810093613270,6.72,6.71,6.712036762987772
20230810093614480,6.72,6.71,6.712036762987772
20230810093616080,6.72,6.71,6.712036762987772
20230810093616100,6.72,6.71,6.712036762987772
20230810093616180,6.72,6.71,6.712036762987772
20230810093616460,6.72,6.71,6.712036762987772
20230810093617150,6.72,6.71,6.712053730879727
20230810093618630,6.72,6.71,6.712053730879727
20230810093618800,6.72,6.71,6.712052137481574
20230810093619400,6.72,6.71,6.712052137481574
20230810093619570,6.72,6.71,6.712052137481574
20230810093621940,6.72,6.71,6.712051341709322
20230810093622080,6.72,6.71,6.712048164782407
20230810093624410,6.72,6.71,6.71204184035819
20230810093624670,6.72,6.71,6.71204184035819
20230810093625010,6.72,6.71,6.71204184035819
20230810093625020,6.72,6.71,6.71204184035819
20230810093625050,6.72,6.71,6.71204184035819
20230810093625070,6.72,6.71,6.71204184035819
20230810093625080,6.72,6.71,6.71204184035819
20230810093625100,6.72,6.71,6.7121266864852505
20230810093627200,6.72,6.71,6.71213567839196
20230810093627210,6.72,6.71,6.71213567839196
20230810093627220,6.72,6.71,6.71213567839196
20230810093627410,6.72,6.71,6.71213567839196
20230810093627440,6.72,6.71,6.71213567839196
20230810093629530,6.72,6.71,6.71213567839196
20230810093629640,6.72,6.71,6.712138671131745
20230810093629970,6.72,6.71,6.712138671131745
20230810093630400,6.72,6.71,6.712138671131745
20230810093630440,6.72,6.71,6.712138671131745
20230810093632220,6.72,6.71,6.712138671131745
20230810093632230,6.72,6.71,6.7121354206246675
20230810093632440,6.72,6.71,6.7121354206246675
20230810093632780,6.72,6.71,6.7121354206246675
20230810093633170,6.72,6.71,6.712141392664591
20230810093634880,6.72,6.71,6.712141392664591
20230810093635940,6.72,6.71,6.712141392664591
20230810093638790,6.72,6.71,6.712141392664591
20230810093640910,6.72,6.71,6.712141392664591
20230810093641040,6.72,6.71,6.712141392664591
20230810093641210,6.72,6.71,6.712141392664591
20230810093643180,6.72,6.71,6.712141392664591
20230810093643560,6.72,6.71,6.712141392664591
20230810093643790,6.72,6.71,6.712141392664591
20230810093643880,6.72,6.71,6.712141392664591
20230810093644160,6.72,6.71,6.712179990932447
20230810093645710,6.72,6.71,6.712179990932447
20230810093646190,6.72,6.71,6.712174240711433
20230810093646220,6.72,6.71,6.712174240711433
20230810093646430,6.72,6.71,6.712174240711433
20230810093648350,6.72,6.71,6.712107531594711
20230810093648360,6.72,6.71,6.712107531594711
20230810093648560,6.72,6.71,6.712107531594711
20230810093648600,6.72,6.71,6.712107531594711
20230810093649040,6.72,6.71,6.712107531594711
20230810093649110,6.72,6.71,6.712107531594711
20230810093649120,6.72,6.71,6.712107531594711
20230810093649180,6.72,6.71,6.712107531594711
20230810093649540,6.72,6.71,6.712107531594711
20230810093649560,6.72,6.71,6.712107531594711
20230810093651060,6.72,6.71,6.712107531594711
20230810093651420,6.72,6.71,6.712104652006677
20230810093652080,6.72,6.71,6.712104652006677
20230810093652100,6.72,6.71,6.712104652006677
20230810093652240,6.72,6.71,6.712104652006677
20230810093654390,6.72,6.71,6.712104652006677
20230810093654490,6.72,6.71,6.712104652006677
20230810093654650,6.72,6.71,6.712104652006677
20230810093656690,6.72,6.71,6.712104652006677
20230810093657240,6.72,6.71,6.712104652006677
20230810093657280,6.72,6.71,6.712104652006677
20230810093657380,6.72,6.71,6.712104652006677
20230810093657600,6.72,6.71,6.712104652006677
20230810093659290,6.72,6.71,6.712083184193571
20230810093659670,6.72,6.71,6.712128265356965
20230810093659800,6.72,6.71,6.712128265356965
20230810093701990,6.72,6.71,6.712128265356965
20230810093702050,6.72,6.71,6.712128265356965
20230810093702080,6.72,6.71,6.712128265356965
20230810093702770,6.72,6.71,6.712136660978385
20230810093704800,6.72,6.71,6.712136660978385
20230810093704860,6.72,6.71,6.712136660978385
20230810093704910,6.72,6.71,6.712136660978385
20230810093704940,6.72,6.71,6.712150613954149
20230810093705100,6.72,6.71,6.712161740732865
20230810093705170,6.72,6.71,6.712161740732865
20230810093705600,6.72,6.71,6.712161740732865
20230810093705660,6.72,6.71,6.712161740732865
20230810093707360,6.72,6.71,6.712161740732865
20230810093708330,6.72,6.71,6.712161740732865
20230810093708430,6.72,6.71,6.712161740732865
20230810093710120,6.72,6.71,6.712161740732865
20230810093710950,6.72,6.71,6.712161740732865
20230810093711070,6.72,6.71,6.712161740732865
20230810093711150,6.72,6.71,6.712230022713195
20230810093713550,6.72,6.71,6.712230022713195
20230810093715320,6.72,6.71,6.712230022713195
20230810093716080,6.72,6.71,6.712240703828442
20230810093716570,6.72,6.72,6.712410246066963
20230810093718950,6.72,6.72,6.712410246066963
20230810093719040,6.72,6.72,6.712410246066963
20230810093720820,6.72,6.72,6.712409436118019
20230810093721560,6.72,6.72,6.712409436118019
20230810093721600,6.72,6.72,6.712409436118019
20230810093723660,6.72,6.72,6.712409436118019
20230810093724020,6.72,6.72,6.712409436118019
20230810093726170,6.72,6.72,6.712409436118019
20230810093726320,6.72,6.72,6.712409436118019
20230810093728970,6.72,6.72,6.712442451820128
20230810093729220,6.72,6.72,6.712442451820128
20230810093729340,6.72,6.72,6.712444979597298
20230810093729590,6.72,6.72,6.712444979597298
20230810093731630,6.72,6.72,6.712444979597298
20230810093732680,6.72,6.72,6.712444979597298
20230810093734250,6.72,6.71,6.71253733315713
20230810093734900,6.72,6.71,6.71253733315713
20230810093735340,6.72,6.71,6.71253733315713
20230810093737040,6.72,6.71,6.71253733315713
20230810093737670,6.72,6.71,6.71253733315713
20230810093740200,6.72,6.71,6.71253733315713
20230810093740570,6.72,6.71,6.71253733315713
20230810093745300,6.72,6.71,6.71253733315713
20230810093745440,6.72,6.71,6.71253733315713
20230810093745450,6.72,6.71,6.71253733315713
20230810093745600,6.72,6.71,6.71253733315713
20230810093745630,6.72,6.71,6.71253733315713
20230810093745840,6.72,6.71,6.71253733315713
20230810093746050,6.72,6.71,6.71253733315713
20230810093746080,6.72,6.71,6.71253733315713
20230810093747720,6.72,6.71,6.71253733315713
20230810093750950,6.72,6.71,6.71253733315713
20230810093753550,6.72,6.71,6.71253733315713
20230810093753980,6.72,6.71,6.71253733315713
20230810093754370,6.72,6.71,6.71253733315713
20230810093756260,6.72,6.71,6.71253733315713
20230810093756480,6.72,6.71,6.712625048974794
20230810093756810,6.72,6.71,6.712625048974794
20230810093757030,6.72,6.71,6.712625048974794
20230810093759070,6.72,6.71,6.712625048974794
20230810093759330,6.72,6.71,6.712627456100268
20230810093759520,6.72,6.71,6.712627456100268
20230810093801210,6.72,6.71,6.712627456100268
20230810093801230,6.72,6.71,6.712627456100268
20230810093801490,6.72,6.71,6.71262061332118
20230810093801580,6.72,6.71,6.712617205279927
20230810093801690,6.72,6.71,6.7126045036883655
20230810093801770,6.72,6.71,6.7126045036883655
20230810093801780,6.72,6.71,6.712603661297626
20230810093801840,6.72,6.71,6.712603661297626
20230810093801890,6.72,6.71,6.712603661297626
20230810093802040,6.72,6.71,6.712603661297626
20230810093802060,6.72,6.71,6.712603661297626
20230810093802070,6.72,6.71,6.712603661297626
20230810093802440,6.72,6.71,6.712603661297626
20230810093802460,6.72,6.71,6.712603661297626
20230810093804070,6.72,6.71,6.712581120943953
20230810093804080,6.72,6.71,6.7125638575705455
20230810093804090,6.72,6.71,6.7125638575705455
20230810093804100,6.72,6.71,6.7125638575705455
20230810093804110,6.72,6.71,6.7125638575705455
20230810093804140,6.72,6.71,6.7125638575705455
20230810093804150,6.72,6.71,6.7125638575705455
20230810093805170,6.72,6.71,6.712563941035655
20230810093805180,6.72,6.71,6.712563941035655
20230810093807120,6.72,6.71,6.712563941035655
20230810093807290,6.72,6.71,6.712563941035655
20230810093807300,6.72,6.71,6.712563941035655
20230810093809430,6.72,6.71,6.712563941035655
20230810093809540,6.72,6.71,6.712563941035655
20230810093810010,6.72,6.71,6.712563941035655
20230810093810080,6.72,6.71,6.712563941035655
20230810093810090,6.72,6.71,6.712563941035655
20230810093810200,6.72,6.71,6.712563941035655
20230810093810210,6.72,6.71,6.712563941035655
20230810093810230,6.72,6.71,6.712563941035655
20230810093812610,6.72,6.71,6.712563941035655
20230810093813080,6.72,6.71,6.712563941035655
20230810093813210,6.72,6.71,6.712552626705351
20230810093815150,6.72,6.71,6.712552626705351
20230810093815170,6.72,6.71,6.712552626705351
20230810093815270,6.72,6.71,6.712552626705351
20230810093815720,6.72,6.71,6.712552626705351
20230810093815950,6.72,6.71,6.712552626705351
20230810093817620,6.72,6.71,6.712543206839288
20230810093817630,6.72,6.71,6.712535409896375
20230810093817640,6.72,6.71,6.7125338562411905
20230810093818080,6.72,6.71,6.712526888291371
20230810093818090,6.72,6.71,6.712518423777331
20230810093818450,6.72,6.71,6.712513066731494
20230810093818460,6.72,6.71,6.712493367100819
20230810093818490,6.72,6.71,6.712420393350503
20230810093818500,6.72,6.71,6.712194914804394
20230810093818510,6.72,6.7,6.712018156083752
20230810093818520,6.71,6.7,6.711877923611426
20230810093818530,6.71,6.7,6.711877923611426
20230810093818540,6.71,6.7,6.711877923611426
20230810093818560,6.71,6.7,6.711877923611426
20230810093818600,6.71,6.7,6.711877923611426
20230810093820110,6.71,6.7,6.711877923611426
20230810093820140,6.71,6.7,6.711877923611426
20230810093820980,6.71,6.7,6.711877923611426
20230810093821200,6.71,6.7,6.711877923611426
20230810093821240,6.71,6.7,6.711877923611426
20230810093821270,6.71,6.7,6.711865217195182
20230810093822860,6.71,6.7,6.711861019847878
20230810093823410,6.71,6.7,6.711861019847878
20230810093825640,6.71,6.7,6.711861019847878
20230810093825660,6.71,6.7,6.711861019847878
20230810093825790,6.71,6.7,6.711861019847878
20230810093826130,6.71,6.7,6.711861019847878
20230810093826360,6.71,6.7,6.711861019847878
20230810093826380,6.71,6.7,6.711861019847878
20230810093826400,6.71,6.7,6.711861019847878
20230810093826510,6.71,6.7,6.711861019847878
20230810093826570,6.71,6.7,6.711861019847878
20230810093828950,6.71,6.7,6.711861019847878
20230810093829240,6.71,6.7,6.7118606011519075
20230810093829440,6.71,6.7,6.7118606011519075
20230810093831110,6.71,6.7,6.7118606011519075
20230810093831770,6.71,6.7,6.7118606011519075
20230810093833610,6.71,6.71,6.7118606011519075
20230810093833850,6.71,6.71,6.7118606011519075
20230810093837100,6.7,6.71,6.7118606011519075
20230810093839170,6.7,6.71,6.7118606011519075
20230810093839680,6.7,6.71,6.7118606011519075
20230810093840180,6.7,6.7,6.7118606011519075
20230810093840190,6.7,6.7,6.7118606011519075
20230810093841970,6.7,6.7,6.7118606011519075
20230810093842030,6.7,6.7,6.7118606011519075
20230810093842230,6.7,6.7,6.7118606011519075
20230810093842320,6.7,6.7,6.7118606011519075
20230810093845160,6.7,6.7,6.7118606011519075
20230810093845490,6.7,6.7,6.7118606011519075
20230810093845520,6.7,6.7,6.7118606011519075
20230810093847260,6.7,6.7,6.7118606011519075
20230810093847550,6.71,6.7,6.711790699703367
20230810093847720,6.71,6.7,6.711790699703367
20230810093847750,6.71,6.7,6.711790699703367
20230810093847760,6.71,6.7,6.711790699703367
20230810093848020,6.71,6.7,6.711790699703367
20230810093851070,6.71,6.7,6.711790699703367
20230810093853740,6.71,6.7,6.711790699703367
20230810093853770,6.71,6.7,6.7117842377823225
20230810093855220,6.71,6.7,6.7117842377823225
20230810093855240,6.71,6.7,6.7117842377823225
20230810093855250,6.71,6.7,6.7117842377823225
20230810093855270,6.71,6.7,6.7117842377823225
20230810093855290,6.71,6.7,6.7117842377823225
20230810093855440,6.71,6.7,6.7117842377823225
20230810093855480,6.71,6.7,6.7117842377823225
20230810093855790,6.71,6.7,6.7117842377823225
20230810093855810,6.71,6.7,6.7117842377823225
20230810093855820,6.71,6.7,6.7117842377823225
20230810093855830,6.71,6.7,6.7117842377823225
20230810093855870,6.71,6.7,6.7117842377823225
20230810093856200,6.71,6.7,6.7117842377823225
20230810093856240,6.71,6.7,6.7117842377823225
20230810093857980,6.71,6.7,6.7117842377823225
20230810093858070,6.71,6.7,6.7117842377823225
20230810093858560,6.71,6.7,6.7117842377823225
20230810093900770,6.71,6.7,6.711374198384275
20230810093900820,6.71,6.7,6.711374198384275
20230810093901070,6.71,6.7,6.711374198384275
20230810093901090,6.71,6.7,6.711374198384275
20230810093901140,6.71,6.7,6.711352753226275
20230810093901190,6.71,6.7,6.711352753226275
20230810093901630,6.71,6.7,6.711350398274145
20230810093901690,6.71,6.7,6.711350398274145
20230810093901770,6.71,6.7,6.711350398274145
20230810093904190,6.71,6.7,6.711350398274145
20230810093904240,6.71,6.7,6.711350398274145
20230810093904450,6.71,6.7,6.711350398274145
20230810093904470,6.71,6.7,6.711350398274145
20230810093906220,6.71,6.7,6.711350398274145
20230810093906340,6.71,6.7,6.711350398274145
20230810093907080,6.71,6.7,6.711350398274145
20230810093908840,6.71,6.7,6.711350398274145
20230810093912110,6.71,6.7,6.711350398274145
20230810093915060,6.71,6.7,6.711350398274145
20230810093920370,6.71,6.7,6.711350398274145
20230810093922800,6.71,6.7,6.711350398274145
20230810093925070,6.71,6.7,6.711350398274145
20230810093925320,6.71,6.7,6.711350398274145
20230810093926100,6.71,6.7,6.711350398274145
20230810093926150,6.71,6.7,6.711350398274145
20230810093927750,6.71,6.7,6.711336137572683
20230810093928230,6.71,6.7,6.711336137572683
20230810093928560,6.71,6.7,6.711336137572683
20230810093930410,6.71,6.7,6.711336137572683
20230810093933200,6.71,6.7,6.711336137572683
20230810093933470,6.71,6.7,6.711336137572683
20230810093933500,6.71,6.7,6.711336137572683
20230810093933560,6.71,6.7,6.711336137572683
20230810093933950,6.71,6.7,6.711336137572683
20230810093934170,6.71,6.7,6.711336137572683
20230810093936310,6.71,6.7,6.711336137572683
20230810093936560,6.71,6.7,6.711336137572683
20230810093939130,6.71,6.7,6.711336137572683
20230810093939480,6.71,6.7,6.711336137572683
20230810093941360,6.71,6.7,6.711336137572683
20230810093941600,6.71,6.7,6.711336137572683
20230810093941720,6.71,6.7,6.711336137572683
20230810093946590,6.71,6.7,6.711336137572683
20230810093947470,6.71,6.7,6.711336137572683
20230810093947720,6.71,6.7,6.711336137572683
20230810093949810,6.71,6.7,6.711336137572683
20230810093949990,6.71,6.7,6.711336137572683
20230810093950100,6.71,6.7,6.711336137572683
20230810093952020,6.71,6.7,6.711336137572683
20230810093952450,6.71,6.7,6.711280117412042
20230810093953100,6.71,6.7,6.711280117412042
20230810093953150,6.71,6.7,6.711280117412042
20230810093954620,6.71,6.7,6.711280117412042
20230810093955120,6.71,6.7,6.711280117412042
20230810093955130,6.71,6.7,6.711280117412042
20230810093955340,6.71,6.7,6.711280117412042
20230810093955470,6.71,6.7,6.711280117412042
20230810093955840,6.71,6.7,6.711280117412042
20230810093958500,6.71,6.7,6.711280117412042
20230810094000440,6.71,6.7,6.711280117412042
20230810094000560,6.71,6.7,6.711280117412042
20230810094000630,6.71,6.7,6.711280117412042
20230810094000970,6.71,6.7,6.711280117412042
20230810094002840,6.71,6.7,6.711280117412042
20230810094003650,6.71,6.7,6.711280117412042
20230810094003890,6.71,6.7,6.711280117412042
20230810094003920,6.71,6.7,6.711280117412042
20230810094005810,6.71,6.7,6.711280117412042
20230810094006080,6.71,6.7,6.711280117412042
20230810094008420,6.71,6.7,6.711280117412042
20230810094008620,6.71,6.7,6.711280117412042
20230810094008660,6.71,6.7,6.711280117412042
20230810094008830,6.71,6.7,6.711280117412042
20230810094008850,6.71,6.7,6.711280117412042
20230810094009010,6.71,6.7,6.711280117412042
20230810094009070,6.71,6.7,6.711280117412042
20230810094010950,6.71,6.7,6.711280117412042
20230810094011020,6.71,6.7,6.711280117412042
20230810094011040,6.71,6.7,6.711280117412042
20230810094013820,6.71,6.7,6.711280117412042
20230810094014660,6.71,6.7,6.711280117412042
20230810094016380,6.71,6.7,6.711280117412042
20230810094016500,6.71,6.7,6.711280117412042
20230810094017170,6.71,6.7,6.711280117412042
20230810094017210,6.71,6.7,6.711280117412042
20230810094017260,6.71,6.7,6.711280117412042
20230810094019200,6.71,6.7,6.711280117412042
20230810094019770,6.71,6.7,6.711280117412042
20230810094022030,6.71,6.7,6.711280117412042
20230810094022040,6.71,6.7,6.711280117412042
20230810094022080,6.71,6.7,6.711280117412042
20230810094022110,6.71,6.7,6.711280117412042
20230810094022200,6.71,6.7,6.711280117412042
20230810094024670,6.71,6.7,6.711280117412042
20230810094024850,6.71,6.71,6.711280117412042
20230810094025040,6.71,6.71,6.711280117412042
20230810094025070,6.71,6.71,6.711280117412042
20230810094025100,6.71,6.71,6.711280117412042
20230810094025120,6.71,6.71,6.711280117412042
20230810094025230,6.71,6.71,6.711280117412042
20230810094027200,6.71,6.71,6.711280117412042
20230810094027250,6.71,6.71,6.711280117412042
20230810094028070,6.71,6.71,6.711280117412042
20230810094029710,6.71,6.71,6.711280117412042
20230810094029720,6.71,6.71,6.711280117412042
20230810094030740,6.71,6.71,6.711280117412042
20230810094033000,6.71,6.71,6.711280117412042
20230810094033010,6.71,6.71,6.711280117412042
20230810094033360,6.71,6.71,6.711280117412042
20230810094035230,6.71,6.71,6.711280117412042
20230810094035850,6.71,6.71,6.711280117412042
20230810094036000,6.71,6.71,6.711280117412042
20230810094036060,6.71,6.71,6.711280117412042
20230810094037880,6.71,6.71,6.711280117412042
20230810094038040,6.71,6.71,6.711280117412042
20230810094038090,6.71,6.71,6.711280117412042
20230810094040540,6.71,6.71,6.711280117412042
20230810094040710,6.71,6.71,6.711280117412042
20230810094041370,6.71,6.71,6.711280117412042
20230810094043370,6.71,6.71,6.711280117412042
20230810094046180,6.71,6.71,6.711280117412042
20230810094046240,6.71,6.71,6.711280117412042
20230810094046310,6.71,6.71,6.711280117412042
20230810094046370,6.71,6.71,6.711280117412042
20230810094046670,6.71,6.71,6.711280117412042
20230810094046900,6.71,6.71,6.711280117412042
20230810094048660,6.71,6.71,6.711280117412042
20230810094049020,6.71,6.71,6.711280117412042
20230810094049220,6.71,6.71,6.711280117412042
20230810094049320,6.71,6.71,6.711280117412042
20230810094051550,6.71,6.71,6.711280117412042
20230810094051570,6.71,6.71,6.711280117412042
20230810094051920,6.71,6.71,6.711280117412042
20230810094052170,6.71,6.71,6.711280117412042
20230810094052290,6.71,6.71,6.711280117412042
20230810094054380,6.71,6.71,6.711280117412042
20230810094057080,6.71,6.71,6.711280117412042
20230810094057720,6.71,6.71,6.711280117412042
20230810094057800,6.71,6.71,6.711280117412042
20230810094057810,6.71,6.71,6.711280117412042
20230810094057950,6.71,6.71,6.711280117412042
20230810094059800,6.71,6.71,6.711280117412042
20230810094059920,6.71,6.71,6.711280117412042
20230810094100010,6.71,6.71,6.711280117412042
20230810094100030,6.71,6.71,6.711280117412042
20230810094100080,6.71,6.71,6.711280117412042
20230810094100250,6.71,6.71,6.711280117412042
20230810094100500,6.71,6.71,6.711280117412042
20230810094102160,6.71,6.71,6.711280117412042
20230810094103310,6.71,6.71,6.711280117412042
20230810094103350,6.71,6.71,6.711280117412042
20230810094105030,6.71,6.71,6.711280117412042
20230810094105070,6.71,6.71,6.711280117412042
20230810094105880,6.71,6.71,6.711280117412042
20230810094107540,6.71,6.71,6.711280117412042
20230810094107610,6.71,6.71,6.711280117412042
20230810094108060,6.71,6.71,6.711280117412042
20230810094108310,6.71,6.71,6.711280117412042
20230810094108350,6.71,6.71,6.711280117412042
20230810094110440,6.71,6.71,6.711280117412042
20230810094110600,6.71,6.7,6.711280117412042
20230810094110620,6.71,6.7,6.711280117412042
20230810094112930,6.71,6.7,6.711280117412042
20230810094113020,6.71,6.7,6.7112105931714074
20230810094113100,6.71,6.7,6.7112105931714074
20230810094113120,6.71,6.7,6.7112105931714074
20230810094113260,6.71,6.7,6.7112105931714074
20230810094113300,6.71,6.7,6.711221800911563
20230810094113330,6.71,6.7,6.711221800911563
20230810094113560,6.71,6.7,6.711221800911563
20230810094113790,6.71,6.71,6.711221800911563
20230810094113840,6.71,6.71,6.711221800911563
20230810094114080,6.71,6.71,6.711221800911563
20230810094115840,6.71,6.71,6.711221800911563
20230810094115930,6.71,6.71,6.711221800911563
20230810094116080,6.71,6.71,6.711221800911563
20230810094116300,6.71,6.71,6.711221800911563
20230810094116310,6.71,6.71,6.711221800911563
20230810094116370,6.71,6.7,6.711221800911563
20230810094116500,6.71,6.7,6.711221800911563
20230810094116510,6.71,6.7,6.711221800911563
20230810094116560,6.71,6.7,6.711221800911563
20230810094116760,6.71,6.7,6.711221800911563
20230810094118850,6.71,6.7,6.711221800911563
20230810094119000,6.71,6.7,6.711221800911563
20230810094119080,6.71,6.7,6.711221800911563
20230810094119090,6.71,6.7,6.711221800911563
20230810094119190,6.71,6.7,6.711221800911563
20230810094119250,6.71,6.7,6.711221800911563
20230810094121090,6.71,6.7,6.711221800911563
20230810094121100,6.71,6.7,6.711221800911563
20230810094121280,6.71,6.7,6.711221800911563
20230810094121900,6.71,6.7,6.711221800911563
20230810094121910,6.71,6.7,6.711221800911563
20230810094123900,6.71,6.7,6.711221800911563
20230810094123970,6.71,6.7,6.711221800911563
20230810094124200,6.71,6.7,6.711221800911563
20230810094129420,6.71,6.7,6.711221800911563
20230810094130040,6.71,6.7,6.711221800911563
20230810094132340,6.71,6.7,6.711221800911563
20230810094132370,6.71,6.7,6.711221800911563
20230810094132620,6.71,6.7,6.711221800911563
20230810094132800,6.71,6.7,6.711221800911563
20230810094133010,6.71,6.7,6.711221800911563
20230810094135400,6.71,6.7,6.711221800911563
20230810094135460,6.71,6.7,6.711221800911563
20230810094138340,6.71,6.7,6.711221800911563
20230810094139930,6.71,6.7,6.711221800911563
20230810094140710,6.71,6.7,6.711221800911563
20230810094142910,6.71,6.7,6.711221800911563
20230810094143480,6.71,6.7,6.711221800911563
20230810094145640,6.71,6.7,6.711221800911563
20230810094145690,6.71,6.7,6.711221800911563
20230810094145700,6.71,6.7,6.711221800911563
20230810094146180,6.71,6.7,6.711221800911563
20230810094146470,6.71,6.7,6.711221800911563
20230810094148780,6.71,6.7,6.711221800911563
20230810094149030,6.71,6.7,6.711221800911563
20230810094149090,6.71,6.7,6.711221800911563
20230810094149100,6.71,6.7,6.711221800911563
20230810094149170,6.71,6.7,6.711221800911563
20230810094151600,6.71,6.7,6.711221800911563
20230810094156140,6.71,6.7,6.711221800911563
20230810094156500,6.71,6.7,6.711221800911563
20230810094156620,6.71,6.7,6.711221800911563
20230810094156630,6.71,6.7,6.711221800911563
20230810094158990,6.71,6.7,6.711221800911563
20230810094159820,6.72,6.7,6.711221800911563
20230810094159880,6.72,6.7,6.711221800911563
20230810094159890,6.72,6.7,6.711221800911563
20230810094159900,6.72,6.7,6.711221800911563
20230810094159910,6.72,6.7,6.711221800911563
20230810094159920,6.72,6.7,6.711221800911563
20230810094159930,6.72,6.7,6.711221800911563
20230810094159980,6.72,6.7,6.711221800911563
20230810094201670,6.72,6.7,6.711221800911563
20230810094201710,6.72,6.71,6.711221800911563
20230810094201740,6.72,6.71,6.711221800911563
20230810094201770,6.72,6.71,6.711221800911563
20230810094201800,6.72,6.71,6.711221800911563
20230810094201820,6.72,6.71,6.711221800911563
20230810094201830,6.72,6.71,6.711221800911563
20230810094202060,6.72,6.71,6.711221800911563
20230810094202090,6.72,6.71,6.711221800911563
20230810094202520,6.72,6.71,6.711221800911563
20230810094202560,6.72,6.71,6.711221800911563
20230810094204480,6.72,6.71,6.711221800911563
20230810094204700,6.72,6.71,6.711221800911563
20230810094204870,6.72,6.71,6.711026016855991
20230810094204900,6.72,6.71,6.711026016855991
20230810094205070,6.72,6.71,6.711026016855991
20230810094205080,6.72,6.71,6.711026016855991
20230810094205090,6.72,6.71,6.711025845989875
20230810094205100,6.72,6.71,6.711025845989875
20230810094205300,6.72,6.71,6.711025845989875
20230810094207170,6.72,6.71,6.711025845989875
20230810094207180,6.72,6.71,6.711025845989875
20230810094207370,6.72,6.71,6.711024821987089
20230810094207960,6.72,6.71,6.711023970211776
20230810094207970,6.72,6.71,6.711023629897969
20230810094207990,6.72,6.71,6.711023629897969
20230810094210080,6.72,6.71,6.711023289810292
20230810094210170,6.72,6.71,6.711023289810292
20230810094210480,6.72,6.71,6.711023119851182
20230810094213090,6.72,6.71,6.711023119851182
20230810094213120,6.72,6.71,6.711023119851182
20230810094213200,6.72,6.71,6.711023119851182
20230810094216170,6.72,6.71,6.711023119851182
20230810094217690,6.72,6.71,6.711021084736772
20230810094218680,6.72,6.71,6.711021084736772
20230810094218920,6.72,6.71,6.711041460355186
20230810094220800,6.72,6.71,6.711041460355186
20230810094220920,6.72,6.71,6.711041460355186
20230810094220940,6.72,6.71,6.711041460355186
20230810094221070,6.72,6.71,6.711041460355186
20230810094221280,6.72,6.71,6.711041460355186
20230810094221310,6.72,6.71,6.711041460355186
20230810094223240,6.72,6.71,6.711041460355186
20230810094223680,6.72,6.71,6.711041460355186
20230810094224030,6.72,6.71,6.711041460355186
20230810094224050,6.72,6.71,6.711041460355186
20230810094226520,6.72,6.71,6.711041460355186
20230810094228560,6.72,6.71,6.711041460355186
20230810094228880,6.72,6.71,6.711041460355186
20230810094232210,6.72,6.71,6.711041460355186
20230810094232400,6.72,6.71,6.711041460355186
20230810094234790,6.72,6.71,6.711041460355186
20230810094237290,6.72,6.71,6.711041460355186
20230810094240070,6.72,6.71,6.711041460355186
20230810094240270,6.72,6.71,6.711041460355186
20230810094240310,6.72,6.71,6.711041460355186
20230810094242390,6.72,6.71,6.711041460355186
20230810094244900,6.72,6.71,6.711063899651934
20230810094245350,6.72,6.71,6.711063899651934
20230810094245550,6.72,6.71,6.711072693872195
20230810094247450,6.72,6.71,6.711072693872195
20230810094247700,6.72,6.71,6.711072693872195
20230810094248010,6.72,6.71,6.711072693872195
20230810094250140,6.72,6.71,6.711076731456291
20230810094250390,6.72,6.71,6.711076731456291
20230810094250530,6.72,6.71,6.711076731456291
20230810094250620,6.72,6.71,6.711076731456291
20230810094253360,6.72,6.71,6.711076731456291
20230810094255850,6.72,6.71,6.711076731456291
20230810094256100,6.72,6.71,6.711076731456291
20230810094258310,6.72,6.71,6.711076731456291
20230810094258770,6.72,6.71,6.711076731456291
20230810094300940,6.72,6.71,6.711076731456291
20230810094301120,6.72,6.71,6.711076731456291
20230810094302060,6.72,6.71,6.711076731456291
20230810094303920,6.72,6.71,6.711076731456291
20230810094304010,6.72,6.71,6.711076731456291
20230810094304030,6.72,6.71,6.711076731456291
20230810094304040,6.72,6.71,6.711076731456291
20230810094304050,6.72,6.71,6.711076731456291
20230810094304120,6.72,6.71,6.711076731456291
20230810094304780,6.72,6.71,6.711076731456291
20230810094304810,6.72,6.71,6.711076731456291
20230810094306690,6.72,6.71,6.711076731456291
20230810094306860,6.72,6.71,6.711076731456291
20230810094307220,6.72,6.71,6.711076731456291
20230810094307270,6.72,6.71,6.711154944199325
20230810094307280,6.72,6.71,6.711154756884751
20230810094307320,6.72,6.71,6.711154569630927
20230810094309240,6.72,6.71,6.711154569630927
20230810094309260,6.72,6.71,6.711154569630927
20230810094309520,6.72,6.71,6.711154569630927
20230810094311750,6.72,6.71,6.711154569630927
20230810094312080,6.72,6.71,6.711154569630927
20230810094312130,6.72,6.71,6.711153634272011
20230810094312240,6.72,6.71,6.711153634272011
20230810094312400,6.72,6.71,6.711153634272011
20230810094312620,6.72,6.71,6.711153634272011
20230810094312660,6.72,6.71,6.711153634272011
20230810094312670,6.72,6.71,6.711153634272011
20230810094312720,6.72,6.71,6.711153634272011
20230810094312820,6.72,6.71,6.711153634272011
20230810094314520,6.72,6.71,6.711153634272011
20230810094314530,6.72,6.71,6.711153634272011
20230810094315120,6.72,6.71,6.711153634272011
20230810094315370,6.72,6.71,6.711153634272011
20230810094315530,6.72,6.71,6.711153634272011
20230810094317230,6.72,6.71,6.711153634272011
20230810094317670,6.72,6.71,6.711153634272011
20230810094317710,6.72,6.71,6.711153634272011
20230810094320760,6.72,6.71,6.711153634272011
20230810094322700,6.72,6.71,6.711153634272011
20230810094322980,6.72,6.71,6.711408384213508
20230810094323180,6.72,6.71,6.711408384213508
20230810094326250,6.72,6.71,6.711415138840843
20230810094326300,6.72,6.71,6.711415138840843
20230810094327950,6.72,6.71,6.711421436200289
20230810094328030,6.72,6.71,6.711421436200289
20230810094329120,6.72,6.71,6.711421436200289
20230810094331170,6.72,6.71,6.711421212977794
20230810094331510,6.72,6.71,6.711421212977794
20230810094333330,6.72,6.71,6.711421212977794
20230810094333450,6.72,6.71,6.711421212977794
20230810094333520,6.72,6.71,6.711421212977794
20230810094334120,6.72,6.71,6.711421212977794
20230810094334520,6.72,6.71,6.711421212977794
20230810094335990,6.72,6.71,6.711421212977794
20230810094336380,6.72,6.71,6.711416359892681
20230810094336900,6.72,6.71,6.711416359892681
20230810094337080,6.72,6.71,6.711415918163673
20230810094337090,6.72,6.71,6.711415918163673
20230810094338880,6.72,6.71,6.711415918163673
20230810094341740,6.72,6.71,6.711422605877403
20230810094342370,6.72,6.71,6.711422605877403
20230810094344700,6.72,6.71,6.711423942169875
20230810094344720,6.72,6.71,6.711425278046045
20230810094344780,6.72,6.71,6.711426613506105
20230810094344810,6.72,6.71,6.711426613506105
20230810094344910,6.72,6.71,6.711426613506105
20230810094345090,6.72,6.71,6.711426613506105
20230810094347720,6.72,6.71,6.711426613506105
20230810094347850,6.72,6.71,6.711426613506105
20230810094350150,6.72,6.71,6.711478373943465
20230810094353050,6.72,6.71,6.7114902300272075
20230810094353410,6.72,6.71,6.7114902300272075
20230810094355980,6.72,6.71,6.711503364820645
20230810094358400,6.72,6.71,6.711503364820645
20230810094358410,6.72,6.71,6.711503364820645
20230810094358520,6.72,6.71,6.711503364820645
20230810094400410,6.72,6.71,6.711503364820645
20230810094400480,6.72,6.71,6.711511226252159
20230810094400580,6.72,6.71,6.711511226252159
20230810094400800,6.72,6.71,6.711522991160799
20230810094400920,6.72,6.71,6.711522991160799
20230810094403180,6.72,6.71,6.711526905553503
20230810094403290,6.72,6.71,6.711559385445735
20230810094403440,6.72,6.71,6.711567143601213
20230810094403600,6.72,6.71,6.7115787541304615
20230810094403900,6.72,6.71,6.7115787541304615
20230810094404110,6.72,6.72,6.7115787541304615
20230810094404240,6.72,6.72,6.7115864767377875
20230810094405800,6.72,6.72,6.7115864767377875
20230810094406030,6.72,6.72,6.7115864767377875
20230810094406200,6.72,6.72,6.711594185194234
20230810094406250,6.72,6.72,6.711594185194234
20230810094406310,6.72,6.72,6.711594185194234
20230810094406340,6.72,6.72,6.7116172260461715
20230810094406400,6.72,6.72,6.711622329092347
20230810094406410,6.72,6.72,6.711649018477502
20230810094406440,6.72,6.72,6.711666717127373
20230810094409260,6.72,6.71,6.711666212657768
20230810094409620,6.72,6.71,6.711672513912412
20230810094411570,6.72,6.72,6.711672513912412
20230810094412050,6.72,6.72,6.711672513912412
20230810094412100,6.72,6.72,6.711672513912412
20230810094417350,6.72,6.72,6.711672513912412
20230810094419170,6.72,6.71,6.711672513912412
20230810094419180,6.72,6.72,6.711672513912412
20230810094419370,6.72,6.72,6.711672513912412
20230810094419780,6.72,6.72,6.711672513912412
20230810094420010,6.72,6.72,6.711672513912412
20230810094420080,6.72,6.71,6.71176572954484
20230810094420370,6.72,6.71,6.71176572954484
20230810094422080,6.72,6.71,6.71176943378119
20230810094422090,6.72,6.71,6.71176943378119
20230810094422100,6.72,6.71,6.71176943378119
20230810094422320,6.72,6.71,6.711776832264637
20230810094422340,6.72,6.72,6.711776832264637
20230810094422730,6.72,6.72,6.711776832264637
20230810094422950,6.72,6.72,6.711776832264637
20230810094425000,6.72,6.72,6.711776832264637
20230810094425580,6.72,6.72,6.711776832264637
20230810094428410,6.72,6.72,6.711776832264637
20230810094432700,6.72,6.72,6.711776832264637
20230810094432710,6.72,6.72,6.711776832264637
20230810094433020,6.72,6.72,6.711776832264637
20230810094433840,6.72,6.72,6.711776832264637
20230810094435390,6.72,6.72,6.711776832264637
20230810094435440,6.72,6.72,6.711776832264637
20230810094436460,6.72,6.72,6.711776832264637
20230810094439240,6.72,6.72,6.711776832264637
20230810094441120,6.72,6.72,6.711985957284291
20230810094443500,6.72,6.72,6.711985957284291
20230810094447290,6.72,6.72,6.711985957284291
20230810094449130,6.72,6.72,6.711985957284291
20230810094449190,6.72,6.72,6.711985957284291
20230810094452090,6.72,6.72,6.711996535423823
20230810094454380,6.72,6.72,6.711996535423823
20230810094454400,6.72,6.72,6.711996535423823
20230810094454500,6.72,6.72,6.711996535423823
20230810094454680,6.72,6.72,6.711996535423823
20230810094454750,6.72,6.72,6.711996535423823
20230810094455220,6.72,6.72,6.711996535423823
20230810094457290,6.72,6.72,6.711996535423823
20230810094457830,6.72,6.72,6.712127721589087
20230810094500700,6.72,6.72,6.712127721589087
20230810094500730,6.72,6.72,6.712127721589087
20230810094500840,6.72,6.72,6.712127721589087
20230810094502530,6.72,6.72,6.712128868683336
20230810094502570,6.72,6.72,6.71213001544334
20230810094503470,6.72,6.72,6.712148221458928
20230810094505160,6.72,6.72,6.712148221458928
20230810094505200,6.72,6.72,6.712148221458928
20230810094506310,6.72,6.72,6.712148221458928
20230810094507940,6.72,6.72,6.712148221458928
20230810094508090,6.72,6.72,6.712148221458928
20230810094508560,6.72,6.72,6.712148221458928
20230810094511030,6.72,6.72,6.712148221458928
20230810094511550,6.72,6.72,6.712148221458928
20230810094513730,6.72,6.72,6.712148221458928
20230810094513940,6.72,6.72,6.712148221458928
20230810094515930,6.72,6.72,6.712148221458928
20230810094516060,6.72,6.72,6.712148221458928
20230810094516080,6.72,6.72,6.712148221458928
20230810094519420,6.72,6.72,6.712148221458928
20230810094521320,6.72,6.72,6.712148221458928
20230810094521460,6.72,6.72,6.712148221458928
20230810094522080,6.72,6.72,6.712148221458928
20230810094522510,6.72,6.72,6.712148221458928
20230810094524030,6.72,6.72,6.712148221458928
20230810094524220,6.72,6.72,6.712148221458928
20230810094525070,6.72,6.72,6.712148221458928
20230810094527010,6.72,6.72,6.712148221458928
20230810094527170,6.72,6.72,6.712148221458928
20230810094532100,6.72,6.72,6.712148221458928
20230810094532200,6.72,6.72,6.712148221458928
20230810094532230,6.72,6.72,6.712148221458928
20230810094532670,6.72,6.72,6.712148221458928
20230810094533000,6.72,6.72,6.712148221458928
20230810094535260,6.72,6.72,6.712148221458928
20230810094535750,6.72,6.72,6.712148221458928
20230810094537660,6.72,6.72,6.712148221458928
20230810094537950,6.72,6.72,6.712148221458928
20230810094537980,6.72,6.72,6.712148221458928
20230810094538370,6.72,6.72,6.712148221458928
20230810094538540,6.72,6.72,6.712148221458928
20230810094538720,6.72,6.72,6.712148221458928
20230810094540750,6.72,6.72,6.712148221458928
20230810094544050,6.72,6.72,6.712148221458928
20230810094546170,6.72,6.72,6.712148221458928
20230810094546470,6.72,6.72,6.712148221458928
20230810094548870,6.72,6.72,6.712148221458928
20230810094551020,6.72,6.72,6.712148221458928
20230810094551290,6.72,6.72,6.712148221458928
20230810094552120,6.72,6.72,6.712198583618738
20230810094554070,6.72,6.72,6.712198583618738
20230810094554100,6.72,6.72,6.712198583618738
20230810094554410,6.72,6.72,6.712198583618738
20230810094554640,6.72,6.72,6.712198583618738
20230810094554680,6.72,6.72,6.712202298050139
20230810094554910,6.72,6.72,6.712202298050139
20230810094557180,6.72,6.72,6.712202298050139
20230810094559350,6.72,6.72,6.712202298050139
20230810094600160,6.72,6.72,6.712202298050139
20230810094602560,6.72,6.72,6.712202298050139
20230810094604850,6.72,6.72,6.712202298050139
20230810094607250,6.72,6.72,6.712212620345667
20230810094607460,6.72,6.72,6.712212620345667
20230810094607690,6.72,6.72,6.712212620345667
20230810094608080,6.72,6.72,6.712212620345667
20230810094608270,6.72,6.72,6.712212620345667
20230810094609860,6.72,6.72,6.712212620345667
20230810094610000,6.72,6.72,6.712212620345667
20230810094612650,6.72,6.72,6.7124191005761125
20230810094612700,6.72,6.72,6.7124191005761125
20230810094613550,6.72,6.72,6.7124191005761125
20230810094616070,6.72,6.72,6.7124191005761125
20230810094616230,6.72,6.72,6.7124191005761125
20230810094616320,6.72,6.72,6.7124191005761125
20230810094618510,6.72,6.72,6.7124191005761125
20230810094619140,6.72,6.72,6.71242161976271
20230810094623830,6.72,6.72,6.71242161976271
20230810094626250,6.72,6.72,6.71242161976271
20230810094626260,6.72,6.72,6.712431689293693
20230810094626530,6.72,6.72,6.712431689293693
20230810094626910,6.72,6.72,6.712431689293693
20230810094628770,6.72,6.72,6.712431689293693
20230810094628980,6.72,6.72,6.712431689293693
20230810094629390,6.72,6.72,6.712431689293693
20230810094629700,6.72,6.72,6.712431689293693
20230810094629900,6.72,6.72,6.712431689293693
20230810094631900,6.72,6.72,6.712431689293693
20230810094632610,6.72,6.72,6.712431689293693
20230810094634710,6.72,6.72,6.712431689293693
20230810094637070,6.72,6.72,6.712431689293693
20230810094637090,6.72,6.72,6.712448991255644
20230810094637100,6.72,6.72,6.712448991255644
20230810094637500,6.72,6.72,6.712448991255644
20230810094637560,6.72,6.72,6.712448991255644
20230810094637820,6.72,6.72,6.712448991255644
20230810094637840,6.72,6.72,6.712448991255644
20230810094638060,6.72,6.72,6.712448991255644
20230810094639660,6.72,6.72,6.712448991255644
20230810094640100,6.72,6.72,6.712451148440178
20230810094640110,6.72,6.72,6.712451148440178
20230810094640210,6.72,6.72,6.712451148440178
20230810094640810,6.72,6.72,6.712451148440178
20230810094642310,6.72,6.72,6.712451148440178
20230810094643080,6.72,6.72,6.712451148440178
20230810094643090,6.72,6.72,6.712451148440178
20230810094643130,6.72,6.72,6.71245222657031
20230810094643140,6.72,6.72,6.712465140152271
20230810094643150,6.72,6.72,6.712465140152271
20230810094643180,6.72,6.72,6.712465140152271
20230810094645270,6.72,6.72,6.712465140152271
20230810094645280,6.72,6.72,6.7124683616463345
20230810094645900,6.72,6.72,6.712473357269048
20230810094645960,6.72,6.72,6.712487272106715
20230810094646170,6.72,6.72,6.712487272106715
20230810094648070,6.72,6.72,6.712487272106715
20230810094648590,6.72,6.72,6.712487272106715
20230810094651050,6.72,6.72,6.712487272106715
20230810094651180,6.72,6.72,6.712487272106715
20230810094653650,6.72,6.72,6.712487272106715
20230810094653720,6.72,6.72,6.712502202392793
20230810094655930,6.72,6.72,6.712502202392793
20230810094656180,6.72,6.72,6.712502202392793
20230810094656630,6.72,6.72,6.712502202392793
20230810094656870,6.72,6.72,6.712502202392793
20230810094658620,6.72,6.72,6.712502202392793
20230810094659600,6.72,6.72,6.712502202392793
20230810094701550,6.72,6.72,6.712502202392793
20230810094701600,6.72,6.72,6.712527029711399
20230810094701940,6.72,6.72,6.7125323275862065
20230810094704070,6.72,6.72,6.7125323275862065
20230810094704080,6.72,6.72,6.7125323275862065
20230810094704110,6.72,6.72,6.7125323275862065
20230810094704470,6.72,6.72,6.7125323275862065
20230810094705060,6.72,6.72,6.7125323275862065
20230810094706580,6.72,6.72,6.7125323275862065
20230810094706630,6.72,6.72,6.7125323275862065
20230810094707070,6.72,6.72,6.7125323275862065
20230810094707100,6.72,6.72,6.7125323275862065
20230810094707170,6.72,6.72,6.7125323275862065
20230810094707190,6.72,6.72,6.7125323275862065
20230810094707330,6.72,6.72,6.7125323275862065
20230810094707450,6.72,6.72,6.7125323275862065
20230810094709330,6.72,6.72,6.712634323730056
20230810094710070,6.72,6.72,6.712634323730056
20230810094710270,6.72,6.72,6.712634323730056
20230810094712190,6.72,6.72,6.712634323730056
20230810094712650,6.72,6.72,6.712634323730056
20230810094712680,6.72,6.72,6.712634323730056
20230810094712710,6.72,6.72,6.712714722635315
20230810094713030,6.72,6.72,6.712758263595399
20230810094714860,6.72,6.72,6.712758263595399
20230810094715080,6.72,6.72,6.712767372952423
20230810094715780,6.72,6.72,6.712767372952423
20230810094720760,6.72,6.72,6.712767372952423
20230810094722930,6.72,6.72,6.712767372952423
20230810094723320,6.72,6.72,6.712767372952423
20230810094725630,6.72,6.72,6.712784216258482
20230810094725840,6.72,6.72,6.712784216258482
20230810094726110,6.72,6.72,6.712784216258482
20230810094726160,6.72,6.72,6.712784216258482
20230810094728290,6.72,6.72,6.712784216258482
20230810094728490,6.72,6.72,6.712784216258482
20230810094729050,6.72,6.72,6.712784216258482
20230810094729060,6.72,6.72,6.712784216258482
20230810094729120,6.72,6.72,6.712784216258482
20230810094731170,6.72,6.72,6.712784216258482
20230810094731310,6.72,6.72,6.712784216258482
20230810094732000,6.72,6.72,6.712784216258482
20230810094734450,6.72,6.72,6.712784216258482
20230810094736590,6.72,6.72,6.712784216258482
20230810094736600,6.72,6.72,6.712784216258482
20230810094739000,6.72,6.72,6.712784216258482
20230810094739760,6.72,6.72,6.712784216258482
20230810094740090,6.72,6.72,6.712784216258482
20230810094741710,6.72,6.72,6.712784216258482
20230810094741910,6.72,6.72,6.712784216258482
20230810094742790,6.72,6.72,6.712784216258482
20230810094747220,6.72,6.72,6.712784216258482
20230810094747770,6.72,6.72,6.712784216258482
20230810094748230,6.72,6.72,6.712784216258482
20230810094749780,6.72,6.72,6.712784216258482
20230810094752650,6.72,6.72,6.712784216258482
20230810094753010,6.72,6.72,6.712784216258482
20230810094755240,6.72,6.72,6.712784216258482
20230810094755290,6.72,6.72,6.712784216258482
20230810094755780,6.72,6.72,6.712784216258482
20230810094755950,6.72,6.72,6.712784216258482
20230810094755990,6.72,6.72,6.712784216258482
20230810094756000,6.72,6.72,6.71301151705516
20230810094756020,6.72,6.72,6.71301151705516
20230810094756160,6.72,6.72,6.71301151705516
20230810094756170,6.72,6.72,6.71301151705516
20230810094759050,6.72,6.72,6.713016327542058
20230810094759060,6.72,6.72,6.713022091391785
20230810094801050,6.72,6.72,6.713022091391785
20230810094801100,6.72,6.72,6.713022091391785
20230810094801280,6.72,6.72,6.713022091391785
20230810094803280,6.72,6.72,6.713022091391785
20230810094803390,6.72,6.72,6.713022091391785
20230810094804070,6.72,6.72,6.7130259286755205
20230810094804080,6.72,6.72,6.713033590595732
20230810094804090,6.72,6.72,6.713033590595732
20230810094804110,6.72,6.72,6.713033590595732
20230810094804300,6.72,6.72,6.713064070660942
20230810094804310,6.72,6.72,6.713067861925715
20230810094806050,6.72,6.72,6.713067861925715
20230810094806060,6.72,6.72,6.713067861925715
20230810094806070,6.72,6.72,6.713067861925715
20230810094806090,6.72,6.72,6.713067861925715
20230810094806100,6.72,6.72,6.713067861925715
20230810094806120,6.72,6.72,6.713067861925715
20230810094806140,6.72,6.72,6.713067861925715
20230810094806340,6.72,6.72,6.713067861925715
20230810094807120,6.72,6.72,6.713067861925715
20230810094807190,6.72,6.72,6.713067861925715
20230810094808720,6.72,6.72,6.713067861925715
20230810094809090,6.72,6.72,6.713067861925715
20230810094809210,6.72,6.72,6.713067861925715
20230810094811370,6.72,6.72,6.713067861925715
20230810094812130,6.72,6.72,6.713067861925715
20230810094812150,6.72,6.72,6.7130657869625665
20230810094812160,6.72,6.72,6.7130657869625665
20230810094812180,6.72,6.72,6.7130657869625665
20230810094812580,6.72,6.72,6.7130657869625665
20230810094814140,6.72,6.72,6.7130657869625665
20230810094814530,6.72,6.72,6.7130657869625665
20230810094817290,6.72,6.72,6.7130657869625665
20230810094817540,6.72,6.72,6.7130657869625665
20230810094817680,6.72,6.72,6.7130657869625665
20230810094817760,6.72,6.72,6.7130657869625665
20230810094819730,6.72,6.72,6.7130657869625665
20230810094819740,6.72,6.72,6.7130657869625665
20230810094819750,6.72,6.72,6.7130657869625665
20230810094819850,6.72,6.72,6.7130657869625665
20230810094822160,6.72,6.72,6.7130657869625665
20230810094824910,6.72,6.72,6.7130657869625665
20230810094825170,6.72,6.72,6.7130657869625665
20230810094825220,6.72,6.72,6.7130657869625665
20230810094825400,6.72,6.72,6.7130657869625665
20230810094825640,6.72,6.72,6.7130657869625665
20230810094828030,6.72,6.72,6.7130657869625665
20230810094828100,6.72,6.72,6.7130657869625665
20230810094828110,6.72,6.72,6.7130657869625665
20230810094828170,6.72,6.72,6.7130657869625665
20230810094828640,6.72,6.72,6.7130657869625665
20230810094828730,6.72,6.72,6.7130657869625665
20230810094830460,6.72,6.72,6.7130657869625665
20230810094831100,6.72,6.72,6.7130657869625665
20230810094831140,6.72,6.72,6.7130657869625665
20230810094831150,6.72,6.72,6.713071774500734
20230810094831160,6.72,6.72,6.713071356674556
20230810094831180,6.72,6.72,6.713070938962028
20230810094831200,6.72,6.72,6.713070521363105
20230810094831220,6.72,6.72,6.713069686505886
20230810094833680,6.72,6.72,6.713069686505886
20230810094833870,6.72,6.72,6.713068852102531
20230810094834080,6.72,6.72,6.713065935259613
20230810094834110,6.72,6.72,6.713065935259613
20230810094836300,6.72,6.72,6.713065935259613
20230810094836400,6.72,6.72,6.713064270980349
20230810094838780,6.72,6.72,6.713064270980349
20230810094838800,6.72,6.72,6.713064270980349
20230810094839170,6.72,6.72,6.713064270980349
20230810094839200,6.72,6.72,6.713064270980349
20230810094839480,6.72,6.72,6.713064270980349
20230810094841090,6.72,6.72,6.713064270980349
20230810094841100,6.72,6.72,6.713064270980349
20230810094841110,6.72,6.72,6.713064270980349
20230810094841120,6.72,6.72,6.713064270980349
20230810094841270,6.72,6.72,6.713064270980349
20230810094843820,6.72,6.72,6.713064270980349
20230810094843920,6.72,6.72,6.713064270980349
20230810094844130,6.72,6.72,6.713064270980349
20230810094844300,6.72,6.72,6.713064270980349
20230810094846500,6.72,6.72,6.713064270980349
20230810094846560,6.72,6.72,6.713064270980349
20230810094846690,6.72,6.72,6.713064270980349
20230810094846710,6.71,6.72,6.713064270980349
20230810094846910,6.72,6.72,6.713064270980349
20230810094847110,6.71,6.72,6.713064270980349
20230810094847310,6.71,6.72,6.713064270980349
20230810094847580,6.71,6.72,6.713064270980349
20230810094849140,6.71,6.72,6.713064270980349
20230810094849160,6.71,6.72,6.713064270980349
20230810094849200,6.71,6.72,6.713064270980349
20230810094849610,6.71,6.72,6.713064270980349
20230810094849670,6.71,6.72,6.713064270980349
20230810094849780,6.71,6.72,6.713064270980349
20230810094849800,6.71,6.72,6.713064270980349
20230810094850030,6.71,6.72,6.713064270980349
20230810094850040,6.71,6.72,6.713064270980349
20230810094850100,6.71,6.72,6.713064270980349
20230810094850120,6.71,6.72,6.713064270980349
20230810094852090,6.71,6.72,6.713064270980349
20230810094852180,6.71,6.72,6.713064270980349
20230810094852240,6.71,6.72,6.713064270980349
20230810094854610,6.71,6.72,6.713064270980349
20230810094854750,6.71,6.72,6.713064270980349
20230810094855230,6.71,6.72,6.713064270980349
20230810094855450,6.71,6.72,6.713064270980349
20230810094857970,6.71,6.72,6.713064270980349
20230810094858110,6.71,6.72,6.713064270980349
20230810094858150,6.71,6.72,6.713064270980349
20230810094859960,6.71,6.72,6.713064270980349
20230810094900020,6.71,6.72,6.713064270980349
20230810094900380,6.71,6.72,6.713064270980349
20230810094900530,6.71,6.72,6.713064270980349
20230810094900710,6.71,6.72,6.713064270980349
20230810094901100,6.71,6.72,6.713064270980349
20230810094901160,6.71,6.72,6.713064270980349
20230810094901180,6.71,6.72,6.713064270980349
20230810094902720,6.71,6.72,6.713064270980349
20230810094906310,6.71,6.72,6.713064270980349
20230810094906330,6.71,6.72,6.713064270980349
20230810094906500,6.71,6.72,6.713064270980349
20230810094908330,6.71,6.72,6.713064270980349
20230810094908470,6.71,6.72,6.713064270980349
20230810094911910,6.71,6.72,6.713064270980349
20230810094913500,6.71,6.72,6.713064270980349
20230810094916270,6.71,6.72,6.713064270980349
20230810094916350,6.71,6.72,6.713064270980349
20230810094922240,6.71,6.72,6.713064270980349
20230810094922680,6.71,6.72,6.713064270980349
20230810094924480,6.72,6.72,6.713064270980349
20230810094924800,6.71,6.72,6.713064270980349
20230810094924950,6.72,6.72,6.713064270980349
20230810094925100,6.71,6.72,6.713064270980349
20230810094925240,6.72,6.72,6.713064270980349
20230810094925260,6.72,6.72,6.713064270980349
20230810094926960,6.72,6.72,6.713064270980349
20230810094927800,6.71,6.72,6.713064270980349
20230810094927820,6.71,6.72,6.713064270980349
20230810094927880,6.72,6.72,6.713064270980349
20230810094928070,6.72,6.72,6.713064270980349
20230810094929740,6.72,6.72,6.713064270980349
20230810094933060,6.72,6.72,6.713064270980349
20230810094935210,6.65,6.72,6.713064270980349
20230810094935220,6.65,6.72,6.713064270980349
20230810094935230,6.65,6.72,6.713064270980349
20230810094935520,6.65,6.72,6.713064270980349
20230810094936210,6.65,6.72,6.713064270980349
20230810094938020,6.65,6.72,6.713064270980349
20230810094940710,6.65,6.72,6.712756695567161
20230810094940720,6.65,6.72,6.712756695567161
20230810094940840,6.65,6.72,6.712756695567161
20230810094941040,6.71,6.72,6.712752093286074
20230810094941310,6.71,6.72,6.712752093286074
20230810094943200,6.71,6.72,6.712752093286074
20230810094943220,6.71,6.72,6.71273410449101
20230810094943320,6.71,6.72,6.712730839252289
20230810094943340,6.71,6.72,6.712730839252289
20230810094943610,6.71,6.72,6.712730839252289
20230810094943720,6.71,6.72,6.712724313795843
20230810094944110,6.71,6.72,6.712716166376396
20230810094944180,6.71,6.72,6.712716166376396
20230810094944310,6.71,6.72,6.712712910329287
20230810094944360,6.71,6.72,6.712712910329287
20230810094945960,6.71,6.72,6.712712910329287
20230810094946040,6.71,6.72,6.712712910329287
20230810094946110,6.71,6.72,6.712712910329287
20230810094946160,6.71,6.72,6.712712910329287
20230810094946620,6.71,6.72,6.712712910329287
20230810094946720,6.71,6.72,6.712712910329287
20230810094949070,6.71,6.72,6.712712910329287
20230810094949080,6.71,6.72,6.712712910329287
20230810094949300,6.71,6.72,6.712712910329287
20230810094949370,6.71,6.72,6.712712910329287
20230810094949480,6.71,6.72,6.712625623029193
20230810094949530,6.71,6.72,6.712625623029193
20230810094949550,6.71,6.72,6.712625623029193
20230810094949570,6.71,6.72,6.712625623029193
20230810094949670,6.71,6.72,6.712625623029193
20230810094949710,6.71,6.72,6.712615998373735
20230810094951350,6.71,6.72,6.712615998373735
20230810094951500,6.71,6.72,6.712615998373735
20230810094951710,6.71,6.72,6.712615998373735
20230810094951770,6.71,6.72,6.71261466957891
20230810094952120,6.71,6.72,6.712612404478407
20230810094952230,6.71,6.72,6.712612404478407
20230810094952300,6.71,6.72,6.712610803675687
20230810094952420,6.71,6.72,6.712610803675687
20230810094952500,6.71,6.72,6.712610803675687
20230810094954040,6.71,6.72,6.712610803675687
20230810094954130,6.71,6.72,6.712610803675687
20230810094954190,6.71,6.72,6.7126012073863635
20230810094954390,6.71,6.72,6.7126012073863635
20230810094954760,6.71,6.72,6.7126012073863635
20230810094955080,6.71,6.72,6.712598011867931
20230810094955100,6.71,6.72,6.71259481796978
20230810094955140,6.71,6.72,6.71259481796978
20230810094957060,6.71,6.72,6.71259481796978
20230810094959380,6.71,6.72,6.71259481796978
20230810095000480,6.71,6.72,6.71259481796978
20230810095002170,6.71,6.72,6.71259481796978
20230810095002250,6.71,6.72,6.71259481796978
20230810095002670,6.71,6.72,6.71259481796978
20230810095002900,6.71,6.72,6.71259481796978
20230810095005300,6.71,6.72,6.71259481796978
20230810095005450,6.71,6.72,6.71259481796978
20230810095007460,6.71,6.72,6.71259481796978
20230810095007550,6.71,6.72,6.71259481796978
20230810095007590,6.71,6.72,6.71259481796978
20230810095008030,6.71,6.72,6.71259481796978
20230810095008050,6.71,6.72,6.71259481796978
20230810095008060,6.71,6.72,6.71259481796978
20230810095008100,6.71,6.72,6.71259481796978
20230810095008240,6.71,6.72,6.71259481796978
20230810095010390,6.71,6.72,6.71259481796978
20230810095010540,6.71,6.72,6.71259481796978
20230810095010700,6.71,6.72,6.71259481796978
20230810095010990,6.71,6.72,6.71259481796978
20230810095011170,6.71,6.72,6.71259481796978
20230810095011340,6.71,6.72,6.71259481796978
20230810095012840,6.71,6.72,6.712584008684894
20230810095013120,6.71,6.72,6.712584008684894
20230810095016700,6.71,6.72,6.712584008684894
20230810095016710,6.71,6.72,6.712584008684894
20230810095016730,6.71,6.72,6.712584008684894
20230810095019160,6.71,6.72,6.712584008684894
20230810095023800,6.71,6.72,6.712582378765706
20230810095024750,6.71,6.72,6.712576852388025
20230810095024800,6.71,6.72,6.712576852388025
20230810095029100,6.71,6.72,6.712576852388025
20230810095032010,6.71,6.72,6.712576852388025
20230810095032130,6.71,6.72,6.712576852388025
20230810095032280,6.71,6.72,6.712576852388025
20230810095032330,6.71,6.72,6.712576852388025
20230810095032490,6.71,6.72,6.712576852388025
20230810095032560,6.71,6.72,6.712576852388025
20230810095032960,6.71,6.72,6.712576852388025
20230810095034450,6.71,6.72,6.712576852388025
20230810095034640,6.71,6.72,6.712576852388025
20230810095035210,6.71,6.72,6.712576852388025
20230810095035220,6.71,6.72,6.712576852388025
20230810095037720,6.71,6.72,6.7125514782868825
20230810095040760,6.71,6.72,6.7125514782868825
20230810095040770,6.71,6.72,6.7125514782868825
20230810095040810,6.71,6.72,6.7125514782868825
20230810095042710,6.71,6.72,6.7125514782868825
20230810095042730,6.71,6.72,6.7125514782868825
20230810095043050,6.71,6.72,6.7125514782868825
20230810095043220,6.71,6.72,6.7125514782868825
20230810095045530,6.71,6.72,6.7125514782868825
20230810095045540,6.71,6.72,6.7125514782868825
20230810095045560,6.71,6.72,6.7125514782868825
20230810095046130,6.71,6.72,6.7125514782868825
20230810095046170,6.71,6.72,6.7125514782868825
20230810095046200,6.71,6.72,6.7125514782868825
20230810095048040,6.71,6.72,6.7125514782868825
20230810095048110,6.71,6.72,6.7125514782868825
20230810095048210,6.71,6.72,6.7125514782868825
20230810095050770,6.71,6.72,6.7125514782868825
20230810095051600,6.71,6.72,6.7125514782868825
20230810095051750,6.71,6.72,6.7125514782868825
20230810095053560,6.71,6.72,6.7125514782868825
20230810095056510,6.71,6.72,6.7125514782868825
20230810095059170,6.71,6.72,6.712503458156308
20230810095101620,6.71,6.72,6.712503458156308
20230810095101970,6.71,6.72,6.712503458156308
20230810095102590,6.71,6.72,6.712503458156308
20230810095104640,6.71,6.72,6.712503458156308
20230810095104680,6.71,6.72,6.712503458156308
20230810095107300,6.71,6.72,6.712503458156308
20230810095110110,6.71,6.72,6.712503458156308
20230810095110170,6.71,6.72,6.712503458156308
20230810095110610,6.71,6.72,6.712496366905588
20230810095110670,6.71,6.72,6.712477926166408
20230810095113070,6.71,6.72,6.712477926166408
20230810095115610,6.71,6.72,6.712477926166408
20230810095115750,6.71,6.72,6.712477926166408
20230810095120460,6.71,6.72,6.712477926166408
20230810095120470,6.71,6.72,6.712477926166408
20230810095120530,6.71,6.72,6.712477926166408
20230810095120540,6.71,6.72,6.712477926166408
20230810095120620,6.71,6.72,6.712477926166408
20230810095121450,6.71,6.72,6.712477926166408
20230810095123120,6.71,6.72,6.712477926166408
20230810095123210,6.71,6.72,6.712477926166408
20230810095123250,6.71,6.72,6.712477926166408
20230810095123260,6.71,6.72,6.712477926166408
20230810095123280,6.71,6.72,6.712477926166408
20230810095123470,6.71,6.72,6.712477926166408
20230810095125810,6.71,6.72,6.712477926166408
20230810095126020,6.71,6.72,6.712477926166408
20230810095126120,6.71,6.72,6.712477926166408
20230810095126260,6.71,6.72,6.712477926166408
20230810095126970,6.71,6.72,6.712477926166408
20230810095126980,6.71,6.72,6.712463241611232
20230810095129050,6.71,6.72,6.712463241611232
20230810095131260,6.71,6.72,6.712463241611232
20230810095131730,6.71,6.72,6.71245811287478
20230810095134170,6.71,6.72,6.712456608484907
20230810095134320,6.71,6.72,6.712456608484907
20230810095137550,6.71,6.72,6.712456608484907
20230810095139710,6.71,6.72,6.712456608484907
20230810095140000,6.71,6.72,6.712456608484907
20230810095140080,6.71,6.72,6.712456608484907
20230810095140100,6.71,6.72,6.712456608484907
20230810095140110,6.71,6.72,6.7124429848122285
20230810095144920,6.71,6.72,6.7124429848122285
20230810095145040,6.71,6.72,6.7124429848122285
20230810095145230,6.71,6.72,6.7124429848122285
20230810095145560,6.71,6.72,6.7124429848122285
20230810095147350,6.71,6.72,6.712378002866234
20230810095147360,6.71,6.72,6.712378002866234
20230810095147380,6.71,6.72,6.712356992167608
20230810095147400,6.71,6.72,6.711719023088952
20230810095147410,6.71,6.71,6.710966235554886
20230810095147420,6.71,6.69,6.709654251288269
20230810095147430,6.71,6.69,6.709629622630813
20230810095147440,6.71,6.69,6.709629622630813
20230810095147450,6.71,6.69,6.709629622630813
20230810095147460,6.71,6.69,6.709629622630813
20230810095147470,6.71,6.69,6.709629622630813
20230810095147480,6.71,6.69,6.709629622630813
20230810095147490,6.71,6.69,6.709629622630813
20230810095147500,6.71,6.69,6.709629622630813
20230810095147510,6.71,6.69,6.709629622630813
20230810095147520,6.71,6.69,6.709629622630813
20230810095147530,6.71,6.69,6.709057928509216
20230810095147550,6.71,6.69,6.709024891851642
20230810095147560,6.7,6.69,6.709024891851642
20230810095147570,6.7,6.69,6.709024891851642
20230810095147580,6.7,6.69,6.709024891851642
20230810095147630,6.7,6.69,6.709024891851642
20230810095147640,6.7,6.69,6.709024891851642
20230810095147660,6.7,6.69,6.709024891851642
20230810095147670,6.7,6.69,6.709024891851642
20230810095147680,6.7,6.69,6.709024891851642
20230810095147690,6.7,6.69,6.709024891851642
20230810095147730,6.7,6.69,6.709024891851642
20230810095147740,6.7,6.69,6.709024891851642
20230810095147770,6.7,6.69,6.709024891851642
20230810095147800,6.7,6.69,6.709024891851642
20230810095147890,6.7,6.69,6.709024891851642
20230810095147910,6.7,6.69,6.709024891851642
20230810095147960,6.7,6.69,6.709024891851642
20230810095147970,6.7,6.69,6.709024891851642
20230810095147990,6.7,6.69,6.709024891851642
20230810095148030,6.7,6.69,6.709024891851642
20230810095148320,6.7,6.69,6.709024891851642
20230810095148330,6.7,6.69,6.708966047473444
20230810095148340,6.7,6.69,6.708927576110346
20230810095148350,6.7,6.69,6.70877688148524
20230810095148360,6.7,6.69,6.708775238828428
20230810095148560,6.7,6.69,6.708721191925888
20230810095148570,6.7,6.69,6.708717926354899
20230810095150040,6.7,6.69,6.708716293996582
20230810095150070,6.7,6.69,6.708712494987709
20230810095150190,6.7,6.69,6.708688059337675
20230810095150330,6.7,6.69,6.708684806072
20230810095150340,6.7,6.69,6.708681553938803
20230810095150440,6.7,6.69,6.708681553938803
20230810095150450,6.7,6.69,6.708681553938803
20230810095150470,6.7,6.69,6.708681553938803
20230810095150480,6.7,6.69,6.708681553938803
20230810095150490,6.7,6.69,6.708681553938803
20230810095150550,6.7,6.69,6.708681553938803
20230810095150560,6.7,6.69,6.708681553938803
20230810095150570,6.7,6.69,6.708681553938803
20230810095150580,6.7,6.69,6.708681553938803
20230810095150620,6.7,6.69,6.708681553938803
20230810095150680,6.69,6.69,6.708681553938803
20230810095150690,6.7,6.69,6.708623208522747
20230810095150790,6.7,6.69,6.708623208522747
20230810095150900,6.7,6.69,6.70861997779474
20230810095150910,6.7,6.69,6.708616748187463
20230810095151050,6.7,6.69,6.708615133803916
20230810095151090,6.7,6.69,6.708615133803916
20230810095153190,6.7,6.69,6.708378989271979
20230810095153260,6.7,6.69,6.708378989271979
20230810095153560,6.7,6.69,6.708378989271979
20230810095153790,6.7,6.69,6.708378989271979
20230810095155470,6.7,6.69,6.708378989271979
20230810095155810,6.7,6.69,6.708378989271979
20230810095156290,6.7,6.69,6.708378989271979
20230810095158180,6.7,6.69,6.708378989271979
20230810095158260,6.7,6.69,6.708378989271979
20230810095159280,6.7,6.69,6.708378989271979
20230810095200920,6.7,6.69,6.707943518725814
20230810095200930,6.7,6.69,6.707943518725814
20230810095201070,6.7,6.69,6.707943518725814
20230810095201100,6.7,6.69,6.707943518725814
20230810095201200,6.7,6.69,6.707943518725814
20230810095201240,6.7,6.69,6.707943518725814
20230810095201270,6.7,6.69,6.707942084139497
20230810095201800,6.7,6.69,6.707942084139497
20230810095203750,6.69,6.69,6.70722857713154
20230810095203760,6.69,6.69,6.707057035145325
20230810095203790,6.69,6.69,6.707028561022248
20230810095203800,6.69,6.69,6.707024685551291
20230810095203820,6.69,6.69,6.707015649642121
20230810095203840,6.69,6.69,6.707014359580889
20230810095204070,6.69,6.69,6.706987313410241
20230810095204080,6.69,6.69,6.706966764447939
20230810095204140,6.69,6.69,6.706966764447939
20230810095204250,6.69,6.69,6.706966764447939
20230810095204260,6.69,6.69,6.706966764447939
20230810095204270,6.69,6.69,6.706966764447939
20230810095204300,6.69,6.69,6.706966764447939
20230810095204370,6.69,6.69,6.7069590713983445
20230810095204420,6.69,6.69,6.706950104986481
20230810095207090,6.69,6.69,6.706950104986481
20230810095207190,6.69,6.69,6.706950104986481
20230810095207200,6.69,6.69,6.706950104986481
20230810095207210,6.69,6.69,6.706950104986481
20230810095207240,6.69,6.69,6.706949580085796
20230810095207320,6.69,6.69,6.706949580085796
20230810095207390,6.69,6.69,6.706949580085796
20230810095207410,6.69,6.69,6.706949580085796
20230810095209410,6.69,6.69,6.706949580085796
20230810095209640,6.69,6.69,6.706949580085796
20230810095209800,6.69,6.69,6.706949580085796
20230810095209810,6.69,6.69,6.706949580085796
20230810095209850,6.69,6.69,6.706949580085796
20230810095209900,6.69,6.69,6.706949580085796
20230810095210080,6.69,6.69,6.706949580085796
20230810095210110,6.69,6.69,6.706949580085796
20230810095211880,6.69,6.69,6.706949580085796
20230810095212770,6.69,6.69,6.706949580085796
20230810095212800,6.69,6.69,6.706949580085796
20230810095215400,6.69,6.69,6.706949580085796
20230810095215530,6.69,6.69,6.706949580085796
20230810095217050,6.69,6.69,6.706949580085796
20230810095217350,6.69,6.69,6.706949580085796
20230810095218150,6.69,6.69,6.706949580085796
20230810095220240,6.69,6.69,6.706949580085796
20230810095220880,6.69,6.69,6.70694905526439
20230810095225810,6.69,6.69,6.70694905526439
20230810095226160,6.69,6.69,6.70694905526439
20230810095226210,6.69,6.69,6.70694905526439
20230810095226220,6.69,6.69,6.70694905526439
20230810095228630,6.69,6.69,6.70694905526439
20230810095236090,6.69,6.69,6.70694905526439
20230810095237040,6.69,6.69,6.706573572198674
20230810095237150,6.69,6.69,6.706573572198674
20230810095242550,6.69,6.69,6.706573572198674
20230810095244800,6.69,6.69,6.706573572198674
20230810095247190,6.69,6.69,6.706573572198674
20230810095247820,6.69,6.69,6.706573572198674
20230810095249590,6.69,6.69,6.706572348406534
20230810095249750,6.69,6.69,6.706572348406534
20230810095250510,6.69,6.69,6.706572348406534
20230810095253240,6.69,6.69,6.706572348406534
20230810095255100,6.69,6.69,6.706572348406534
20230810095255220,6.69,6.69,6.706572348406534
20230810095255240,6.69,6.69,6.70657112479511
20230810095258100,6.69,6.69,6.70657112479511
20230810095300720,6.69,6.69,6.70657112479511
20230810095301210,6.69,6.69,6.70657112479511
20230810095303170,6.69,6.69,6.70657112479511
20230810095303480,6.69,6.69,6.70657112479511
20230810095303790,6.69,6.69,6.705818943035566
20230810095303900,6.69,6.69,6.705818943035566
20230810095303930,6.69,6.69,6.705813370159518
20230810095304010,6.69,6.69,6.705804461720467
20230810095304040,6.69,6.69,6.705802418730379
20230810095304060,6.69,6.69,6.705801306416646
20230810095304110,6.69,6.69,6.705801306416646
20230810095304150,6.69,6.69,6.705790191885657
20230810095306030,6.69,6.69,6.705790191885657
20230810095308920,6.69,6.69,6.705790191885657
20230810095309030,6.69,6.69,6.7057890812924645
20230810095309090,6.69,6.69,6.705786860574692
20230810095309100,6.69,6.69,6.7057846404815145
20230810095311210,6.69,6.69,6.7057846404815145
20230810095311660,6.69,6.69,6.7057846404815145
20230810095312110,6.69,6.69,6.705782421012669
20230810095312220,6.69,6.69,6.705782421012669
20230810095314840,6.69,6.69,6.705782421012669
20230810095317550,6.69,6.69,6.705782421012669
20230810095319160,6.69,6.69,6.705782421012669
20230810095319500,6.69,6.69,6.705782421012669
20230810095320150,6.69,6.69,6.705781311512289
20230810095322110,6.7,6.69,6.705760260604614
20230810095322240,6.7,6.69,6.705758047986073
20230810095322560,6.7,6.69,6.705758047986073
20230810095322620,6.7,6.69,6.705756941909763
20230810095323050,6.7,6.69,6.705756941909763
20230810095323060,6.7,6.69,6.705754730222896
20230810095323070,6.7,6.69,6.705754730222896
20230810095324620,6.7,6.69,6.705754730222896
20230810095324640,6.7,6.69,6.705754730222896
20230810095324970,6.7,6.69,6.705754730222896
20230810095325030,6.7,6.69,6.705754730222896
20230810095325080,6.7,6.69,6.705754730222896
20230810095325090,6.7,6.69,6.705754730222896
20230810095325100,6.7,6.69,6.705754730222896
20230810095325130,6.7,6.69,6.705754730222896
20230810095325210,6.7,6.69,6.705754730222896
20230810095325220,6.7,6.69,6.705754730222896
20230810095325560,6.7,6.69,6.705754730222896
20230810095327580,6.7,6.69,6.705754730222896
20230810095328090,6.7,6.69,6.705754730222896
20230810095328100,6.7,6.69,6.705754730222896
20230810095328200,6.7,6.69,6.705754730222896
20230810095330650,6.7,6.69,6.705754730222896
20230810095330910,6.7,6.69,6.705712825825238
20230810095330920,6.7,6.69,6.705712825825238
20230810095331100,6.7,6.69,6.705540955914932
20230810095331150,6.7,6.69,6.705540955914932
20230810095331170,6.7,6.69,6.705540955914932
20230810095332680,6.7,6.69,6.705540955914932
20230810095332870,6.7,6.69,6.70546174614982
20230810095333140,6.7,6.69,6.70546174614982
20230810095333170,6.7,6.69,6.70546174614982
20230810095333390,6.7,6.69,6.70546174614982
20230810095333640,6.7,6.69,6.70546174614982
20230810095333800,6.7,6.69,6.70546174614982
20230810095335610,6.7,6.69,6.70546174614982
20230810095336550,6.7,6.69,6.705459616550053
20230810095338070,6.7,6.69,6.705459616550053
20230810095341310,6.7,6.69,6.705451104014097
20230810095343770,6.7,6.69,6.705451104014097
20230810095344010,6.7,6.69,6.7054488537853985
20230810095347080,6.7,6.69,6.7054488537853985
20230810095349250,6.7,6.69,6.705448478927889
20230810095349310,6.7,6.69,6.705448478927889
20230810095349440,6.7,6.69,6.705448478927889
20230810095349640,6.7,6.69,6.705448478927889
20230810095349840,6.7,6.69,6.705448478927889
20230810095352150,6.7,6.69,6.705446230865506
20230810095352240,6.7,6.69,6.7054458563687875
20230810095352250,6.7,6.69,6.7054458563687875
20230810095352260,6.7,6.69,6.705445107529839
20230810095352280,6.7,6.69,6.705444358896803
20230810095354410,6.7,6.69,6.705444358896803
20230810095357740,6.7,6.69,6.7053336791384
20230810095358080,6.7,6.69,6.7053336791384
20230810095400230,6.7,6.69,6.7053336791384
20230810095400820,6.7,6.69,6.7053336791384
20230810095402460,6.7,6.69,6.7053336791384
20230810095402990,6.7,6.69,6.705291931553656
20230810095403300,6.7,6.69,6.705289850140876
20230810095408670,6.7,6.69,6.705279451570343
20230810095408890,6.7,6.69,6.70527841249116
20230810095410800,6.7,6.69,6.70527841249116
20230810095411340,6.7,6.69,6.70527841249116
20230810095411350,6.7,6.69,6.70527841249116
20230810095417060,6.7,6.69,6.70527841249116
20230810095418900,6.7,6.69,6.705263415230412
20230810095419070,6.7,6.69,6.705263415230412
20230810095422290,6.7,6.69,6.705263415230412
20230810095427570,6.7,6.69,6.705262700471218
20230810095427750,6.7,6.69,6.705262700471218
20230810095427850,6.7,6.69,6.705262700471218
20230810095432890,6.7,6.69,6.705262700471218
20230810095435000,6.7,6.69,6.705262700471218
20230810095435880,6.7,6.69,6.705262700471218
20230810095438150,6.7,6.69,6.705262700471218
20230810095440120,6.7,6.69,6.705262700471218
20230810095440260,6.7,6.69,6.705262700471218
20230810095440510,6.7,6.69,6.705262700471218
20230810095443150,6.7,6.69,6.705262700471218
20230810095443360,6.7,6.69,6.705262700471218
20230810095445670,6.7,6.69,6.705250647115424
20230810095445970,6.7,6.69,6.705250647115424
20230810095446170,6.7,6.69,6.705250647115424
20230810095446680,6.7,6.69,6.7052276223115745
20230810095448260,6.7,6.69,6.7052276223115745
20230810095448920,6.7,6.69,6.7052276223115745
20230810095451050,6.7,6.69,6.705227269660951
20230810095451760,6.7,6.69,6.705227269660951
20230810095451840,6.7,6.69,6.705227269660951
20230810095452110,6.7,6.69,6.705227269660951
20230810095454080,6.7,6.69,6.705227269660951
20230810095454380,6.7,6.69,6.705227269660951
20230810095454450,6.7,6.69,6.705227269660951
20230810095459260,6.7,6.69,6.705227269660951
20230810095459780,6.7,6.69,6.705225215502705
20230810095504740,6.7,6.69,6.705223453893249
20230810095505500,6.7,6.69,6.705223453893249
20230810095505640,6.7,6.69,6.705223453893249
20230810095510460,6.7,6.69,6.705223453893249
20230810095512660,6.7,6.69,6.705223453893249
20230810095513030,6.7,6.69,6.705223453893249
20230810095518700,6.7,6.69,6.705223453893249
20230810095521580,6.7,6.69,6.705222427486887
20230810095524030,6.7,6.69,6.705222427486887
20230810095524360,6.7,6.69,6.705222427486887
20230810095524470,6.7,6.69,6.705222427486887
20230810095526860,6.7,6.69,6.705222427486887
20230810095528870,6.7,6.69,6.705222427486887
20230810095529410,6.7,6.69,6.705222427486887
20230810095534250,6.7,6.69,6.705222427486887
20230810095536810,6.7,6.69,6.705190233050564
20230810095537340,6.7,6.69,6.70518209459007
20230810095539670,6.7,6.69,6.70518209459007
20230810095539950,6.7,6.69,6.705161786540751
20230810095540320,6.7,6.69,6.705155235525156
20230810095542680,6.7,6.69,6.705155235525156
20230810095543030,6.7,6.69,6.705155235525156
20230810095543060,6.7,6.69,6.705155235525156
20230810095543330,6.7,6.69,6.705155235525156
20230810095544970,6.7,6.69,6.705155235525156
