Timestamp,ask1,bid1,VWAP
20230725093000020,6.65,6.63,6.64
20230725093000030,6.65,6.63,6.64
20230725093000040,6.65,6.63,6.638673469387755
20230725093000050,6.65,6.64,6.63922619047619
20230725093000070,6.65,6.64,6.63922619047619
20230725093000080,6.65,6.64,6.63922619047619
20230725093000090,6.65,6.64,6.63922619047619
20230725093000220,6.65,6.64,6.63922619047619
20230725093000230,6.65,6.64,6.63922619047619
20230725093000240,6.65,6.63,6.639514925373135
20230725093000250,6.65,6.63,6.639516728624535
20230725093000270,6.65,6.63,6.639516728624535
20230725093000280,6.65,6.63,6.637810650887574
20230725093000290,6.65,6.63,6.637810650887574
20230725093000300,6.65,6.63,6.637810650887574
20230725093000310,6.65,6.64,6.637810650887574
20230725093000320,6.65,6.63,6.637873563218391
20230725093000330,6.65,6.63,6.637873563218391
20230725093000340,6.65,6.63,6.638179271708683
20230725093000350,6.65,6.63,6.638179271708683
20230725093000360,6.65,6.63,6.638179271708683
20230725093000370,6.64,6.63,6.6379564032697544
20230725093000380,6.64,6.63,6.637934782608696
20230725093000400,6.64,6.63,6.637934782608696
20230725093000410,6.64,6.63,6.638041237113402
20230725093000760,6.64,6.63,6.638041237113402
20230725093000770,6.64,6.63,6.638041237113402
20230725093000780,6.64,6.63,6.638041237113402
20230725093000790,6.64,6.63,6.638041237113402
20230725093000800,6.64,6.63,6.638041237113402
20230725093000810,6.64,6.63,6.638041237113402
20230725093000840,6.64,6.63,6.638041237113402
20230725093000850,6.64,6.63,6.638041237113402
20230725093000870,6.64,6.63,6.638041237113402
20230725093000890,6.64,6.63,6.638041237113402
20230725093000900,6.64,6.64,6.638041237113402
20230725093000910,6.64,6.64,6.638041237113402
20230725093000920,6.64,6.64,6.638041237113402
20230725093000930,6.65,6.64,6.6386650485436896
20230725093000940,6.65,6.64,6.6386650485436896
20230725093000950,6.65,6.64,6.6386650485436896
20230725093000970,6.65,6.64,6.6386650485436896
20230725093000980,6.65,6.64,6.6386650485436896
20230725093000990,6.65,6.64,6.6386650485436896
20230725093001000,6.65,6.64,6.6386650485436896
20230725093001020,6.65,6.64,6.6386650485436896
20230725093001050,6.65,6.64,6.6386650485436896
20230725093001060,6.65,6.64,6.6386650485436896
20230725093001080,6.65,6.64,6.6386650485436896
20230725093001100,6.65,6.63,6.638946360153256
20230725093001110,6.64,6.63,6.638669131238447
20230725093001120,6.64,6.63,6.638548094373865
20230725093001130,6.64,6.63,6.638548094373865
20230725093001160,6.64,6.63,6.638548094373865
20230725093001170,6.65,6.64,6.638713826366559
20230725093001780,6.65,6.64,6.638713826366559
20230725093001820,6.65,6.64,6.638713826366559
20230725093001860,6.65,6.64,6.63875
20230725093001880,6.65,6.64,6.63875
20230725093001900,6.65,6.64,6.63875
20230725093001910,6.65,6.64,6.640260869565218
20230725093001920,6.65,6.64,6.640260869565218
20230725093001930,6.65,6.64,6.640260869565218
20230725093001940,6.65,6.64,6.640260869565218
20230725093001950,6.65,6.64,6.64025974025974
20230725093001960,6.65,6.64,6.64025974025974
20230725093001970,6.65,6.64,6.64025974025974
20230725093001990,6.65,6.65,6.64025974025974
20230725093002000,6.65,6.65,6.64025974025974
20230725093002010,6.65,6.65,6.64025974025974
20230725093002040,6.65,6.65,6.64025974025974
20230725093002050,6.65,6.65,6.64025974025974
20230725093002090,6.65,6.65,6.64025974025974
20230725093002110,6.65,6.65,6.640287769784172
20230725093002140,6.65,6.65,6.640287769784172
20230725093002150,6.65,6.65,6.640287769784172
20230725093002160,6.65,6.65,6.640287769784172
20230725093002190,6.65,6.65,6.640287769784172
20230725093002210,6.65,6.65,6.640287769784172
20230725093002220,6.65,6.65,6.640384615384615
20230725093002230,6.65,6.65,6.640384615384615
20230725093002250,6.65,6.65,6.640398293029872
20230725093002260,6.65,6.65,6.640411931818182
20230725093002310,6.65,6.65,6.640803814713896
20230725093002320,6.65,6.65,6.640803814713896
20230725093002330,6.65,6.65,6.640803814713896
20230725093002360,6.65,6.65,6.640803814713896
20230725093002370,6.65,6.65,6.640803814713896
20230725093002390,6.65,6.65,6.640803814713896
20230725093002400,6.65,6.65,6.640803814713896
20230725093002410,6.65,6.65,6.640927419354838
20230725093002450,6.65,6.65,6.640927419354838
20230725093002480,6.65,6.65,6.640927419354838
20230725093003420,6.65,6.65,6.640927419354838
20230725093003460,6.65,6.65,6.640927419354838
20230725093003480,6.65,6.65,6.640927419354838
20230725093003500,6.65,6.65,6.640927419354838
20230725093003520,6.65,6.65,6.640927419354838
20230725093003590,6.65,6.65,6.640927419354838
20230725093003640,6.65,6.65,6.640927419354838
20230725093003690,6.65,6.65,6.640927419354838
20230725093003710,6.65,6.65,6.640927419354838
20230725093003720,6.65,6.65,6.640927419354838
20230725093003750,6.65,6.65,6.640927419354838
20230725093003760,6.65,6.65,6.640927419354838
20230725093003820,6.65,6.65,6.640927419354838
20230725093003840,6.65,6.65,6.640927419354838
20230725093003940,6.65,6.65,6.640927419354838
20230725093003950,6.65,6.65,6.640927419354838
20230725093003970,6.65,6.65,6.640927419354838
20230725093003990,6.65,6.65,6.640927419354838
20230725093004000,6.65,6.65,6.640927419354838
20230725093004010,6.65,6.65,6.640927419354838
20230725093004050,6.65,6.65,6.640927419354838
20230725093004130,6.65,6.65,6.640927419354838
20230725093004140,6.65,6.65,6.640927419354838
20230725093004160,6.65,6.65,6.640927419354838
20230725093004190,6.65,6.65,6.640927419354838
20230725093004200,6.65,6.65,6.640927419354838
20230725093004210,6.65,6.65,6.640888888888889
20230725093004220,6.65,6.65,6.640888888888889
20230725093004250,6.65,6.65,6.640888888888889
20230725093004270,6.65,6.65,6.640888888888889
20230725093004280,6.65,6.65,6.640888888888889
20230725093005610,6.65,6.65,6.640888888888889
20230725093005630,6.65,6.65,6.640888888888889
20230725093005650,6.65,6.65,6.640888888888889
20230725093005690,6.65,6.65,6.640888888888889
20230725093005700,6.65,6.65,6.640888888888889
20230725093005720,6.65,6.65,6.640888888888889
20230725093005780,6.65,6.65,6.640888888888889
20230725093005920,6.65,6.65,6.640888888888889
20230725093005970,6.65,6.65,6.640888888888889
20230725093006000,6.65,6.65,6.640888888888889
20230725093006040,6.65,6.65,6.640888888888889
20230725093006190,6.65,6.65,6.640888888888889
20230725093006230,6.65,6.65,6.640888888888889
20230725093006240,6.65,6.65,6.640888888888889
20230725093006300,6.65,6.65,6.640888888888889
20230725093006480,6.65,6.65,6.640888888888889
20230725093006570,6.65,6.65,6.640888888888889
20230725093006760,6.65,6.65,6.640888888888889
20230725093006770,6.65,6.65,6.640888888888889
20230725093006810,6.65,6.65,6.640888888888889
20230725093006850,6.65,6.65,6.640888888888889
20230725093006870,6.65,6.65,6.640888888888889
20230725093006890,6.65,6.65,6.640888888888889
20230725093006900,6.65,6.65,6.640888888888889
20230725093006920,6.65,6.65,6.640888888888889
20230725093007030,6.65,6.65,6.640888888888889
20230725093007060,6.65,6.65,6.640888888888889
20230725093007080,6.65,6.65,6.640888888888889
20230725093007100,6.65,6.65,6.640888888888889
20230725093007110,6.66,6.66,6.641051344743277
20230725093007120,6.66,6.66,6.642096584216725
20230725093007150,6.66,6.66,6.642096584216725
20230725093007260,6.66,6.66,6.642096584216725
20230725093007410,6.66,6.66,6.642096584216725
20230725093010370,6.66,6.66,6.642096584216725
20230725093010410,6.66,6.66,6.642997762863534
20230725093010580,6.66,6.66,6.642997762863534
20230725093010610,6.66,6.66,6.642997762863534
20230725093010730,6.66,6.66,6.642997762863534
20230725093010790,6.66,6.66,6.642997762863534
20230725093010940,6.66,6.66,6.642997762863534
20230725093011020,6.66,6.66,6.642997762863534
20230725093011210,6.66,6.66,6.642997762863534
20230725093011350,6.66,6.66,6.643728260869565
20230725093011560,6.66,6.66,6.643728260869565
20230725093011830,6.66,6.66,6.643728260869565
20230725093012110,6.66,6.66,6.643728260869565
20230725093012220,6.66,6.66,6.643728260869565
20230725093012240,6.66,6.66,6.643728260869565
20230725093012390,6.66,6.66,6.643728260869565
20230725093012570,6.66,6.66,6.643728260869565
20230725093012750,6.66,6.66,6.643728260869565
20230725093012770,6.66,6.66,6.643728260869565
20230725093012840,6.66,6.66,6.643728260869565
20230725093012980,6.66,6.66,6.643728260869565
20230725093013090,6.66,6.66,6.643728260869565
20230725093013100,6.67,6.67,6.651174183514774
20230725093013110,6.67,6.67,6.651174183514774
20230725093016650,6.67,6.67,6.651174183514774
20230725093016660,6.67,6.67,6.651174183514774
20230725093016670,6.67,6.67,6.653142650253439
20230725093016870,6.67,6.67,6.653142650253439
20230725093016930,6.67,6.67,6.653142650253439
20230725093017060,6.67,6.67,6.653142650253439
20230725093017100,6.67,6.67,6.653142650253439
20230725093017150,6.67,6.67,6.653142650253439
20230725093017160,6.67,6.67,6.653142650253439
20230725093017460,6.67,6.67,6.653142650253439
20230725093017530,6.67,6.67,6.653142650253439
20230725093017540,6.67,6.67,6.653142650253439
20230725093017580,6.67,6.67,6.653142650253439
20230725093017660,6.67,6.67,6.653142650253439
20230725093017690,6.67,6.67,6.653142650253439
20230725093017830,6.67,6.67,6.653142650253439
20230725093017960,6.67,6.67,6.653142650253439
20230725093017970,6.67,6.67,6.653142650253439
20230725093018010,6.68,6.67,6.653601423487545
20230725093018040,6.68,6.68,6.659045197740113
20230725093018100,6.68,6.68,6.659068848758465
20230725093018180,6.68,6.68,6.659068848758465
20230725093018190,6.68,6.68,6.659068848758465
20230725093018240,6.68,6.68,6.659068848758465
20230725093018260,6.68,6.68,6.659068848758465
20230725093018280,6.68,6.68,6.659068848758465
20230725093018290,6.68,6.68,6.659068848758465
20230725093018370,6.68,6.68,6.659068848758465
20230725093018380,6.68,6.68,6.659068848758465
20230725093018450,6.68,6.68,6.659068848758465
20230725093018550,6.68,6.68,6.659068848758465
20230725093018580,6.68,6.68,6.659068848758465
20230725093018600,6.68,6.68,6.659068848758465
20230725093018660,6.68,6.68,6.659068848758465
20230725093018680,6.68,6.68,6.659068848758465
20230725093018690,6.68,6.68,6.659068848758465
20230725093018710,6.68,6.68,6.659068848758465
20230725093018720,6.68,6.68,6.659068848758465
20230725093018730,6.68,6.68,6.659068848758465
20230725093018750,6.68,6.68,6.659068848758465
20230725093018770,6.68,6.68,6.659068848758465
20230725093018890,6.68,6.68,6.659068848758465
20230725093019090,6.68,6.68,6.659104225352113
20230725093021340,6.68,6.68,6.659104225352113
20230725093021910,6.68,6.68,6.659104225352113
20230725093021920,6.68,6.68,6.6605489130434785
20230725093021930,6.68,6.69,6.6605489130434785
20230725093021940,6.68,6.69,6.6605489130434785
20230725093021950,6.68,6.69,6.660655826558266
20230725093021960,6.68,6.69,6.662446973616141
20230725093021970,6.69,6.69,6.665184652278177
20230725093021980,6.7,6.69,6.665678486997636
20230725093021990,6.71,6.69,6.667752110173256
20230725093022000,6.71,6.7,6.667752110173256
20230725093022010,6.71,6.7,6.667752110173256
20230725093022020,6.71,6.7,6.667752110173256
20230725093022030,6.71,6.7,6.667752110173256
20230725093022040,6.71,6.7,6.667752110173256
20230725093022090,6.71,6.7,6.673382352941177
20230725093022100,6.71,6.7,6.673382352941177
20230725093022110,6.71,6.7,6.673729060451566
20230725093022120,6.71,6.7,6.675162644281217
20230725093022130,6.71,6.7,6.67556861389561
20230725093022140,6.71,6.7,6.6756042817679555
20230725093022150,6.71,6.7,6.6756042817679555
20230725093022170,6.71,6.7,6.6756042817679555
20230725093022180,6.71,6.7,6.6756042817679555
20230725093022210,6.71,6.7,6.676115618661258
20230725093022260,6.71,6.7,6.676195615514334
20230725093022290,6.71,6.7,6.676195615514334
20230725093022330,6.71,6.7,6.676252525252525
20230725093022340,6.71,6.7,6.676252525252525
20230725093022350,6.71,6.7,6.676252525252525
20230725093022360,6.71,6.7,6.676855158730159
20230725093022370,6.71,6.7,6.677072930354797
20230725093022380,6.71,6.7,6.6771377049180325
20230725093022390,6.71,6.7,6.677191489361702
20230725093022510,6.71,6.7,6.677191489361702
20230725093022520,6.71,6.7,6.678251504592968
20230725093022530,6.71,6.7,6.678746492048644
20230725093022550,6.71,6.7,6.678746492048644
20230725093022570,6.71,6.7,6.678795143212952
20230725093024070,6.71,6.7,6.678795143212952
20230725093024100,6.71,6.7,6.678795143212952
20230725093024230,6.71,6.7,6.678795143212952
20230725093024270,6.71,6.7,6.678821517412936
20230725093024290,6.71,6.7,6.678860248447205
20230725093024340,6.71,6.7,6.678947042427996
20230725093024420,6.71,6.7,6.678947042427996
20230725093024490,6.71,6.7,6.678947042427996
20230725093024670,6.71,6.7,6.678947042427996
20230725093025080,6.71,6.7,6.679024992286331
20230725093025090,6.71,6.7,6.681775048841753
20230725093025100,6.71,6.7,6.682481632653062
20230725093025110,6.71,6.7,6.682623172712507
20230725093025120,6.71,6.7,6.682792574656982
20230725093025130,6.71,6.7,6.682923694779117
20230725093025140,6.71,6.7,6.682945425361155
20230725093025150,6.71,6.7,6.683246031746032
20230725093025180,6.71,6.7,6.683260179799048
20230725093025200,6.71,6.7,6.683330696202532
20230725093025230,6.71,6.7,6.683773340248963
20230725093025270,6.71,6.7,6.683777547316567
20230725093026740,6.71,6.7,6.683777547316567
20230725093026750,6.71,6.7,6.683968499870901
20230725093026760,6.71,6.7,6.683968499870901
20230725093026770,6.71,6.7,6.683968499870901
20230725093026830,6.71,6.7,6.683968499870901
20230725093026840,6.71,6.7,6.683968499870901
20230725093026880,6.71,6.7,6.683968499870901
20230725093026890,6.71,6.7,6.683968499870901
20230725093026900,6.71,6.7,6.683968499870901
20230725093026910,6.71,6.7,6.683968499870901
20230725093026960,6.71,6.7,6.683968499870901
20230725093026970,6.71,6.7,6.683968499870901
20230725093027090,6.71,6.7,6.683968499870901
20230725093027100,6.71,6.7,6.683968499870901
20230725093027110,6.71,6.73,6.683968499870901
20230725093027120,6.71,6.73,6.683968499870901
20230725093027130,6.71,6.73,6.683968499870901
20230725093027200,6.71,6.73,6.684460045953536
20230725093027210,6.71,6.73,6.684460045953536
20230725093027230,6.71,6.73,6.68454128440367
20230725093027260,6.71,6.73,6.68454128440367
20230725093027270,6.71,6.73,6.68454128440367
20230725093027280,6.71,6.73,6.68454128440367
20230725093027290,6.71,6.71,6.685214662314838
20230725093027320,6.71,6.71,6.685214662314838
20230725093027340,6.71,6.71,6.685315631262525
20230725093027380,6.71,6.71,6.685315631262525
20230725093027410,6.71,6.71,6.685315631262525
20230725093027450,6.71,6.71,6.685315631262525
20230725093027570,6.71,6.72,6.685315631262525
20230725093027590,6.71,6.72,6.685315631262525
20230725093027600,6.71,6.72,6.685315631262525
20230725093027630,6.71,6.72,6.685315631262525
20230725093027810,6.71,6.72,6.685382691345673
20230725093027820,6.71,6.71,6.685382691345673
20230725093027860,6.71,6.71,6.685382691345673
20230725093027910,6.71,6.71,6.686118050453098
20230725093027960,6.71,6.71,6.686182440694546
20230725093029600,6.71,6.71,6.686182440694546
20230725093029630,6.71,6.71,6.686182440694546
20230725093029830,6.71,6.71,6.686182440694546
20230725093029840,6.71,6.71,6.686182440694546
20230725093029890,6.71,6.71,6.686182440694546
20230725093029930,6.71,6.71,6.686182440694546
20230725093029940,6.71,6.71,6.686182440694546
20230725093029970,6.71,6.71,6.686182440694546
20230725093030080,6.71,6.71,6.686182440694546
20230725093030100,6.71,6.71,6.686182440694546
20230725093030110,6.71,6.71,6.686182440694546
20230725093030120,6.71,6.71,6.686182440694546
20230725093030240,6.71,6.71,6.686182440694546
20230725093030250,6.71,6.71,6.686182440694546
20230725093030390,6.71,6.71,6.686182440694546
20230725093030500,6.71,6.71,6.686182440694546
20230725093030580,6.71,6.71,6.686182440694546
20230725093032120,6.71,6.71,6.686182440694546
20230725093032150,6.71,6.72,6.686182440694546
20230725093032180,6.71,6.72,6.686182440694546
20230725093032190,6.71,6.72,6.686182440694546
20230725093032240,6.71,6.72,6.686182440694546
20230725093032270,6.71,6.72,6.686182440694546
20230725093032280,6.71,6.72,6.686182440694546
20230725093032290,6.71,6.72,6.686182440694546
20230725093032310,6.71,6.73,6.686182440694546
20230725093032320,6.71,6.73,6.68871431782423
20230725093032340,6.71,6.73,6.68871431782423
20230725093032350,6.71,6.73,6.68871431782423
20230725093032360,6.71,6.73,6.68871431782423
20230725093032370,6.71,6.73,6.68871431782423
20230725093032380,6.71,6.73,6.68871431782423
20230725093032460,6.71,6.73,6.68871431782423
20230725093032470,6.71,6.73,6.68871431782423
20230725093032500,6.71,6.73,6.68871431782423
20230725093032520,6.71,6.73,6.68871431782423
20230725093032530,6.71,6.73,6.68871431782423
20230725093032580,6.71,6.73,6.689280319857841
20230725093032740,6.71,6.73,6.689280319857841
20230725093032780,6.71,6.73,6.689280319857841
20230725093032800,6.71,6.73,6.689280319857841
20230725093032810,6.71,6.73,6.689280319857841
20230725093032840,6.71,6.73,6.689280319857841
20230725093032880,6.71,6.73,6.689280319857841
20230725093032970,6.71,6.73,6.689280319857841
20230725093032980,6.71,6.73,6.692109899328859
20230725093032990,6.71,6.73,6.692109899328859
20230725093033010,6.71,6.73,6.692109899328859
20230725093033020,6.71,6.73,6.692109899328859
20230725093033100,6.71,6.73,6.6921812853255185
20230725093033120,6.71,6.73,6.6921812853255185
20230725093033170,6.71,6.73,6.6921812853255185
20230725093033190,6.71,6.73,6.6921812853255185
20230725093033260,6.71,6.73,6.692395920066611
20230725093033270,6.71,6.73,6.692395920066611
20230725093033280,6.71,6.73,6.692415730337078
20230725093033290,6.71,6.73,6.692798761609907
20230725093033330,6.71,6.73,6.692798761609907
20230725093034810,6.71,6.73,6.6953696037847426
20230725093034830,6.71,6.73,6.6953696037847426
20230725093034850,6.71,6.73,6.6953696037847426
20230725093034890,6.71,6.73,6.69543093270366
20230725093034980,6.71,6.73,6.69543093270366
20230725093035010,6.71,6.73,6.695452399685287
20230725093035040,6.71,6.74,6.695452399685287
20230725093035470,6.71,6.74,6.695452399685287
20230725093035510,6.71,6.74,6.695452399685287
20230725093035570,6.71,6.74,6.695452399685287
20230725093035580,6.71,6.74,6.695452399685287
20230725093035810,6.71,6.74,6.695461160275319
20230725093035870,6.71,6.74,6.695876268540203
20230725093036050,6.71,6.74,6.695876268540203
20230725093037540,6.71,6.74,6.695876268540203
20230725093037700,6.71,6.74,6.695876268540203
20230725093037790,6.71,6.74,6.695876268540203
20230725093037910,6.71,6.74,6.695876268540203
20230725093037950,6.71,6.74,6.695876268540203
20230725093037960,6.71,6.74,6.695876268540203
20230725093037980,6.71,6.74,6.695876268540203
20230725093037990,6.71,6.74,6.695876268540203
20230725093038000,6.71,6.74,6.695876268540203
20230725093038020,6.71,6.74,6.695876268540203
20230725093038070,6.71,6.74,6.695876268540203
20230725093038080,6.71,6.74,6.695876268540203
20230725093038100,6.71,6.74,6.695876268540203
20230725093038190,6.71,6.74,6.695876268540203
20230725093038330,6.71,6.74,6.695876268540203
20230725093038360,6.71,6.74,6.700617808461675
20230725093038370,6.71,6.74,6.700617808461675
20230725093038380,6.71,6.74,6.700617808461675
20230725093038410,6.71,6.74,6.700617808461675
20230725093038510,6.71,6.74,6.700617808461675
20230725093038530,6.71,6.74,6.700617808461675
20230725093038740,6.71,6.74,6.700617808461675
20230725093040210,6.71,6.74,6.700617808461675
20230725093040220,6.71,6.74,6.700617808461675
20230725093040230,6.71,6.74,6.700617808461675
20230725093040240,6.71,6.74,6.700617808461675
20230725093040250,6.71,6.74,6.700617808461675
20230725093040260,6.71,6.74,6.700617808461675
20230725093040270,6.71,6.74,6.701094570928196
20230725093040540,6.71,6.74,6.701094570928196
20230725093040670,6.71,6.74,6.701094570928196
20230725093040800,6.71,6.74,6.701094570928196
20230725093040860,6.71,6.74,6.701094570928196
20230725093040910,6.71,6.74,6.701331592689295
20230725093040970,6.71,6.74,6.701331592689295
20230725093041050,6.71,6.74,6.701331592689295
20230725093043050,6.71,6.74,6.701331592689295
20230725093043070,6.71,6.74,6.701331592689295
20230725093043110,6.71,6.74,6.701364980003477
20230725093043210,6.71,6.76,6.703058088483621
20230725093043220,6.71,6.74,6.703496983914209
20230725093043230,6.71,6.74,6.703496983914209
20230725093043350,6.71,6.74,6.703496983914209
20230725093043370,6.71,6.74,6.703496983914209
20230725093043460,6.76,6.74,6.70434560158442
20230725093043470,6.76,6.75,6.70434560158442
20230725093043590,6.76,6.75,6.70434560158442
20230725093043670,6.76,6.75,6.70434560158442
20230725093043690,6.76,6.75,6.70434560158442
20230725093043760,6.76,6.75,6.70434560158442
20230725093043820,6.76,6.75,6.704353135313531
20230725093045690,6.76,6.75,6.704353135313531
20230725093045720,6.76,6.75,6.704353135313531
20230725093045840,6.76,6.75,6.7044433465085636
20230725093046040,6.76,6.75,6.704577996715928
20230725093046080,6.76,6.75,6.704577996715928
20230725093046090,6.76,6.75,6.7046152584085315
20230725093046100,6.76,6.75,6.704763695829927
20230725093046120,6.76,6.75,6.704763695829927
20230725093046140,6.76,6.75,6.704763695829927
20230725093046300,6.76,6.75,6.704763695829927
20230725093046320,6.76,6.75,6.704763695829927
20230725093046510,6.76,6.75,6.704763695829927
20230725093046770,6.76,6.75,6.704763695829927
20230725093046860,6.76,6.75,6.704763695829927
20230725093048560,6.76,6.75,6.704763695829927
20230725093048630,6.76,6.75,6.704763695829927
20230725093048800,6.76,6.75,6.704763695829927
20230725093048870,6.76,6.75,6.704763695829927
20230725093048910,6.76,6.75,6.704763695829927
20230725093048990,6.76,6.75,6.704763695829927
20230725093049000,6.76,6.75,6.704763695829927
20230725093049040,6.76,6.75,6.705327193407658
20230725093049100,6.76,6.75,6.705327193407658
20230725093049180,6.76,6.75,6.705327193407658
20230725093049210,6.76,6.75,6.705327193407658
20230725093049450,6.76,6.75,6.705327193407658
20230725093051090,6.76,6.75,6.705327193407658
20230725093051190,6.76,6.75,6.705428018700629
20230725093051300,6.76,6.75,6.7054639175257735
20230725093051330,6.76,6.75,6.70556412729026
20230725093051340,6.76,6.75,6.70556412729026
20230725093051540,6.76,6.75,6.70556412729026
20230725093051730,6.76,6.75,6.705741956138946
20230725093051750,6.76,6.75,6.705741956138946
20230725093051800,6.76,6.75,6.705741956138946
20230725093051900,6.76,6.75,6.705741956138946
20230725093051940,6.76,6.75,6.706242866201649
20230725093051950,6.76,6.75,6.706242866201649
20230725093052070,6.76,6.75,6.706276932826363
20230725093052080,6.76,6.74,6.706276932826363
20230725093052090,6.76,6.74,6.706276932826363
20230725093052110,6.76,6.74,6.706276932826363
20230725093052120,6.76,6.75,6.706276932826363
20230725093052150,6.76,6.75,6.706276932826363
20230725093052200,6.76,6.75,6.706276932826363
20230725093052220,6.76,6.75,6.706276932826363
20230725093052230,6.76,6.75,6.706276932826363
20230725093052260,6.76,6.75,6.70735898624633
20230725093052270,6.76,6.75,6.70735898624633
20230725093053830,6.76,6.75,6.70735898624633
20230725093054020,6.76,6.74,6.70735898624633
20230725093054060,6.76,6.74,6.70735898624633
20230725093054180,6.76,6.74,6.708617053329316
20230725093054190,6.76,6.74,6.708617053329316
20230725093054350,6.76,6.74,6.709001196172249
20230725093054470,6.76,6.74,6.709001196172249
20230725093054530,6.76,6.75,6.709001196172249
20230725093056430,6.76,6.75,6.709001196172249
20230725093056440,6.76,6.75,6.709001196172249
20230725093056450,6.76,6.74,6.709001196172249
20230725093056520,6.76,6.74,6.709001196172249
20230725093057130,6.76,6.74,6.709001196172249
20230725093057210,6.76,6.74,6.709001196172249
20230725093057220,6.76,6.74,6.709001196172249
20230725093057290,6.76,6.74,6.709001196172249
20230725093057430,6.76,6.74,6.709001196172249
20230725093057490,6.76,6.75,6.709001196172249
20230725093057520,6.76,6.74,6.709001196172249
20230725093057600,6.76,6.74,6.709001196172249
20230725093059200,6.76,6.74,6.709001196172249
20230725093059600,6.76,6.74,6.709001196172249
20230725093059640,6.76,6.75,6.709001196172249
20230725093059650,6.76,6.75,6.709001196172249
20230725093059810,6.76,6.75,6.709001196172249
20230725093059830,6.76,6.75,6.709001196172249
20230725093100060,6.76,6.75,6.709001196172249
20230725093100090,6.76,6.75,6.709001196172249
20230725093100240,6.76,6.75,6.709001196172249
20230725093100270,6.76,6.75,6.709001196172249
20230725093100300,6.76,6.75,6.709001196172249
20230725093101800,6.76,6.75,6.709001196172249
20230725093101830,6.76,6.75,6.709001196172249
20230725093101990,6.75,6.75,6.709001196172249
20230725093102000,6.75,6.75,6.709872974990122
20230725093102020,6.75,6.75,6.709872974990122
20230725093102030,6.76,6.75,6.709877085162423
20230725093102040,6.76,6.75,6.709877085162423
20230725093102050,6.76,6.75,6.709877085162423
20230725093102100,6.76,6.75,6.7098844184345285
20230725093102110,6.76,6.75,6.7098844184345285
20230725093102280,6.76,6.75,6.7098844184345285
20230725093102330,6.76,6.75,6.710045209275194
20230725093102340,6.76,6.75,6.710045209275194
20230725093102440,6.76,6.75,6.710045209275194
20230725093102460,6.76,6.75,6.710045209275194
20230725093102480,6.76,6.75,6.710045209275194
20230725093102530,6.76,6.75,6.710045209275194
20230725093102610,6.76,6.75,6.710045209275194
20230725093102620,6.76,6.75,6.710045209275194
20230725093102730,6.76,6.75,6.710045209275194
20230725093102790,6.76,6.75,6.710045209275194
20230725093102800,6.76,6.75,6.710045209275194
20230725093102870,6.76,6.75,6.710045209275194
20230725093102980,6.76,6.75,6.710045209275194
20230725093104530,6.76,6.75,6.710045209275194
20230725093104580,6.76,6.75,6.710045209275194
20230725093104610,6.76,6.75,6.710045209275194
20230725093104620,6.75,6.75,6.710424023154848
20230725093104630,6.75,6.75,6.710424023154848
20230725093104650,6.75,6.75,6.710730901780586
20230725093104700,6.76,6.75,6.710899342293394
20230725093104930,6.76,6.75,6.710899342293394
20230725093104940,6.76,6.75,6.710899342293394
20230725093105060,6.76,6.75,6.710899342293394
20230725093105070,6.75,6.75,6.710899342293394
20230725093105120,6.76,6.75,6.710910520297313
20230725093105300,6.76,6.75,6.710910520297313
20230725093105400,6.76,6.75,6.711001283697048
20230725093105560,6.76,6.75,6.711001283697048
20230725093105590,6.76,6.75,6.711001283697048
20230725093105780,6.75,6.75,6.7110457330104
20230725093107240,6.76,6.74,6.7110457330104
20230725093107280,6.76,6.75,6.7110457330104
20230725093107360,6.76,6.75,6.7110457330104
20230725093107490,6.76,6.75,6.7110457330104
20230725093107620,6.76,6.75,6.7110457330104
20230725093107640,6.76,6.74,6.7110457330104
20230725093107660,6.76,6.74,6.7110457330104
20230725093108110,6.76,6.74,6.7110457330104
20230725093108120,6.76,6.75,6.7110457330104
20230725093108130,6.76,6.75,6.7110457330104
20230725093108160,6.76,6.75,6.7110457330104
20230725093108270,6.76,6.75,6.7110457330104
20230725093108350,6.76,6.75,6.7110457330104
20230725093108430,6.76,6.75,6.7110457330104
20230725093109950,6.76,6.75,6.7110457330104
20230725093109960,6.76,6.75,6.712204517112373
20230725093110010,6.76,6.75,6.712204517112373
20230725093110110,6.76,6.75,6.712464565845603
20230725093110120,6.76,6.75,6.712464565845603
20230725093110150,6.76,6.75,6.712464565845603
20230725093110160,6.76,6.75,6.712464565845603
20230725093110210,6.76,6.75,6.712721060543939
20230725093110410,6.76,6.75,6.712721060543939
20230725093110460,6.76,6.75,6.712721060543939
20230725093110470,6.76,6.75,6.712721060543939
20230725093110480,6.76,6.75,6.712721060543939
20230725093110490,6.76,6.75,6.712721060543939
20230725093110560,6.76,6.75,6.712721060543939
20230725093110620,6.76,6.75,6.712721060543939
20230725093110750,6.76,6.75,6.712811349065611
20230725093110830,6.76,6.75,6.712811349065611
20230725093110920,6.76,6.75,6.712811349065611
20230725093110930,6.76,6.75,6.713041943803447
20230725093111000,6.76,6.75,6.713041943803447
20230725093112750,6.76,6.75,6.713041943803447
20230725093112770,6.76,6.75,6.713041943803447
20230725093112790,6.76,6.75,6.713041943803447
20230725093112800,6.76,6.75,6.713041943803447
20230725093112880,6.76,6.74,6.713041943803447
20230725093112910,6.76,6.74,6.713041943803447
20230725093113020,6.76,6.74,6.713041943803447
20230725093113030,6.76,6.75,6.713041943803447
20230725093113040,6.76,6.75,6.713041943803447
20230725093113060,6.76,6.75,6.713041943803447
20230725093113100,6.76,6.75,6.713041943803447
20230725093113110,6.76,6.75,6.714129109225875
20230725093113120,6.76,6.75,6.714129109225875
20230725093113130,6.76,6.74,6.714129109225875
20230725093113140,6.76,6.74,6.714129109225875
20230725093113150,6.76,6.75,6.714129109225875
20230725093113200,6.76,6.75,6.714129109225875
20230725093113210,6.76,6.75,6.714129109225875
20230725093113400,6.76,6.75,6.714129109225875
20230725093113510,6.76,6.74,6.714129109225875
20230725093113530,6.76,6.74,6.714129109225875
20230725093113550,6.76,6.74,6.714129109225875
20230725093113610,6.76,6.74,6.714129109225875
20230725093113700,6.76,6.74,6.714129109225875
20230725093115450,6.76,6.74,6.714129109225875
20230725093115490,6.76,6.74,6.714129109225875
20230725093115500,6.76,6.75,6.714129109225875
20230725093115510,6.76,6.75,6.714129109225875
20230725093115540,6.75,6.74,6.714440210249672
20230725093115550,6.76,6.74,6.714463558765594
20230725093115610,6.76,6.76,6.714463558765594
20230725093115640,6.76,6.76,6.714463558765594
20230725093115710,6.76,6.76,6.714463558765594
20230725093115740,6.76,6.76,6.714463558765594
20230725093115790,6.76,6.76,6.714463558765594
20230725093115820,6.76,6.76,6.714463558765594
20230725093115830,6.76,6.76,6.714463558765594
20230725093115840,6.76,6.76,6.714463558765594
20230725093115860,6.76,6.74,6.71471924784539
20230725093115990,6.76,6.75,6.71471924784539
20230725093116000,6.76,6.75,6.71471924784539
20230725093116030,6.76,6.75,6.714725159942551
20230725093116090,6.76,6.76,6.714725159942551
20230725093116130,6.76,6.76,6.714725159942551
20230725093116140,6.76,6.76,6.714725159942551
20230725093116180,6.76,6.76,6.714736979506592
20230725093116190,6.76,6.76,6.714736979506592
20230725093116210,6.76,6.76,6.714754697286012
20230725093116280,6.76,6.75,6.714903821159345
20230725093116370,6.76,6.75,6.714903821159345
20230725093116390,6.76,6.75,6.714903821159345
20230725093116440,6.76,6.75,6.714903821159345
20230725093116450,6.76,6.75,6.714903821159345
20230725093118090,6.76,6.75,6.714903821159345
20230725093118170,6.76,6.75,6.714903821159345
20230725093118190,6.76,6.75,6.714903821159345
20230725093118200,6.76,6.75,6.714903821159345
20230725093118220,6.76,6.75,6.714903821159345
20230725093118460,6.76,6.75,6.714903821159345
20230725093118590,6.76,6.75,6.714903821159345
20230725093118640,6.75,6.74,6.71528192584964
20230725093118650,6.76,6.74,6.718364809384164
20230725093118690,6.76,6.74,6.7187279684601116
20230725093118710,6.76,6.74,6.7187279684601116
20230725093119050,6.76,6.74,6.7187279684601116
20230725093119110,6.76,6.74,6.718737537676791
20230725093119120,6.76,6.74,6.718780544296468
20230725093119260,6.76,6.75,6.718780544296468
20230725093120710,6.76,6.76,6.718780544296468
20230725093120720,6.76,6.76,6.718780544296468
20230725093120790,6.76,6.76,6.718780544296468
20230725093120820,6.76,6.76,6.718780544296468
20230725093120910,6.76,6.76,6.718780544296468
20230725093121050,6.76,6.76,6.7188615349052245
20230725093121070,6.76,6.74,6.718984789121918
20230725093121080,6.76,6.75,6.718984789121918
20230725093121090,6.76,6.75,6.718984789121918
20230725093121160,6.76,6.75,6.718984789121918
20230725093121340,6.76,6.75,6.718984789121918
20230725093121510,6.76,6.75,6.718984789121918
20230725093121610,6.76,6.75,6.718984789121918
20230725093121640,6.76,6.75,6.718984789121918
20230725093121760,6.76,6.75,6.718984789121918
20230725093121870,6.76,6.75,6.718984789121918
20230725093121930,6.76,6.75,6.718984789121918
20230725093121960,6.76,6.75,6.718984789121918
20230725093123530,6.76,6.75,6.718984789121918
20230725093123540,6.76,6.75,6.720291487247433
20230725093123630,6.76,6.75,6.720291487247433
20230725093123680,6.76,6.75,6.720291487247433
20230725093123690,6.76,6.75,6.720291487247433
20230725093123700,6.76,6.75,6.720291487247433
20230725093123710,6.76,6.75,6.720291487247433
20230725093123720,6.76,6.75,6.720291487247433
20230725093123730,6.76,6.75,6.720291487247433
20230725093123780,6.76,6.75,6.720291487247433
20230725093123870,6.76,6.75,6.720291487247433
20230725093123910,6.76,6.75,6.720291487247433
20230725093123990,6.76,6.75,6.720291487247433
20230725093124260,6.76,6.75,6.720291487247433
20230725093124300,6.76,6.75,6.720291487247433
20230725093124410,6.76,6.75,6.720291487247433
20230725093124430,6.76,6.75,6.720291487247433
20230725093124660,6.76,6.75,6.720291487247433
20230725093124670,6.76,6.75,6.720291487247433
20230725093124680,6.76,6.75,6.720291487247433
20230725093126110,6.76,6.75,6.720291487247433
20230725093126140,6.76,6.75,6.720291487247433
20230725093126210,6.76,6.75,6.720291487247433
20230725093126320,6.76,6.75,6.720291487247433
20230725093126420,6.76,6.75,6.720291487247433
20230725093126430,6.76,6.75,6.720291487247433
20230725093126450,6.76,6.75,6.720291487247433
20230725093126500,6.76,6.75,6.720291487247433
20230725093126540,6.76,6.75,6.720291487247433
20230725093126560,6.76,6.75,6.720291487247433
20230725093126690,6.76,6.75,6.720291487247433
20230725093126760,6.76,6.75,6.720291487247433
20230725093126770,6.76,6.75,6.720291487247433
20230725093126970,6.76,6.75,6.720291487247433
20230725093127010,6.76,6.75,6.720740538175454
20230725093127020,6.76,6.75,6.720788467838812
20230725093127040,6.76,6.75,6.720810781318201
20230725093127050,6.76,6.75,6.720823516579407
20230725093127080,6.76,6.75,6.72082988004362
20230725093127120,6.76,6.75,6.720852130325815
20230725093127130,6.76,6.75,6.720852130325815
20230725093127160,6.75,6.75,6.720940793047257
20230725093128950,6.75,6.75,6.720940793047257
20230725093128990,6.75,6.75,6.720940793047257
20230725093129010,6.75,6.75,6.720940793047257
20230725093129030,6.75,6.75,6.720963541666666
20230725093129040,6.75,6.75,6.7209821138211385
20230725093129050,6.75,6.75,6.7209821138211385
20230725093129150,6.75,6.75,6.7209821138211385
20230725093129250,6.75,6.75,6.7209821138211385
20230725093129410,6.75,6.75,6.7209821138211385
20230725093129420,6.75,6.75,6.7209821138211385
20230725093129460,6.75,6.75,6.7209821138211385
20230725093129500,6.75,6.75,6.7209821138211385
20230725093129600,6.75,6.75,6.7209884035981355
20230725093129660,6.75,6.75,6.721019811627151
20230725093129680,6.75,6.75,6.721019811627151
20230725093129730,6.75,6.75,6.721019811627151
20230725093129760,6.75,6.75,6.721019811627151
20230725093131560,6.75,6.75,6.721019811627151
20230725093131690,6.75,6.75,6.721019811627151
20230725093131710,6.75,6.75,6.721019811627151
20230725093131750,6.75,6.75,6.721019811627151
20230725093131770,6.75,6.75,6.721019811627151
20230725093131850,6.75,6.75,6.721019811627151
20230725093131950,6.75,6.74,6.721117180805484
20230725093132020,6.75,6.74,6.721221985058698
20230725093132070,6.75,6.74,6.721237333333334
20230725093132110,6.75,6.74,6.721237333333334
20230725093132270,6.75,6.74,6.721237333333334
20230725093132440,6.75,6.74,6.721237333333334
20230725093132450,6.75,6.74,6.721252665245203
20230725093132550,6.75,6.74,6.721252665245203
20230725093132580,6.75,6.74,6.721252665245203
20230725093132590,6.75,6.74,6.721264919011083
20230725093132690,6.75,6.74,6.721264919011083
20230725093132700,6.75,6.74,6.721264919011083
20230725093134290,6.75,6.74,6.721264919011083
20230725093134310,6.75,6.74,6.721264919011083
20230725093134370,6.75,6.74,6.721264919011083
20230725093134380,6.75,6.74,6.721264919011083
20230725093134450,6.75,6.74,6.721264919011083
20230725093134840,6.75,6.74,6.721264919011083
20230725093134990,6.75,6.74,6.721264919011083
20230725093135420,6.75,6.74,6.721264919011083
20230725093136980,6.75,6.74,6.721264919011083
20230725093137010,6.75,6.74,6.721264919011083
20230725093137020,6.75,6.74,6.721264919011083
20230725093137070,6.75,6.74,6.721264919011083
20230725093137110,6.74,6.74,6.721264919011083
20230725093137120,6.74,6.74,6.721264919011083
20230725093137140,6.74,6.74,6.721264919011083
20230725093137180,6.74,6.74,6.721309334182861
20230725093137250,6.74,6.74,6.721309334182861
20230725093137290,6.74,6.74,6.721309334182861
20230725093137570,6.74,6.74,6.721309334182861
20230725093137660,6.74,6.74,6.721309334182861
20230725093137700,6.74,6.74,6.721309334182861
20230725093137720,6.74,6.74,6.721309334182861
20230725093137740,6.74,6.74,6.721309334182861
20230725093137780,6.74,6.74,6.721309334182861
20230725093137810,6.74,6.74,6.721309334182861
20230725093137840,6.75,6.74,6.721309334182861
20230725093137850,6.75,6.74,6.72152208119165
20230725093137990,6.75,6.74,6.72152208119165
20230725093138080,6.75,6.74,6.72152208119165
20230725093139630,6.74,6.74,6.72152208119165
20230725093139780,6.74,6.74,6.721524019299349
20230725093139850,6.74,6.74,6.721524019299349
20230725093140000,6.74,6.74,6.721524019299349
20230725093140090,6.74,6.74,6.721524019299349
20230725093140100,6.74,6.74,6.721524019299349
20230725093140190,6.74,6.74,6.721524019299349
20230725093140240,6.74,6.74,6.721524019299349
20230725093140260,6.74,6.74,6.721524019299349
20230725093140320,6.74,6.74,6.721524019299349
20230725093140360,6.74,6.74,6.721524019299349
20230725093140520,6.74,6.74,6.721524019299349
20230725093140600,6.74,6.74,6.721524019299349
20230725093140620,6.74,6.74,6.721524019299349
20230725093140660,6.74,6.74,6.721524019299349
20230725093140710,6.74,6.74,6.721524019299349
20230725093140740,6.74,6.74,6.721524019299349
20230725093140760,6.74,6.74,6.721524019299349
20230725093140800,6.74,6.74,6.7215902936888146
20230725093140810,6.74,6.74,6.7215902936888146
20230725093140830,6.74,6.74,6.7215902936888146
20230725093140870,6.74,6.74,6.7215902936888146
20230725093142330,6.73,6.74,6.7215902936888146
20230725093142420,6.74,6.74,6.7215902936888146
20230725093142500,6.74,6.74,6.7215902936888146
20230725093142530,6.74,6.74,6.7215902936888146
20230725093142780,6.74,6.74,6.7215902936888146
20230725093142790,6.74,6.72,6.7215902936888146
20230725093142930,6.74,6.72,6.721660675772825
20230725093142950,6.74,6.72,6.721660675772825
20230725093143110,6.74,6.72,6.721662388335558
20230725093143120,6.74,6.72,6.721662388335558
20230725093143170,6.74,6.72,6.721978609625668
20230725093143190,6.74,6.72,6.721978609625668
20230725093143240,6.74,6.72,6.721978609625668
20230725093143370,6.74,6.72,6.721978609625668
20230725093143390,6.74,6.72,6.721978609625668
20230725093143450,6.74,6.72,6.721978609625668
20230725093143480,6.74,6.72,6.721978609625668
20230725093143530,6.74,6.72,6.721978609625668
20230725093145090,6.74,6.72,6.721978609625668
20230725093145140,6.74,6.72,6.721978609625668
20230725093145420,6.74,6.72,6.721978609625668
20230725093145490,6.73,6.72,6.721978609625668
20230725093145640,6.73,6.72,6.721978609625668
20230725093145660,6.73,6.72,6.721978609625668
20230725093145700,6.73,6.72,6.721978609625668
20230725093145740,6.73,6.72,6.721978609625668
20230725093145800,6.73,6.72,6.721978609625668
20230725093145820,6.73,6.72,6.721978609625668
20230725093146080,6.73,6.72,6.721978609625668
20230725093146110,6.73,6.72,6.721978609625668
20230725093146170,6.73,6.72,6.721978609625668
20230725093147760,6.73,6.72,6.721999597464023
20230725093147770,6.73,6.72,6.721999597464023
20230725093147780,6.73,6.72,6.721999597464023
20230725093148000,6.73,6.72,6.721999597464023
20230725093148030,6.73,6.72,6.721999597464023
20230725093148110,6.73,6.72,6.721999597464023
20230725093148310,6.73,6.72,6.721999597464023
20230725093148330,6.73,6.72,6.721999597464023
20230725093148350,6.73,6.72,6.722013261000603
20230725093148410,6.73,6.72,6.722013261000603
20230725093148460,6.73,6.72,6.722013261000603
20230725093148470,6.73,6.72,6.722013261000603
20230725093148500,6.73,6.72,6.722013261000603
20230725093148800,6.73,6.72,6.722013261000603
20230725093150680,6.73,6.72,6.722013261000603
20230725093150710,6.73,6.72,6.722013261000603
20230725093150740,6.73,6.72,6.722013261000603
20230725093150760,6.73,6.72,6.7220268779460435
20230725093150820,6.73,6.72,6.7220268779460435
20230725093150900,6.73,6.72,6.7220268779460435
20230725093150980,6.73,6.72,6.7220268779460435
20230725093151170,6.73,6.72,6.7220268779460435
20230725093151660,6.73,6.72,6.7220268779460435
20230725093153180,6.73,6.72,6.7220268779460435
20230725093153230,6.73,6.72,6.7220268779460435
20230725093153240,6.73,6.72,6.7220268779460435
20230725093153410,6.73,6.72,6.7220268779460435
20230725093153620,6.73,6.72,6.7220268779460435
20230725093153630,6.73,6.72,6.7220268779460435
20230725093153640,6.73,6.72,6.7220268779460435
20230725093153650,6.73,6.72,6.7220268779460435
20230725093153660,6.73,6.72,6.7220268779460435
20230725093153670,6.73,6.72,6.7220268779460435
20230725093153680,6.73,6.72,6.7220268779460435
20230725093153720,6.73,6.72,6.722021202120212
20230725093153760,6.73,6.72,6.722021202120212
20230725093153890,6.73,6.72,6.722021202120212
20230725093153900,6.73,6.72,6.722021202120212
20230725093153940,6.73,6.72,6.722021202120212
20230725093154070,6.73,6.72,6.722021202120212
20230725093154160,6.73,6.72,6.722021202120212
20230725093154250,6.73,6.72,6.722021202120212
20230725093155890,6.73,6.72,6.722021202120212
20230725093155950,6.73,6.72,6.722021202120212
20230725093156010,6.73,6.72,6.722021202120212
20230725093156040,6.73,6.72,6.722021202120212
20230725093156170,6.73,6.72,6.722021202120212
20230725093156330,6.73,6.72,6.722021202120212
20230725093156460,6.73,6.72,6.722021202120212
20230725093156520,6.73,6.72,6.722021202120212
20230725093156530,6.73,6.72,6.722021202120212
20230725093156560,6.73,6.72,6.722021202120212
20230725093156570,6.73,6.72,6.722021202120212
20230725093156630,6.73,6.72,6.722021202120212
20230725093156670,6.73,6.72,6.722021202120212
20230725093156840,6.73,6.72,6.722021202120212
20230725093156920,6.73,6.72,6.722021202120212
20230725093156970,6.73,6.72,6.722021202120212
20230725093157070,6.73,6.72,6.722021202120212
20230725093158520,6.73,6.72,6.722021202120212
20230725093158560,6.73,6.72,6.722021202120212
20230725093158600,6.72,6.72,6.722021202120212
20230725093158790,6.72,6.72,6.722019586289598
20230725093158870,6.72,6.72,6.722019586289598
20230725093158940,6.72,6.72,6.722019586289598
20230725093158970,6.72,6.72,6.722019586289598
20230725093159060,6.72,6.72,6.722013549865498
20230725093159100,6.72,6.72,6.722013549865498
20230725093159110,6.72,6.72,6.722013549865498
20230725093159130,6.72,6.72,6.722013549865498
20230725093159290,6.72,6.72,6.722013549865498
20230725093159430,6.72,6.72,6.722013549865498
20230725093159450,6.72,6.72,6.722013549865498
20230725093159510,6.72,6.72,6.722013549865498
20230725093159520,6.72,6.72,6.722013549865498
20230725093159550,6.72,6.72,6.722013549865498
20230725093159570,6.72,6.72,6.722013549865498
20230725093159610,6.72,6.72,6.722013549865498
20230725093159640,6.72,6.72,6.722013549865498
20230725093159670,6.72,6.72,6.722013549865498
20230725093159690,6.72,6.72,6.722013549865498
20230725093159720,6.72,6.72,6.722013549865498
20230725093201250,6.72,6.72,6.722013549865498
20230725093201300,6.72,6.72,6.722011345541401
20230725093201320,6.72,6.72,6.722011345541401
20230725093201390,6.72,6.72,6.722007350019865
20230725093201400,6.72,6.72,6.721993293224184
20230725093201410,6.72,6.72,6.721993293224184
20230725093201430,6.72,6.72,6.721985850447086
20230725093201440,6.72,6.72,6.7219807938465035
20230725093201540,6.72,6.72,6.7219807938465035
20230725093201550,6.72,6.72,6.7219807938465035
20230725093201710,6.72,6.72,6.7219807938465035
20230725093202010,6.72,6.72,6.7219807938465035
20230725093202150,6.72,6.72,6.7219807938465035
20230725093202390,6.72,6.72,6.7219807938465035
20230725093204050,6.72,6.72,6.7219807938465035
20230725093204080,6.72,6.72,6.7219807938465035
20230725093204170,6.73,6.72,6.7219807938465035
20230725093204260,6.73,6.72,6.7219807938465035
20230725093204370,6.73,6.72,6.7219807938465035
20230725093204380,6.73,6.72,6.7219807938465035
20230725093204400,6.73,6.72,6.7219807938465035
20230725093204420,6.73,6.72,6.7219807938465035
20230725093204520,6.72,6.72,6.7219807938465035
20230725093204590,6.72,6.72,6.7219807938465035
20230725093204880,6.72,6.72,6.7219807938465035
20230725093204950,6.72,6.72,6.7219807938465035
20230725093204970,6.72,6.72,6.7219807938465035
20230725093205050,6.72,6.72,6.7219807938465035
20230725093206610,6.72,6.72,6.7219807938465035
20230725093206630,6.72,6.72,6.7219807938465035
20230725093206750,6.72,6.72,6.7219807938465035
20230725093206770,6.72,6.72,6.7219807938465035
20230725093206940,6.72,6.72,6.7219807938465035
20230725093206990,6.72,6.72,6.7219807938465035
20230725093207090,6.72,6.72,6.7219807938465035
20230725093207110,6.72,6.72,6.7219807938465035
20230725093207260,6.72,6.72,6.7219807938465035
20230725093207290,6.72,6.72,6.7219807938465035
20230725093207390,6.72,6.72,6.7219807938465035
20230725093207470,6.72,6.72,6.7219807938465035
20230725093207660,6.72,6.72,6.7219807938465035
20230725093207670,6.72,6.72,6.7219807938465035
20230725093207690,6.72,6.72,6.7219807938465035
20230725093207720,6.72,6.72,6.7219807938465035
20230725093207770,6.72,6.72,6.7219807938465035
20230725093207820,6.72,6.72,6.7219807938465035
20230725093209330,6.72,6.72,6.7219807938465035
20230725093209340,6.72,6.72,6.7219807938465035
20230725093209430,6.72,6.72,6.7219807938465035
20230725093209450,6.72,6.72,6.7219807938465035
20230725093209460,6.72,6.72,6.7219807938465035
20230725093209670,6.72,6.72,6.7219807938465035
20230725093209740,6.72,6.72,6.7219807938465035
20230725093209800,6.72,6.72,6.7219807938465035
20230725093210020,6.72,6.72,6.7219807938465035
20230725093210030,6.72,6.72,6.7219807938465035
20230725093210050,6.72,6.72,6.7219807938465035
20230725093210060,6.72,6.72,6.7219807938465035
20230725093210070,6.72,6.72,6.7219807938465035
20230725093210090,6.72,6.72,6.721875059337321
20230725093210110,6.72,6.72,6.721875059337321
20230725093210260,6.72,6.72,6.721874881336625
20230725093210270,6.72,6.72,6.721874881336625
20230725093210320,6.72,6.72,6.721874881336625
20230725093210380,6.72,6.72,6.721874881336625
20230725093210390,6.72,6.72,6.721874881336625
20230725093210450,6.72,6.72,6.72187470336972
20230725093212010,6.72,6.72,6.721878557874763
20230725093212060,6.72,6.72,6.721878557874763
20230725093212120,6.72,6.72,6.721878557874763
20230725093212130,6.72,6.72,6.721878557874763
20230725093212150,6.72,6.72,6.721878557874763
20230725093212160,6.72,6.72,6.721878557874763
20230725093212170,6.72,6.72,6.721878557874763
20230725093212180,6.72,6.72,6.721878557874763
20230725093212220,6.72,6.72,6.721878557874763
20230725093212330,6.73,6.72,6.722070402964335
20230725093212350,6.73,6.72,6.722081406105458
20230725093212370,6.73,6.72,6.722081406105458
20230725093212380,6.73,6.72,6.722081643936601
20230725093212430,6.73,6.72,6.722081643936601
20230725093212440,6.73,6.72,6.722082297707815
20230725093212450,6.73,6.72,6.722084483710657
20230725093212470,6.73,6.72,6.722084483710657
20230725093212570,6.73,6.72,6.722084483710657
20230725093212680,6.73,6.72,6.722084483710657
20230725093212780,6.73,6.72,6.722084483710657
20230725093212930,6.73,6.72,6.722084483710657
20230725093212960,6.73,6.72,6.722084483710657
20230725093213070,6.73,6.72,6.722068022248564
20230725093213080,6.73,6.72,6.722106170598911
20230725093213090,6.73,6.72,6.722112612204189
20230725093213120,6.73,6.72,6.722114757070341
20230725093213130,6.73,6.72,6.722120471014493
20230725093213140,6.73,6.72,6.722121184675301
20230725093213150,6.73,6.72,6.722121898206846
20230725093213160,6.73,6.72,6.722121898206846
20230725093213230,6.73,6.72,6.722121898206846
20230725093214750,6.73,6.72,6.722121898206846
20230725093214930,6.73,6.72,6.722121898206846
20230725093214950,6.73,6.72,6.722121898206846
20230725093214960,6.73,6.72,6.722121898206846
20230725093215030,6.73,6.72,6.7221247510411
20230725093215700,6.73,6.72,6.7221247510411
20230725093215710,6.73,6.72,6.722127601809955
20230725093215720,6.73,6.72,6.722128314179712
20230725093215760,6.73,6.72,6.722128314179712
20230725093215910,6.73,6.72,6.722128314179712
20230725093217530,6.73,6.72,6.722128314179712
20230725093217630,6.73,6.72,6.722128314179712
20230725093217640,6.73,6.72,6.722128314179712
20230725093217790,6.73,6.72,6.722128314179712
20230725093217890,6.73,6.72,6.722128314179712
20230725093218010,6.73,6.72,6.722128314179712
20230725093218120,6.73,6.72,6.722163500495183
20230725093218310,6.73,6.72,6.722163500495183
20230725093218510,6.73,6.72,6.722163500495183
20230725093218540,6.73,6.72,6.722021104624266
20230725093220120,6.73,6.72,6.722021104624266
20230725093220270,6.73,6.72,6.722021104624266
20230725093220350,6.72,6.72,6.722021104624266
20230725093220400,6.72,6.72,6.722021104624266
20230725093220560,6.72,6.72,6.722021104624266
20230725093220580,6.72,6.72,6.722021104624266
20230725093220630,6.72,6.72,6.722021104624266
20230725093220660,6.72,6.72,6.722021104624266
20230725093220810,6.72,6.72,6.722021104624266
20230725093221180,6.72,6.72,6.722021104624266
20230725093221190,6.72,6.72,6.722021104624266
20230725093221300,6.72,6.72,6.722021104624266
20230725093221360,6.72,6.72,6.722000368485699
20230725093223000,6.72,6.72,6.722000368485699
20230725093223040,6.72,6.72,6.722000368485699
20230725093223060,6.72,6.72,6.722000368485699
20230725093223140,6.72,6.72,6.721995466479958
20230725093223230,6.72,6.72,6.721995466479958
20230725093223240,6.72,6.72,6.721995466479958
20230725093223280,6.72,6.72,6.721985907150946
20230725093223290,6.73,6.72,6.721985907150946
20230725093223320,6.72,6.72,6.721985907150946
20230725093223340,6.72,6.72,6.721985907150946
20230725093223420,6.72,6.72,6.7219668909592825
20230725093223450,6.72,6.72,6.7219668909592825
20230725093223680,6.72,6.72,6.721953409869775
20230725093223850,6.72,6.72,6.721953409869775
20230725093224060,6.72,6.72,6.721953409869775
20230725093225520,6.72,6.72,6.721953409869775
20230725093225640,6.72,6.72,6.721953409869775
20230725093225690,6.72,6.72,6.721953409869775
20230725093225710,6.72,6.72,6.721953409869775
20230725093225770,6.72,6.72,6.721953409869775
20230725093225830,6.72,6.72,6.721953409869775
20230725093225860,6.73,6.72,6.721946572184752
20230725093225870,6.73,6.72,6.721910364474236
20230725093225880,6.73,6.72,6.721872091304705
20230725093225890,6.73,6.72,6.721872091304705
20230725093226080,6.73,6.72,6.721846258392009
20230725093226090,6.72,6.72,6.721846258392009
20230725093226160,6.73,6.72,6.721841734727214
20230725093226170,6.72,6.72,6.721841734727214
20230725093226180,6.72,6.72,6.721841734727214
20230725093226210,6.72,6.72,6.721841734727214
20230725093226310,6.72,6.72,6.721837981905616
20230725093226420,6.72,6.72,6.721837981905616
20230725093226430,6.72,6.72,6.721837981905616
20230725093226510,6.72,6.72,6.721837981905616
20230725093226550,6.72,6.72,6.721837981905616
20230725093228210,6.72,6.72,6.721837981905616
20230725093228250,6.72,6.72,6.7218253359235876
20230725093228270,6.72,6.72,6.721816367297624
20230725093228330,6.72,6.72,6.721816367297624
20230725093228430,6.72,6.72,6.721813445918778
20230725093228660,6.72,6.72,6.721813445918778
20230725093228730,6.72,6.72,6.721811552056556
20230725093228740,6.72,6.72,6.721811115573047
20230725093228890,6.72,6.72,6.721811115573047
20230725093229020,6.72,6.72,6.721811115573047
20230725093229030,6.72,6.72,6.721811115573047
20230725093229040,6.72,6.72,6.721811115573047
20230725093229100,6.72,6.72,6.721811115573047
20230725093229340,6.72,6.72,6.721811115573047
20230725093229470,6.72,6.72,6.721811115573047
20230725093231000,6.72,6.72,6.721811115573047
20230725093231010,6.72,6.72,6.721811115573047
20230725093231020,6.72,6.72,6.721811115573047
20230725093231080,6.72,6.72,6.721811115573047
20230725093231090,6.72,6.72,6.721809807383628
20230725093231110,6.72,6.72,6.721809371740352
20230725093231140,6.72,6.72,6.721809371740352
20230725093231200,6.72,6.72,6.721809226572529
20230725093231220,6.72,6.72,6.721806907051282
20230725093231350,6.72,6.72,6.721805460368294
20230725093231420,6.72,6.72,6.721805460368294
20230725093231660,6.72,6.72,6.721805460368294
20230725093231720,6.72,6.72,6.7218043046887495
20230725093231730,6.72,6.72,6.7218043046887495
20230725093231750,6.72,6.72,6.7218043046887495
20230725093231820,6.72,6.72,6.721869360215907
20230725093231940,6.72,6.72,6.721869360215907
20230725093231990,6.72,6.72,6.721869360215907
20230725093232140,6.72,6.72,6.721869360215907
20230725093233630,6.72,6.72,6.721869360215907
20230725093233870,6.73,6.72,6.721896376582278
20230725093233880,6.73,6.72,6.721896376582278
20230725093233990,6.73,6.72,6.721896376582278
20230725093234010,6.73,6.72,6.721896376582278
20230725093234080,6.73,6.72,6.721896376582278
20230725093234090,6.73,6.72,6.721896376582278
20230725093234120,6.73,6.72,6.721896376582278
20230725093234160,6.73,6.72,6.721905378548896
20230725093234220,6.73,6.72,6.721905378548896
20230725093234260,6.73,6.72,6.721905378548896
20230725093234440,6.72,6.72,6.72186594068582
20230725093234560,6.72,6.72,6.72186594068582
20230725093234590,6.72,6.72,6.72186594068582
20230725093234670,6.72,6.72,6.72186594068582
20230725093236410,6.72,6.72,6.721861197134273
20230725093236460,6.72,6.72,6.721861197134273
20230725093236650,6.72,6.72,6.721861197134273
20230725093237090,6.72,6.72,6.721861197134273
20230725093237170,6.72,6.72,6.721861197134273
20230725093237180,6.72,6.72,6.721861197134273
20230725093237200,6.72,6.72,6.721861197134273
20230725093237210,6.72,6.72,6.721861197134273
20230725093237460,6.72,6.72,6.721859764452312
20230725093237500,6.72,6.72,6.721859764452312
20230725093239070,6.72,6.72,6.721859764452312
20230725093239170,6.72,6.72,6.721859764452312
20230725093239240,6.72,6.72,6.721859764452312
20230725093239280,6.72,6.72,6.721859764452312
20230725093239290,6.72,6.72,6.721859764452312
20230725093239310,6.72,6.72,6.721859764452312
20230725093239330,6.72,6.72,6.721882639048714
20230725093239340,6.72,6.72,6.721882639048714
20230725093239460,6.72,6.72,6.721882639048714
20230725093239500,6.72,6.72,6.721882639048714
20230725093239570,6.72,6.72,6.721882639048714
20230725093239850,6.72,6.72,6.721882639048714
20230725093239950,6.72,6.72,6.721882639048714
20230725093240050,6.72,6.72,6.721882639048714
20230725093240180,6.72,6.72,6.721882639048714
20230725093240230,6.72,6.72,6.721882639048714
20230725093242080,6.72,6.72,6.721882639048714
20230725093242260,6.72,6.72,6.721882639048714
20230725093242310,6.72,6.72,6.721907684090041
20230725093242530,6.72,6.72,6.721907684090041
20230725093242760,6.72,6.72,6.721907684090041
20230725093244430,6.72,6.72,6.721907684090041
20230725093244450,6.72,6.72,6.721907684090041
20230725093244580,6.72,6.72,6.721907684090041
20230725093244840,6.72,6.72,6.7219261667301105
20230725093244900,6.72,6.72,6.7219261667301105
20230725093244990,6.72,6.72,6.7219261667301105
20230725093245180,6.72,6.72,6.7219261667301105
20230725093245220,6.72,6.72,6.7219261667301105
20230725093245430,6.72,6.72,6.7219261667301105
20230725093245520,6.72,6.72,6.7219261667301105
20230725093245600,6.72,6.72,6.7219261667301105
20230725093245610,6.72,6.72,6.7219261667301105
20230725093245670,6.72,6.72,6.7219261667301105
20230725093247550,6.72,6.72,6.7219261667301105
20230725093247570,6.72,6.72,6.7219261667301105
20230725093247610,6.72,6.72,6.7219261667301105
20230725093247630,6.72,6.72,6.7219261667301105
20230725093247860,6.72,6.72,6.721920464551388
20230725093247890,6.72,6.72,6.721920464551388
20230725093247920,6.72,6.72,6.721920464551388
20230725093247940,6.72,6.72,6.721920464551388
20230725093248060,6.72,6.72,6.721920464551388
20230725093248110,6.72,6.72,6.721920464551388
20230725093248360,6.72,6.72,6.721920464551388
20230725093250210,6.72,6.72,6.721920464551388
20230725093250320,6.72,6.72,6.721920464551388
20230725093250450,6.72,6.72,6.721920464551388
20230725093250990,6.72,6.72,6.721920464551388
20230725093251070,6.72,6.72,6.721920464551388
20230725093252670,6.72,6.72,6.721920464551388
20230725093252910,6.72,6.72,6.721920464551388
20230725093252960,6.72,6.72,6.721919299044151
20230725093253160,6.72,6.72,6.721919299044151
20230725093253180,6.72,6.72,6.721919299044151
20230725093253240,6.72,6.72,6.721919299044151
20230725093253350,6.72,6.72,6.721919299044151
20230725093253550,6.72,6.72,6.721919299044151
20230725093253620,6.72,6.72,6.721919299044151
20230725093253640,6.72,6.72,6.721919299044151
20230725093253720,6.72,6.72,6.721919299044151
20230725093255240,6.72,6.72,6.721919299044151
20230725093255490,6.72,6.72,6.721919299044151
20230725093255800,6.72,6.72,6.721919299044151
20230725093255810,6.72,6.72,6.721919299044151
20230725093255970,6.73,6.72,6.721919299044151
20230725093255980,6.73,6.72,6.721919299044151
20230725093256110,6.73,6.72,6.721919299044151
20230725093256120,6.73,6.72,6.721919299044151
20230725093256160,6.73,6.72,6.721919299044151
20230725093256180,6.73,6.72,6.721919299044151
20230725093256350,6.73,6.72,6.721919299044151
20230725093257930,6.73,6.72,6.721829229185054
20230725093258040,6.72,6.72,6.721829229185054
20230725093258100,6.72,6.72,6.721829229185054
20230725093258170,6.72,6.72,6.721829229185054
20230725093258240,6.72,6.72,6.721823141953981
20230725093258530,6.72,6.72,6.721823141953981
20230725093258610,6.72,6.72,6.721823141953981
20230725093258630,6.72,6.72,6.721823141953981
20230725093258830,6.72,6.72,6.721823141953981
20230725093258940,6.72,6.72,6.721823141953981
20230725093300610,6.72,6.72,6.721823141953981
20230725093300620,6.72,6.72,6.721823141953981
20230725093300840,6.72,6.72,6.721823141953981
20230725093300890,6.72,6.72,6.721823141953981
20230725093301050,6.72,6.72,6.721823141953981
20230725093301090,6.72,6.72,6.7218099495208135
20230725093301100,6.72,6.72,6.7218099495208135
20230725093301310,6.72,6.72,6.72180908558888
20230725093301460,6.72,6.72,6.72180908558888
20230725093303320,6.72,6.72,6.72180908558888
20230725093303330,6.72,6.72,6.72180908558888
20230725093303350,6.72,6.72,6.72180908558888
20230725093303630,6.72,6.72,6.72180908558888
20230725093303640,6.72,6.72,6.72180908558888
20230725093303770,6.72,6.72,6.72180908558888
20230725093303810,6.72,6.72,6.72180908558888
20230725093303940,6.72,6.72,6.72180908558888
20230725093304190,6.72,6.72,6.72180908558888
20230725093304230,6.72,6.72,6.721823749272833
20230725093306040,6.72,6.72,6.721823749272833
20230725093306250,6.72,6.72,6.721823749272833
20230725093306270,6.72,6.72,6.721823749272833
20230725093306540,6.72,6.72,6.721823749272833
20230725093306650,6.72,6.72,6.721823749272833
20230725093307010,6.72,6.72,6.721823749272833
20230725093307190,6.72,6.72,6.721823749272833
20230725093307210,6.72,6.72,6.721823749272833
20230725093308800,6.72,6.72,6.721823749272833
20230725093309440,6.72,6.72,6.721823749272833
20230725093309480,6.72,6.72,6.721823749272833
20230725093309510,6.72,6.72,6.721823749272833
20230725093309620,6.72,6.72,6.721823749272833
20230725093309780,6.72,6.72,6.721823749272833
20230725093309910,6.72,6.72,6.721823749272833
20230725093311410,6.72,6.72,6.721823749272833
20230725093311500,6.72,6.72,6.721823749272833
20230725093311620,6.72,6.72,6.721823749272833
20230725093311760,6.72,6.72,6.721823749272833
20230725093312180,6.72,6.72,6.721823749272833
20230725093312190,6.72,6.72,6.721823749272833
20230725093312270,6.72,6.72,6.721823749272833
20230725093312410,6.72,6.72,6.721823749272833
20230725093312430,6.72,6.72,6.721823749272833
20230725093312560,6.72,6.72,6.721823749272833
20230725093312580,6.72,6.72,6.721823749272833
20230725093314280,6.72,6.72,6.721823749272833
20230725093314440,6.72,6.72,6.721823749272833
20230725093314450,6.72,6.72,6.721823749272833
20230725093314470,6.72,6.72,6.721823749272833
20230725093314540,6.72,6.72,6.721823749272833
20230725093314560,6.72,6.72,6.721823749272833
20230725093314670,6.72,6.72,6.721839517933175
20230725093314680,6.72,6.72,6.721842461405281
20230725093314780,6.72,6.72,6.721842461405281
20230725093314900,6.72,6.72,6.721842461405281
20230725093314960,6.72,6.72,6.721842461405281
20230725093315200,6.72,6.72,6.721842461405281
20230725093316820,6.73,6.72,6.72187761815831
20230725093316890,6.73,6.72,6.72187761815831
20230725093316950,6.73,6.72,6.72187761815831
20230725093317010,6.73,6.72,6.72187761815831
20230725093317060,6.73,6.72,6.72187761815831
20230725093317430,6.73,6.72,6.72187761815831
20230725093317640,6.73,6.72,6.72187761815831
20230725093317730,6.73,6.72,6.72187761815831
20230725093317780,6.73,6.72,6.72187761815831
20230725093317910,6.73,6.72,6.72187761815831
20230725093317920,6.73,6.72,6.72187761815831
20230725093319550,6.73,6.72,6.72187761815831
20230725093319600,6.73,6.72,6.721904946667621
20230725093319660,6.73,6.72,6.721904946667621
20230725093319670,6.73,6.72,6.721904946667621
20230725093319690,6.73,6.72,6.721903175511372
20230725093319800,6.73,6.72,6.721903175511372
20230725093319830,6.73,6.72,6.721903175511372
20230725093319840,6.73,6.72,6.721903175511372
20230725093319890,6.73,6.72,6.721903175511372
20230725093320020,6.73,6.72,6.721903175511372
20230725093320080,6.73,6.72,6.721903175511372
20230725093320160,6.73,6.72,6.721903175511372
20230725093320290,6.73,6.72,6.721903175511372
20230725093320570,6.73,6.72,6.721902802001429
20230725093322330,6.73,6.72,6.721902802001429
20230725093322410,6.73,6.72,6.721902802001429
20230725093322680,6.73,6.72,6.721960269694819
20230725093322850,6.73,6.72,6.721960269694819
20230725093322890,6.73,6.72,6.721960269694819
20230725093322970,6.73,6.72,6.721960269694819
20230725093322980,6.73,6.72,6.721960269694819
20230725093323110,6.73,6.72,6.721960269694819
20230725093323240,6.73,6.72,6.7219492025405785
20230725093323340,6.73,6.72,6.7219492025405785
20230725093325060,6.73,6.72,6.721948789952727
20230725093325190,6.73,6.72,6.721948789952727
20230725093325210,6.73,6.72,6.721948789952727
20230725093325220,6.73,6.72,6.721948789952727
20230725093325240,6.73,6.72,6.721948789952727
20230725093325330,6.73,6.72,6.721948789952727
20230725093325450,6.73,6.72,6.721948789952727
20230725093325490,6.73,6.72,6.721948789952727
20230725093326120,6.73,6.72,6.721948789952727
20230725093326150,6.73,6.72,6.721948789952727
20230725093327860,6.73,6.72,6.721948789952727
20230725093327930,6.73,6.72,6.721948789952727
20230725093327940,6.73,6.72,6.721948789952727
20230725093327970,6.73,6.72,6.721948789952727
20230725093328050,6.73,6.72,6.721948789952727
20230725093328070,6.73,6.72,6.721948789952727
20230725093328150,6.73,6.72,6.721948789952727
20230725093328230,6.73,6.72,6.721948789952727
20230725093328290,6.73,6.72,6.721948789952727
20230725093328370,6.73,6.72,6.721948789952727
20230725093328400,6.73,6.72,6.721948789952727
20230725093328540,6.73,6.72,6.721948789952727
20230725093328590,6.73,6.72,6.721948789952727
20230725093328660,6.73,6.72,6.721948789952727
20230725093328710,6.73,6.72,6.722010510846745
20230725093328790,6.73,6.72,6.722010510846745
20230725093328810,6.73,6.72,6.722010510846745
20230725093330310,6.73,6.72,6.722010510846745
20230725093330450,6.73,6.72,6.722010510846745
20230725093330470,6.73,6.72,6.722010510846745
20230725093330540,6.73,6.72,6.7219703861189215
20230725093330550,6.73,6.72,6.7219703861189215
20230725093330560,6.73,6.72,6.7219703861189215
20230725093330570,6.73,6.72,6.7219703861189215
20230725093330620,6.73,6.72,6.7219703861189215
20230725093330630,6.73,6.72,6.7219703861189215
20230725093330650,6.73,6.72,6.7219703861189215
20230725093330930,6.73,6.72,6.7219703861189215
20230725093331010,6.73,6.72,6.7219703861189215
20230725093331140,6.73,6.72,6.7219703861189215
20230725093331150,6.73,6.72,6.7219703861189215
20230725093331190,6.73,6.72,6.7219703861189215
20230725093331310,6.73,6.72,6.7219703861189215
20230725093331330,6.73,6.72,6.7219703861189215
20230725093331430,6.73,6.72,6.7219703861189215
20230725093331460,6.73,6.72,6.7219703861189215
20230725093333010,6.73,6.72,6.7219703861189215
20230725093333070,6.73,6.72,6.7219703861189215
20230725093333110,6.73,6.72,6.721976590644476
20230725093333120,6.73,6.72,6.721990852532986
20230725093333130,6.73,6.72,6.722018137221503
20230725093333360,6.73,6.72,6.722018137221503
20230725093333640,6.73,6.72,6.722018137221503
20230725093333650,6.73,6.72,6.722018137221503
20230725093333700,6.73,6.72,6.722018137221503
20230725093333910,6.73,6.72,6.722018137221503
20230725093333930,6.73,6.72,6.722018137221503
20230725093333990,6.73,6.72,6.722018137221503
20230725093334230,6.73,6.72,6.722018137221503
20230725093334250,6.73,6.72,6.722018137221503
20230725093335710,6.73,6.72,6.722018137221503
20230725093335760,6.73,6.72,6.722018137221503
20230725093336010,6.73,6.72,6.722018137221503
20230725093336360,6.73,6.72,6.722018137221503
20230725093336550,6.73,6.72,6.722018137221503
20230725093336610,6.73,6.72,6.722018137221503
20230725093336920,6.73,6.72,6.722018137221503
20230725093338670,6.73,6.72,6.722018137221503
20230725093338860,6.73,6.72,6.722018137221503
20230725093339020,6.73,6.72,6.722018137221503
20230725093339080,6.73,6.72,6.722018137221503
20230725093339150,6.73,6.72,6.722018137221503
20230725093339160,6.73,6.72,6.722018137221503
20230725093339260,6.73,6.72,6.722018137221503
20230725093339290,6.73,6.72,6.722018137221503
20230725093339300,6.73,6.72,6.722018137221503
20230725093339420,6.73,6.72,6.722018137221503
20230725093339630,6.73,6.72,6.722018137221503
20230725093339650,6.73,6.72,6.722018137221503
20230725093341160,6.73,6.72,6.722018137221503
20230725093341490,6.73,6.72,6.722018137221503
20230725093341660,6.73,6.72,6.722018137221503
20230725093341860,6.73,6.72,6.722018137221503
20230725093341960,6.73,6.72,6.722018137221503
20230725093343850,6.73,6.72,6.722018137221503
20230725093343860,6.73,6.72,6.722018137221503
20230725093344020,6.73,6.72,6.722018137221503
20230725093344030,6.73,6.72,6.722018137221503
20230725093344070,6.73,6.72,6.722018137221503
20230725093344290,6.73,6.72,6.722018137221503
20230725093344400,6.73,6.72,6.722018137221503
20230725093344530,6.73,6.72,6.722018137221503
20230725093344600,6.73,6.72,6.722018137221503
20230725093344680,6.73,6.72,6.722018137221503
20230725093344940,6.73,6.72,6.722018137221503
20230725093346560,6.73,6.72,6.722018137221503
20230725093346700,6.73,6.72,6.722018137221503
20230725093346710,6.73,6.72,6.722018137221503
20230725093346730,6.73,6.72,6.722018137221503
20230725093347120,6.73,6.72,6.722018137221503
20230725093347140,6.73,6.72,6.722018137221503
20230725093347220,6.73,6.72,6.722018137221503
20230725093347340,6.73,6.72,6.722018137221503
20230725093347570,6.73,6.72,6.722018137221503
20230725093347670,6.73,6.72,6.722018137221503
20230725093349200,6.72,6.72,6.722018137221503
20230725093349220,6.72,6.72,6.722018137221503
20230725093349270,6.72,6.72,6.722018137221503
20230725093349290,6.72,6.72,6.722018137221503
20230725093349320,6.72,6.72,6.722018137221503
20230725093349350,6.72,6.72,6.722018137221503
20230725093349590,6.72,6.72,6.722018137221503
20230725093349600,6.72,6.72,6.722018137221503
20230725093349840,6.72,6.72,6.722018137221503
20230725093350040,6.72,6.72,6.722018137221503
20230725093350050,6.72,6.72,6.722018137221503
20230725093350080,6.72,6.72,6.722018137221503
20230725093350100,6.72,6.72,6.722018137221503
20230725093350110,6.72,6.72,6.722018137221503
20230725093350150,6.72,6.72,6.722018137221503
20230725093350180,6.72,6.72,6.722018137221503
20230725093350290,6.72,6.72,6.722018137221503
20230725093352020,6.72,6.72,6.722018137221503
20230725093352210,6.72,6.72,6.722008563479677
20230725093352310,6.72,6.72,6.722004075829384
20230725093352350,6.72,6.72,6.722004075829384
20230725093352390,6.72,6.72,6.722004075829384
20230725093352520,6.72,6.72,6.722002719891745
20230725093352790,6.72,6.72,6.722002719891745
20230725093352830,6.72,6.72,6.722002719891745
20230725093352950,6.72,6.72,6.721997853671706
20230725093353050,6.72,6.72,6.721997853671706
20230725093353090,6.72,6.72,6.721994353860666
20230725093353120,6.72,6.72,6.721994353860666
20230725093355060,6.72,6.72,6.721994353860666
20230725093355090,6.72,6.72,6.721994353860666
20230725093355480,6.72,6.72,6.721994353860666
20230725093355590,6.72,6.72,6.721994353860666
20230725093357320,6.72,6.72,6.721994353860666
20230725093357380,6.72,6.72,6.721994353860666
20230725093357390,6.72,6.72,6.721994353860666
20230725093357650,6.72,6.72,6.721994353860666
20230725093357740,6.72,6.72,6.721994353860666
20230725093357940,6.72,6.72,6.721994353860666
20230725093357950,6.72,6.72,6.721994353860666
20230725093358110,6.72,6.72,6.721994353860666
20230725093358130,6.72,6.72,6.721994353860666
20230725093358270,6.72,6.72,6.721994353860666
20230725093358530,6.72,6.72,6.721994353860666
20230725093400130,6.72,6.72,6.721994353860666
20230725093400180,6.72,6.72,6.721989380173632
20230725093400410,6.72,6.72,6.721989380173632
20230725093400430,6.72,6.72,6.721989380173632
20230725093400440,6.72,6.72,6.721989380173632
20230725093400470,6.72,6.72,6.721989380173632
20230725093400530,6.72,6.72,6.721989380173632
20230725093400570,6.72,6.72,6.721989380173632
20230725093400610,6.72,6.72,6.72198443877551
20230725093400670,6.72,6.72,6.72198443877551
20230725093400740,6.72,6.72,6.72198443877551
20230725093401110,6.72,6.72,6.72198443877551
20230725093401160,6.72,6.72,6.72198443877551
20230725093401200,6.72,6.72,6.721982025639305
20230725093401210,6.72,6.72,6.721963557163919
20230725093401220,6.72,6.72,6.72195954980907
20230725093401230,6.72,6.72,6.721955545137958
20230725093401240,6.72,6.72,6.721884692251258
20230725093402760,6.72,6.72,6.721871044973545
20230725093402770,6.72,6.72,6.72186857331572
20230725093402790,6.72,6.72,6.72186857331572
20230725093402850,6.72,6.72,6.72186857331572
20230725093403040,6.72,6.72,6.72186857331572
20230725093403190,6.72,6.72,6.72186857331572
20230725093403320,6.72,6.72,6.72186857331572
20230725093403340,6.72,6.72,6.72186857331572
20230725093403400,6.72,6.72,6.72186857331572
20230725093403570,6.72,6.72,6.72186857331572
20230725093403580,6.72,6.72,6.72186857331572
20230725093403670,6.72,6.72,6.72186857331572
20230725093405450,6.72,6.72,6.72186857331572
20230725093405480,6.72,6.72,6.72186857331572
20230725093405550,6.72,6.72,6.72186857331572
20230725093405680,6.72,6.72,6.72186857331572
20230725093405760,6.72,6.72,6.72186857331572
20230725093405970,6.72,6.72,6.72186857331572
20230725093406030,6.72,6.72,6.72186857331572
20230725093406050,6.72,6.72,6.72186857331572
20230725093406150,6.72,6.72,6.72186857331572
20230725093406220,6.72,6.72,6.72186857331572
20230725093406530,6.72,6.72,6.72186857331572
20230725093406630,6.72,6.72,6.72186857331572
20230725093408220,6.72,6.72,6.7218495079385905
20230725093408230,6.72,6.72,6.721849386603687
20230725093408310,6.72,6.72,6.721847326343381
20230725093408370,6.72,6.72,6.721847326343381
20230725093408650,6.72,6.72,6.721847326343381
20230725093408700,6.72,6.72,6.721847326343381
20230725093409080,6.72,6.72,6.721847326343381
20230725093409090,6.72,6.72,6.721847326343381
20230725093409130,6.72,6.72,6.721847326343381
20230725093410820,6.72,6.72,6.721847326343381
20230725093411120,6.72,6.72,6.721847326343381
20230725093411360,6.72,6.72,6.721847326343381
20230725093411470,6.72,6.72,6.721847326343381
20230725093411560,6.72,6.72,6.721846479334512
20230725093411650,6.72,6.72,6.721852883042083
20230725093411830,6.72,6.72,6.721852883042083
20230725093413730,6.72,6.72,6.721852883042083
20230725093413820,6.72,6.72,6.721852883042083
20230725093413890,6.72,6.72,6.721852883042083
20230725093413930,6.72,6.72,6.721852883042083
20230725093413940,6.72,6.72,6.721852883042083
20230725093413960,6.72,6.72,6.721852883042083
20230725093413970,6.72,6.72,6.721852883042083
20230725093414000,6.72,6.72,6.721852883042083
20230725093414020,6.72,6.72,6.721852883042083
20230725093414190,6.72,6.72,6.721852883042083
20230725093414370,6.72,6.72,6.721852883042083
20230725093414570,6.72,6.72,6.721852883042083
20230725093414580,6.72,6.72,6.721852883042083
20230725093416310,6.72,6.72,6.721852883042083
20230725093416540,6.72,6.72,6.721852883042083
20230725093416640,6.72,6.72,6.721841196315038
20230725093416690,6.72,6.72,6.721841196315038
20230725093416780,6.72,6.72,6.721841196315038
20230725093416840,6.72,6.72,6.721841196315038
20230725093416900,6.72,6.72,6.721841196315038
20230725093417400,6.72,6.72,6.721841196315038
20230725093417410,6.72,6.72,6.721841196315038
20230725093417420,6.72,6.72,6.721841196315038
20230725093417430,6.72,6.72,6.721841196315038
20230725093419080,6.72,6.72,6.721836430697554
20230725093419110,6.72,6.72,6.721836193064182
20230725093419170,6.72,6.72,6.721835599249725
20230725093419240,6.72,6.72,6.721835599249725
20230725093419290,6.72,6.72,6.721835599249725
20230725093419590,6.72,6.72,6.721835599249725
20230725093419870,6.72,6.72,6.721835599249725
20230725093420050,6.72,6.72,6.721835599249725
20230725093421980,6.73,6.72,6.721835599249725
20230725093421990,6.73,6.72,6.721835599249725
20230725093422030,6.73,6.72,6.721835599249725
20230725093422280,6.73,6.72,6.721835599249725
20230725093422320,6.72,6.72,6.721835599249725
20230725093424320,6.72,6.72,6.721835599249725
20230725093424530,6.72,6.72,6.721835599249725
20230725093424900,6.73,6.72,6.721835599249725
20230725093424920,6.73,6.72,6.721835599249725
20230725093424950,6.73,6.72,6.721835599249725
20230725093425060,6.73,6.72,6.721835599249725
20230725093425220,6.73,6.72,6.721835599249725
20230725093425250,6.73,6.72,6.721835599249725
20230725093425270,6.73,6.72,6.721835599249725
20230725093425340,6.73,6.72,6.721835599249725
20230725093427100,6.73,6.72,6.721849093840696
20230725093427200,6.73,6.72,6.721848497743391
20230725093427250,6.73,6.72,6.721848497743391
20230725093427400,6.73,6.72,6.721848497743391
20230725093427410,6.73,6.72,6.721848497743391
20230725093427440,6.73,6.72,6.721848497743391
20230725093427480,6.73,6.72,6.721848497743391
20230725093427780,6.73,6.72,6.721848497743391
20230725093427850,6.73,6.72,6.721848497743391
20230725093428090,6.73,6.72,6.721848497743391
20230725093428100,6.73,6.72,6.721848259412067
20230725093428200,6.73,6.72,6.721848140269451
20230725093429710,6.73,6.72,6.721848140269451
20230725093429910,6.73,6.72,6.721848140269451
20230725093430080,6.73,6.72,6.721848140269451
20230725093430130,6.73,6.72,6.721848140269451
20230725093430190,6.73,6.72,6.721848140269451
20230725093430370,6.73,6.72,6.721848140269451
20230725093430490,6.73,6.72,6.721848140269451
20230725093430550,6.73,6.72,6.7218448105012545
20230725093430560,6.73,6.72,6.7218431501125036
20230725093430700,6.73,6.72,6.7218431501125036
20230725093430860,6.73,6.72,6.721859373796997
20230725093430870,6.73,6.72,6.721871369081939
20230725093430880,6.73,6.72,6.721871369081939
20230725093430890,6.73,6.72,6.721871369081939
20230725093432430,6.72,6.72,6.721887154907975
20230725093432620,6.72,6.72,6.721886274760383
20230725093432750,6.72,6.72,6.721886274760383
20230725093432920,6.72,6.72,6.721886274760383
20230725093433090,6.72,6.72,6.721886274760383
20230725093433110,6.72,6.72,6.721881945684049
20230725093433120,6.72,6.72,6.721877875318066
20230725093433270,6.72,6.72,6.721877875318066
20230725093435350,6.72,6.72,6.721868060763999
20230725093435390,6.72,6.72,6.721868060763999
20230725093435800,6.72,6.72,6.721864290252891
20230725093435820,6.72,6.72,6.721864290252891
20230725093435890,6.72,6.72,6.721864290252891
20230725093435990,6.72,6.72,6.721864290252891
20230725093436050,6.72,6.72,6.721864290252891
20230725093436180,6.72,6.72,6.721864290252891
20230725093436250,6.72,6.72,6.721864290252891
20230725093436350,6.72,6.72,6.721864290252891
20230725093437800,6.72,6.72,6.721864290252891
20230725093438060,6.72,6.72,6.721864290252891
20230725093438120,6.72,6.72,6.721864290252891
20230725093438310,6.72,6.72,6.721864290252891
20230725093438320,6.72,6.72,6.721864290252891
20230725093438390,6.72,6.72,6.721864290252891
20230725093438500,6.72,6.72,6.721864290252891
20230725093438850,6.72,6.72,6.721864290252891
20230725093438890,6.72,6.72,6.721864290252891
20230725093440490,6.72,6.72,6.721864171802529
20230725093441000,6.72,6.72,6.721864171802529
20230725093441160,6.72,6.72,6.721864171802529
20230725093441420,6.72,6.72,6.721860403963414
20230725093441500,6.72,6.72,6.721860167661628
20230725093441640,6.72,6.72,6.721860167661628
20230725093443300,6.72,6.72,6.721851135930955
20230725093443440,6.72,6.72,6.721851018465639
20230725093443600,6.72,6.72,6.721851018465639
20230725093443820,6.72,6.72,6.721851018465639
20230725093443890,6.72,6.72,6.721851018465639
20230725093444100,6.72,6.72,6.721851018465639
20230725093444440,6.72,6.72,6.721851018465639
20230725093446080,6.72,6.72,6.721851018465639
20230725093446100,6.72,6.72,6.721851018465639
20230725093446140,6.72,6.72,6.721851018465639
20230725093446280,6.72,6.72,6.721851018465639
20230725093446300,6.72,6.72,6.721849514624706
20230725093446360,6.72,6.72,6.721849514624706
20230725093446410,6.72,6.72,6.721849514624706
20230725093446510,6.72,6.72,6.721848762847354
20230725093446540,6.72,6.72,6.721848762847354
20230725093446620,6.72,6.72,6.721847259578787
20230725093446700,6.72,6.72,6.72184491890522
20230725093446780,6.72,6.72,6.72184491890522
20230725093447140,6.72,6.72,6.72184491890522
20230725093448940,6.72,6.72,6.72184491890522
20230725093448960,6.72,6.72,6.72184491890522
20230725093448980,6.72,6.72,6.72184491890522
20230725093449020,6.72,6.72,6.72184491890522
20230725093449120,6.72,6.72,6.721843418218675
20230725093449180,6.72,6.72,6.721841784810127
20230725093449190,6.72,6.72,6.721840852732793
20230725093449290,6.72,6.72,6.721840852732793
20230725093449420,6.72,6.72,6.721840852732793
20230725093449600,6.72,6.72,6.721840852732793
20230725093451310,6.72,6.72,6.721840852732793
20230725093451480,6.72,6.72,6.721840852732793
20230725093451610,6.72,6.72,6.721840852732793
20230725093451710,6.72,6.72,6.721840852732793
20230725093452080,6.72,6.72,6.721828591177579
20230725093452090,6.72,6.72,6.721826869232218
20230725093452140,6.72,6.72,6.721826869232218
20230725093452190,6.72,6.72,6.721826869232218
20230725093452340,6.72,6.72,6.721826869232218
20230725093452350,6.73,6.72,6.721738363201911
20230725093452370,6.73,6.72,6.721738363201911
20230725093454300,6.73,6.72,6.721738363201911
20230725093454470,6.73,6.72,6.721738363201911
20230725093454570,6.73,6.72,6.721738363201911
20230725093454750,6.73,6.72,6.721738363201911
20230725093454890,6.73,6.72,6.721738363201911
20230725093454910,6.73,6.72,6.721738363201911
20230725093454920,6.73,6.72,6.721738363201911
20230725093454950,6.73,6.72,6.721738363201911
20230725093455090,6.73,6.72,6.721738363201911
20230725093455120,6.73,6.72,6.721738363201911
20230725093455150,6.73,6.72,6.721738363201911
20230725093455180,6.73,6.72,6.721738363201911
20230725093455200,6.73,6.72,6.721738363201911
20230725093456830,6.73,6.72,6.721738363201911
20230725093457310,6.73,6.72,6.721738363201911
20230725093457550,6.73,6.72,6.721738363201911
20230725093459390,6.73,6.72,6.721738363201911
20230725093459550,6.73,6.72,6.721738363201911
20230725093459830,6.73,6.72,6.721738363201911
20230725093500050,6.73,6.72,6.721738363201911
20230725093500060,6.73,6.72,6.721746669807431
20230725093500130,6.73,6.72,6.721746669807431
20230725093500420,6.73,6.72,6.721746669807431
20230725093500470,6.73,6.72,6.721746669807431
20230725093500550,6.73,6.72,6.721746669807431
20230725093500600,6.73,6.72,6.721746669807431
20230725093502190,6.73,6.73,6.721746669807431
20230725093502410,6.73,6.73,6.721746669807431
20230725093502420,6.73,6.73,6.721746669807431
20230725093502430,6.73,6.73,6.721746669807431
20230725093502660,6.73,6.73,6.721746669807431
20230725093502730,6.73,6.73,6.721746669807431
20230725093502830,6.73,6.73,6.721746669807431
20230725093502850,6.73,6.73,6.72195016595819
20230725093502870,6.73,6.73,6.72195016595819
20230725093504880,6.73,6.73,6.72195016595819
20230725093504900,6.73,6.73,6.72195016595819
20230725093505080,6.73,6.73,6.72195016595819
20230725093505150,6.73,6.73,6.72195016595819
20230725093505260,6.73,6.74,6.72195016595819
20230725093505520,6.73,6.74,6.72195016595819
20230725093505660,6.73,6.74,6.72195016595819
20230725093505700,6.73,6.75,6.72195016595819
20230725093505710,6.73,6.75,6.72195016595819
20230725093507700,6.73,6.75,6.72195016595819
20230725093508210,6.73,6.75,6.72195016595819
20230725093508360,6.73,6.75,6.72195016595819
20230725093508440,6.73,6.75,6.722367454098267
20230725093510210,6.73,6.73,6.722395874521456
20230725093510330,6.73,6.73,6.723251726253555
20230725093510380,6.73,6.73,6.723251726253555
20230725093510600,6.73,6.73,6.723251726253555
20230725093510700,6.73,6.74,6.723251726253555
20230725093510910,6.73,6.74,6.723251726253555
20230725093511170,6.73,6.73,6.723251726253555
20230725093512920,6.73,6.75,6.723251726253555
20230725093512930,6.73,6.75,6.723251726253555
20230725093513030,6.73,6.75,6.723251726253555
20230725093513060,6.73,6.75,6.723251726253555
20230725093513090,6.73,6.75,6.723251726253555
20230725093513120,6.73,6.75,6.723251726253555
20230725093513170,6.73,6.75,6.723251726253555
20230725093513190,6.73,6.75,6.723251726253555
20230725093513200,6.73,6.75,6.723251726253555
20230725093513220,6.73,6.75,6.723251726253555
20230725093513330,6.73,6.75,6.723251726253555
20230725093513440,6.73,6.75,6.723251726253555
20230725093513490,6.73,6.75,6.723251726253555
20230725093513590,6.73,6.75,6.723251726253555
20230725093513610,6.73,6.75,6.723562162162162
20230725093513630,6.73,6.75,6.72370202397976
20230725093513880,6.73,6.75,6.72370202397976
20230725093514090,6.73,6.75,6.72370202397976
20230725093515830,6.73,6.75,6.72370202397976
20230725093516020,6.73,6.75,6.72370202397976
20230725093516120,6.73,6.75,6.72370202397976
20230725093516250,6.73,6.75,6.723803553995502
20230725093516680,6.73,6.75,6.723809299775182
20230725093518370,6.73,6.75,6.723809299775182
20230725093518400,6.73,6.75,6.723809299775182
20230725093518420,6.73,6.75,6.723809299775182
20230725093518630,6.73,6.75,6.723809299775182
20230725093518740,6.73,6.75,6.723809299775182
20230725093518810,6.73,6.75,6.723809299775182
20230725093518820,6.73,6.75,6.723810735826296
20230725093518850,6.73,6.75,6.723810735826296
20230725093518910,6.73,6.75,6.723838494411571
20230725093518950,6.73,6.75,6.723838494411571
20230725093518980,6.73,6.75,6.723927430726349
20230725093518990,6.73,6.75,6.723927430726349
20230725093519130,6.73,6.75,6.723927430726349
20230725093519390,6.73,6.75,6.723927430726349
20230725093519530,6.73,6.75,6.724119861043261
20230725093521080,6.73,6.75,6.724119861043261
20230725093521270,6.73,6.75,6.724119861043261
20230725093521390,6.73,6.75,6.724119861043261
20230725093521730,6.73,6.75,6.724119861043261
20230725093522060,6.73,6.75,6.724119861043261
20230725093522100,6.73,6.75,6.724119861043261
20230725093522160,6.73,6.75,6.724119861043261
20230725093523740,6.73,6.75,6.724135846804817
20230725093524100,6.73,6.75,6.724135846804817
20230725093524110,6.73,6.75,6.724135846804817
20230725093524240,6.73,6.75,6.7242251649183515
20230725093524270,6.73,6.75,6.724241878309737
20230725093524320,6.73,6.75,6.724241878309737
20230725093524350,6.73,6.75,6.724241878309737
20230725093524400,6.73,6.75,6.724241878309737
20230725093524480,6.75,6.75,6.72537302009919
20230725093524540,6.75,6.75,6.72537302009919
20230725093524930,6.75,6.75,6.72537302009919
20230725093524940,6.75,6.75,6.72537302009919
20230725093526420,6.75,6.75,6.72537302009919
20230725093526690,6.75,6.75,6.72537302009919
20230725093526740,6.75,6.75,6.72537302009919
20230725093526810,6.75,6.75,6.72537302009919
20230725093527310,6.75,6.75,6.72537302009919
20230725093529550,6.75,6.75,6.72537302009919
20230725093530010,6.75,6.75,6.72537302009919
20230725093531870,6.75,6.75,6.72537302009919
20230725093531900,6.75,6.75,6.72537302009919
20230725093532170,6.75,6.75,6.72537302009919
20230725093532210,6.75,6.75,6.72537302009919
20230725093532260,6.75,6.75,6.72537302009919
20230725093532450,6.75,6.75,6.72537302009919
20230725093532650,6.75,6.75,6.72537302009919
20230725093532740,6.75,6.75,6.72537302009919
20230725093532780,6.75,6.75,6.72537302009919
20230725093532830,6.75,6.75,6.72537302009919
20230725093534500,6.75,6.75,6.72537302009919
20230725093534520,6.75,6.75,6.72537302009919
20230725093534560,6.75,6.75,6.72537302009919
20230725093534650,6.75,6.75,6.725497387148719
20230725093534700,6.75,6.75,6.725497387148719
20230725093534710,6.75,6.75,6.725497387148719
20230725093534820,6.75,6.75,6.725497387148719
20230725093534870,6.75,6.75,6.725497387148719
20230725093534930,6.75,6.75,6.725497387148719
20230725093534940,6.75,6.75,6.725497387148719
20230725093534950,6.75,6.75,6.725497387148719
20230725093535020,6.75,6.75,6.725497387148719
20230725093535050,6.75,6.75,6.725497387148719
20230725093535070,6.75,6.75,6.725497387148719
20230725093535100,6.75,6.75,6.725497387148719
20230725093535150,6.75,6.75,6.725497387148719
20230725093535270,6.75,6.75,6.725497387148719
20230725093535510,6.75,6.75,6.725497387148719
20230725093535610,6.75,6.75,6.725497387148719
20230725093537240,6.75,6.75,6.725497387148719
20230725093537250,6.75,6.75,6.725497387148719
20230725093537270,6.75,6.75,6.7255327972608425
20230725093537330,6.75,6.75,6.7255327972608425
20230725093537600,6.75,6.75,6.7255327972608425
20230725093537700,6.75,6.75,6.7255327972608425
20230725093537900,6.75,6.75,6.7256681583298885
20230725093538010,6.75,6.75,6.7256681583298885
20230725093538050,6.75,6.75,6.7256681583298885
20230725093538060,6.75,6.75,6.7256681583298885
20230725093538110,6.75,6.75,6.7256681583298885
20230725093538220,6.75,6.75,6.7256681583298885
20230725093538250,6.75,6.75,6.7256681583298885
20230725093538370,6.75,6.75,6.7256681583298885
20230725093538430,6.75,6.75,6.7256681583298885
20230725093539930,6.75,6.75,6.7256681583298885
20230725093540030,6.75,6.75,6.7256681583298885
20230725093540070,6.75,6.75,6.725781976414851
20230725093540080,6.75,6.75,6.725781976414851
20230725093540120,6.75,6.75,6.725781976414851
20230725093540300,6.75,6.75,6.725781976414851
20230725093540350,6.75,6.75,6.725781976414851
20230725093540470,6.75,6.75,6.725781976414851
20230725093540640,6.75,6.75,6.725781976414851
20230725093540670,6.75,6.75,6.725781976414851
20230725093540780,6.75,6.75,6.725781976414851
20230725093540880,6.75,6.75,6.725781976414851
20230725093540900,6.75,6.75,6.725781976414851
20230725093540920,6.75,6.75,6.725781976414851
20230725093540940,6.75,6.75,6.725781976414851
20230725093540960,6.75,6.75,6.725781976414851
20230725093542920,6.75,6.75,6.725781976414851
20230725093542970,6.75,6.75,6.725781976414851
20230725093542980,6.75,6.75,6.725781976414851
20230725093542990,6.75,6.75,6.725781976414851
20230725093543130,6.75,6.75,6.725781976414851
20230725093543170,6.75,6.75,6.725781976414851
20230725093543180,6.75,6.75,6.726139431308601
20230725093543240,6.75,6.75,6.726151583986961
20230725093543360,6.75,6.75,6.726464448353857
20230725093543380,6.75,6.75,6.726467819269236
20230725093543420,6.75,6.75,6.726511497943212
20230725093543730,6.75,6.75,6.726511497943212
20230725093546090,6.75,6.75,6.726518565697091
20230725093546270,6.75,6.75,6.726518565697091
20230725093548080,6.75,6.75,6.726518565697091
20230725093548180,6.75,6.75,6.726518565697091
20230725093548190,6.75,6.75,6.726518565697091
20230725093548240,6.75,6.75,6.726549143544025
20230725093548330,6.75,6.75,6.726549143544025
20230725093548350,6.75,6.75,6.726549143544025
20230725093548360,6.75,6.75,6.726549143544025
20230725093548370,6.75,6.75,6.726549143544025
20230725093548530,6.75,6.75,6.72672439667612
20230725093548590,6.75,6.75,6.726790402937674
20230725093548660,6.75,6.75,6.726790402937674
20230725093548750,6.75,6.75,6.726790402937674
20230725093548880,6.75,6.75,6.726790402937674
20230725093549080,6.75,6.75,6.726790402937674
20230725093549090,6.75,6.75,6.726790402937674
20230725093549100,6.75,6.75,6.726790402937674
20230725093549120,6.75,6.75,6.726790402937674
20230725093549140,6.75,6.75,6.726790402937674
20230725093549230,6.75,6.75,6.726790402937674
20230725093550820,6.75,6.75,6.726790402937674
20230725093550920,6.75,6.75,6.7268315507756355
20230725093551000,6.75,6.75,6.7268315507756355
20230725093551090,6.75,6.75,6.7268315507756355
20230725093551260,6.75,6.75,6.7268315507756355
20230725093551390,6.75,6.75,6.7268315507756355
20230725093551400,6.75,6.75,6.726843027691088
20230725093551490,6.75,6.75,6.726843027691088
20230725093551530,6.75,6.75,6.726847615274131
20230725093551600,6.75,6.75,6.726847615274131
20230725093551650,6.75,6.75,6.726847615274131
20230725093551710,6.75,6.75,6.726847615274131
20230725093551760,6.75,6.75,6.726885393591772
20230725093553470,6.75,6.75,6.7269287434606655
20230725093553480,6.75,6.75,6.7269287434606655
20230725093553500,6.75,6.75,6.7269287434606655
20230725093553520,6.75,6.75,6.726940124309392
20230725093553630,6.75,6.75,6.726940124309392
20230725093553650,6.75,6.75,6.726940124309392
20230725093553660,6.75,6.75,6.726940124309392
20230725093553850,6.75,6.75,6.726940124309392
20230725093553910,6.75,6.75,6.726940124309392
20230725093554060,6.75,6.75,6.726940124309392
20230725093554140,6.75,6.75,6.726944673505622
20230725093554440,6.75,6.75,6.726944673505622
20230725093554620,6.75,6.75,6.72695376651548
20230725093556240,6.75,6.75,6.72695376651548
20230725093556270,6.75,6.75,6.72695376651548
20230725093556290,6.75,6.75,6.726974199586247
20230725093556360,6.75,6.75,6.726974199586247
20230725093556410,6.75,6.75,6.726974199586247
20230725093556450,6.75,6.75,6.726982135998818
20230725093556460,6.75,6.75,6.726982135998818
20230725093556630,6.75,6.75,6.726982135998818
20230725093556640,6.75,6.75,6.726982135998818
20230725093556760,6.75,6.75,6.726982135998818
20230725093556790,6.75,6.75,6.726982135998818
20230725093557000,6.75,6.75,6.726982135998818
20230725093557050,6.75,6.75,6.726982135998818
20230725093557070,6.75,6.75,6.726982135998818
20230725093557080,6.75,6.75,6.726982135998818
20230725093557150,6.75,6.75,6.726987261898902
20230725093558850,6.75,6.75,6.726987261898902
20230725093558880,6.75,6.75,6.726987261898902
20230725093558920,6.75,6.75,6.726987261898902
20230725093558960,6.75,6.75,6.726987261898902
20230725093559010,6.75,6.75,6.726987261898902
20230725093559050,6.75,6.75,6.726987261898902
20230725093559100,6.75,6.75,6.726987261898902
20230725093559400,6.75,6.75,6.726987261898902
20230725093559470,6.75,6.75,6.726987261898902
20230725093559480,6.75,6.75,6.726987261898902
20230725093559530,6.75,6.75,6.726987261898902
20230725093559600,6.75,6.75,6.726987261898902
20230725093559640,6.75,6.75,6.726987261898902
20230725093559710,6.75,6.75,6.726987261898902
20230725093559870,6.75,6.75,6.726987261898902
20230725093559920,6.75,6.75,6.726987261898902
20230725093559990,6.75,6.75,6.726987261898902
20230725093601570,6.75,6.75,6.726987261898902
20230725093601590,6.75,6.75,6.726987261898902
20230725093601600,6.75,6.75,6.727093243839106
20230725093601610,6.75,6.75,6.727144752407488
20230725093601620,6.75,6.75,6.727197142021069
20230725093601640,6.75,6.75,6.727297897547948
20230725093601650,6.75,6.75,6.727298999805788
20230725093601700,6.75,6.75,6.727298999805788
20230725093601710,6.75,6.75,6.727298999805788
20230725093601870,6.75,6.75,6.7273056111057175
20230725093601910,6.75,6.75,6.7273056111057175
20230725093601970,6.75,6.75,6.7273056111057175
20230725093602050,6.75,6.75,6.7273056111057175
20230725093602060,6.75,6.75,6.7273056111057175
20230725093602240,6.75,6.75,6.7273056111057175
20230725093602570,6.75,6.75,6.7273056111057175
20230725093602590,6.75,6.75,6.7273056111057175
20230725093602610,6.75,6.75,6.7273056111057175
20230725093602680,6.75,6.75,6.7273056111057175
20230725093604180,6.75,6.75,6.7273056111057175
20230725093604260,6.75,6.75,6.7273056111057175
20230725093604380,6.75,6.75,6.7273056111057175
20230725093604410,6.75,6.75,6.7273056111057175
20230725093604420,6.75,6.75,6.7273056111057175
20230725093604450,6.75,6.75,6.7273056111057175
20230725093604460,6.75,6.75,6.7273056111057175
20230725093604610,6.75,6.75,6.7273056111057175
20230725093604660,6.75,6.75,6.7273056111057175
20230725093604820,6.75,6.75,6.7273056111057175
20230725093604880,6.75,6.75,6.7273056111057175
20230725093604900,6.75,6.75,6.7273056111057175
20230725093605050,6.75,6.75,6.7273056111057175
20230725093605090,6.75,6.75,6.7273056111057175
20230725093605130,6.75,6.75,6.7273056111057175
20230725093605150,6.75,6.75,6.7273056111057175
20230725093605340,6.75,6.75,6.727314065304934
20230725093605410,6.75,6.75,6.727314065304934
20230725093606900,6.75,6.75,6.727314065304934
20230725093607090,6.75,6.75,6.727314065304934
20230725093607110,6.75,6.75,6.727314065304934
20230725093607200,6.75,6.75,6.727314065304934
20230725093607470,6.75,6.75,6.727314065304934
20230725093607670,6.75,6.75,6.727314065304934
20230725093607880,6.75,6.75,6.727314065304934
20230725093607980,6.75,6.75,6.727314065304934
20230725093608080,6.75,6.75,6.727314065304934
20230725093608100,6.75,6.75,6.727314065304934
20230725093609630,6.75,6.75,6.727314065304934
20230725093609700,6.75,6.75,6.727377145891667
20230725093609730,6.75,6.75,6.727377145891667
20230725093609790,6.75,6.75,6.727377145891667
20230725093609820,6.75,6.75,6.727377145891667
20230725093609840,6.75,6.75,6.727377145891667
20230725093609990,6.75,6.75,6.727377145891667
20230725093610120,6.75,6.75,6.727377145891667
20230725093610130,6.75,6.75,6.727377145891667
20230725093610150,6.75,6.75,6.727377145891667
20230725093610190,6.75,6.75,6.727377145891667
20230725093610330,6.75,6.75,6.727377145891667
20230725093610350,6.75,6.75,6.727377145891667
20230725093610380,6.75,6.75,6.7274667531095425
20230725093610400,6.75,6.75,6.727506720997123
20230725093610410,6.75,6.75,6.727506720997123
20230725093610420,6.75,6.75,6.727506720997123
20230725093610430,6.75,6.75,6.727506720997123
20230725093610440,6.75,6.75,6.727506720997123
20230725093610450,6.75,6.75,6.727506720997123
20230725093610460,6.75,6.75,6.727506720997123
20230725093610470,6.75,6.75,6.727506720997123
20230725093610490,6.75,6.75,6.727506720997123
20230725093610500,6.75,6.75,6.727506720997123
20230725093610510,6.75,6.75,6.727506720997123
20230725093610580,6.75,6.75,6.727506720997123
20230725093610660,6.75,6.75,6.727506720997123
20230725093610770,6.75,6.75,6.727506720997123
20230725093612350,6.75,6.75,6.727506720997123
20230725093612370,6.75,6.75,6.727506720997123
20230725093612540,6.75,6.75,6.727506720997123
20230725093612640,6.75,6.75,6.727506720997123
20230725093612990,6.75,6.75,6.727527061189313
20230725093613070,6.75,6.75,6.727527061189313
20230725093613100,6.75,6.75,6.727527061189313
20230725093613120,6.75,6.75,6.727527061189313
20230725093613180,6.75,6.74,6.727543164538804
20230725093613220,6.75,6.74,6.727543164538804
20230725093613230,6.75,6.74,6.727543164538804
20230725093613290,6.75,6.74,6.727543164538804
20230725093613520,6.75,6.74,6.727543164538804
20230725093613540,6.75,6.74,6.727543164538804
20230725093615040,6.75,6.74,6.727543164538804
20230725093615150,6.75,6.74,6.727543164538804
20230725093615160,6.75,6.74,6.727543164538804
20230725093615230,6.75,6.74,6.727568131710808
20230725093615250,6.75,6.74,6.727568131710808
20230725093615270,6.75,6.74,6.727568131710808
20230725093615540,6.75,6.74,6.727568131710808
20230725093615800,6.75,6.74,6.727568131710808
20230725093615820,6.75,6.74,6.727568131710808
20230725093615910,6.75,6.74,6.727568131710808
20230725093616120,6.75,6.74,6.727568131710808
20230725093616140,6.75,6.74,6.727568131710808
20230725093616160,6.75,6.74,6.727568131710808
20230725093617770,6.75,6.74,6.727568131710808
20230725093617790,6.75,6.74,6.727568131710808
20230725093617870,6.75,6.74,6.727568131710808
20230725093618020,6.75,6.74,6.727568131710808
20230725093618220,6.75,6.74,6.727568131710808
20230725093618240,6.75,6.74,6.727568131710808
20230725093618360,6.75,6.74,6.727568131710808
20230725093618420,6.75,6.74,6.727568131710808
20230725093618500,6.75,6.74,6.727568131710808
20230725093618600,6.75,6.74,6.727568131710808
20230725093618750,6.75,6.74,6.727568131710808
20230725093618850,6.75,6.74,6.727568131710808
20230725093618920,6.75,6.74,6.727568131710808
20230725093618930,6.75,6.74,6.727568131710808
20230725093620380,6.75,6.74,6.727568131710808
20230725093620410,6.75,6.74,6.727568131710808
20230725093620610,6.75,6.74,6.727568131710808
20230725093620620,6.75,6.75,6.727568131710808
20230725093620700,6.75,6.74,6.7276162
20230725093620710,6.75,6.74,6.7276162
20230725093620720,6.75,6.74,6.7276162
20230725093620750,6.75,6.74,6.727622094240838
20230725093621250,6.75,6.74,6.727622094240838
20230725093621410,6.75,6.74,6.727622094240838
20230725093621470,6.75,6.74,6.727622094240838
20230725093621550,6.75,6.74,6.727622094240838
20230725093623310,6.75,6.74,6.727649752804716
20230725093623320,6.75,6.74,6.727670982142857
20230725093623420,6.75,6.74,6.727670982142857
20230725093623510,6.75,6.74,6.727670982142857
20230725093623700,6.75,6.74,6.727670982142857
20230725093623870,6.75,6.74,6.727670982142857
20230725093623880,6.75,6.74,6.727670982142857
20230725093624040,6.75,6.74,6.727670982142857
20230725093624160,6.75,6.74,6.727670982142857
20230725093624210,6.75,6.74,6.727670982142857
20230725093624230,6.75,6.74,6.727670982142857
20230725093624290,6.75,6.74,6.727670982142857
20230725093624300,6.75,6.74,6.727670982142857
20230725093624310,6.75,6.74,6.727670982142857
20230725093625840,6.75,6.74,6.727670982142857
20230725093625860,6.75,6.74,6.727670982142857
20230725093625880,6.75,6.74,6.727670982142857
20230725093626010,6.75,6.74,6.727670982142857
20230725093626220,6.75,6.74,6.727670982142857
20230725093626420,6.75,6.74,6.727670982142857
20230725093626500,6.75,6.74,6.727670982142857
20230725093626700,6.75,6.74,6.727670982142857
20230725093626980,6.75,6.74,6.727670982142857
20230725093627050,6.75,6.74,6.727670982142857
20230725093628500,6.75,6.74,6.727670982142857
20230725093628540,6.75,6.74,6.727670982142857
20230725093628580,6.75,6.74,6.727670982142857
20230725093628650,6.75,6.74,6.727862331669648
20230725093628790,6.75,6.74,6.727862331669648
20230725093628920,6.75,6.74,6.7278999342846415
20230725093629270,6.75,6.74,6.7278999342846415
20230725093631200,6.75,6.74,6.7278999342846415
20230725093631240,6.75,6.74,6.727936643579183
20230725093631320,6.75,6.74,6.727936643579183
20230725093631440,6.75,6.74,6.728083315512993
20230725093631460,6.75,6.74,6.7281554165508295
20230725093631470,6.75,6.74,6.728275203907653
20230725093631510,6.75,6.74,6.728275203907653
20230725093631540,6.75,6.74,6.728275203907653
20230725093631550,6.75,6.74,6.728358971769566
20230725093631560,6.75,6.74,6.728403582226294
20230725093631570,6.75,6.74,6.7285304522063845
20230725093631580,6.75,6.74,6.7285304522063845
20230725093631710,6.75,6.74,6.7285304522063845
20230725093631750,6.75,6.74,6.728587197530303
20230725093632110,6.75,6.74,6.728607885077264
20230725093632230,6.75,6.74,6.728607885077264
20230725093632310,6.75,6.74,6.728607885077264
20230725093632360,6.75,6.74,6.728607885077264
20230725093634030,6.75,6.74,6.728607885077264
20230725093634120,6.75,6.74,6.728607885077264
20230725093634150,6.75,6.74,6.728607885077264
20230725093634180,6.75,6.74,6.728607885077264
20230725093634350,6.75,6.74,6.728607885077264
20230725093634410,6.75,6.74,6.728607885077264
20230725093634460,6.75,6.74,6.728607885077264
20230725093634500,6.75,6.74,6.728607885077264
20230725093634530,6.75,6.74,6.728607885077264
20230725093634550,6.75,6.74,6.728607885077264
20230725093634560,6.75,6.74,6.728607885077264
20230725093634570,6.75,6.74,6.728607885077264
20230725093634820,6.75,6.74,6.728607885077264
20230725093635090,6.75,6.74,6.728607885077264
20230725093635110,6.75,6.74,6.728607885077264
20230725093635120,6.75,6.74,6.728607885077264
20230725093636800,6.75,6.74,6.728607885077264
20230725093636940,6.75,6.74,6.728607885077264
20230725093637140,6.75,6.74,6.728607885077264
20230725093637660,6.75,6.74,6.728607885077264
20230725093637740,6.75,6.74,6.728607885077264
20230725093637760,6.75,6.74,6.728607885077264
20230725093637790,6.75,6.74,6.728607885077264
20230725093637800,6.75,6.74,6.728607885077264
20230725093639310,6.75,6.74,6.728735087166088
20230725093639420,6.75,6.74,6.728735087166088
20230725093639430,6.75,6.74,6.728735087166088
20230725093639450,6.75,6.74,6.728735087166088
20230725093639580,6.75,6.74,6.728735087166088
20230725093639850,6.75,6.74,6.728735087166088
20230725093640120,6.75,6.74,6.728735087166088
20230725093640150,6.75,6.74,6.728735087166088
20230725093640190,6.75,6.74,6.728735087166088
20230725093640240,6.75,6.74,6.728735087166088
20230725093640280,6.75,6.74,6.728735087166088
20230725093640460,6.75,6.74,6.728735087166088
20230725093640530,6.75,6.74,6.728735087166088
20230725093640540,6.75,6.74,6.728735087166088
20230725093642030,6.75,6.74,6.728735087166088
20230725093642120,6.75,6.74,6.728735087166088
20230725093642150,6.75,6.74,6.728735087166088
20230725093642160,6.75,6.74,6.728735087166088
20230725093642260,6.75,6.74,6.728735087166088
20230725093642270,6.75,6.74,6.728735087166088
20230725093642380,6.75,6.74,6.728743704971182
