Timestamp,ask1,bid1,VWAP
20230724093000120,5.99,7.28,0.0
20230724093000130,5.99,7.28,0.0
20230724093000140,5.99,7.28,0.0
20230724093000150,5.99,7.28,0.0
20230724093000160,5.99,7.28,0.0
20230724093000170,6.3,7.28,6.66
20230724093000180,6.59,7.28,6.66
20230724093000190,6.59,7.28,6.66
20230724093000200,6.59,7.28,6.66
20230724093000210,6.59,7.28,6.66
20230724093000220,6.59,7.28,6.66
20230724093000230,6.59,7.28,6.66
20230724093000240,6.59,7.28,6.66
20230724093000250,6.59,7.28,6.66
20230724093000260,6.59,7.28,6.66
20230724093000270,6.59,7.28,6.66
20230724093000550,6.59,7.28,6.663744680851064
20230724093000560,6.59,7.28,6.663744680851064
20230724093000570,6.59,7.28,6.663744680851064
20230724093000600,6.59,7.28,6.663744680851064
20230724093000610,6.59,7.28,6.663614457831326
20230724093000630,6.59,7.28,6.663614457831326
20230724093000640,6.59,7.28,6.663614457831326
20230724093000660,6.59,7.28,6.663614457831326
20230724093000670,6.59,7.28,6.663614457831326
20230724093000690,6.59,7.28,6.663614457831326
20230724093000700,6.59,7.28,6.663614457831326
20230724093000710,6.59,7.28,6.663614457831326
20230724093000740,6.59,7.28,6.663614457831326
20230724093000760,6.59,7.28,6.663614457831326
20230724093000770,6.59,7.28,6.663614457831326
20230724093000790,6.59,7.28,6.6629392971246
20230724093000800,6.59,7.28,6.6629392971246
20230724093000810,6.59,7.28,6.662950310559006
20230724093000820,6.59,7.28,6.662905198776758
20230724093000830,6.59,7.28,6.662905198776758
20230724093000840,6.59,7.28,6.662905198776758
20230724093000850,6.59,7.28,6.662905198776758
20230724093000860,6.59,7.28,6.662905198776758
20230724093000870,6.59,7.28,6.662905198776758
20230724093000880,6.59,6.7,6.662480417754569
20230724093000890,6.59,6.7,6.662480417754569
20230724093000910,6.59,6.68,6.6633396946564885
20230724093000920,6.59,6.68,6.6633396946564885
20230724093001530,6.59,6.68,6.6633396946564885
20230724093001550,6.59,6.68,6.6633396946564885
20230724093001560,6.59,6.68,6.6633396946564885
20230724093001570,6.59,6.68,6.6633396946564885
20230724093001580,6.59,6.68,6.6633396946564885
20230724093001610,6.59,6.68,6.6633396946564885
20230724093001620,6.59,6.68,6.6633396946564885
20230724093001630,6.59,6.68,6.6633396946564885
20230724093001640,6.59,6.68,6.6633396946564885
20230724093001650,6.59,6.68,6.6633396946564885
20230724093001660,6.59,6.68,6.6633396946564885
20230724093001670,6.59,6.68,6.6633396946564885
20230724093001700,6.59,6.68,6.6633396946564885
20230724093001730,6.59,6.68,6.6633396946564885
20230724093001740,6.59,6.68,6.6633396946564885
20230724093001770,6.59,6.68,6.6633396946564885
20230724093001790,6.59,6.68,6.6633396946564885
20230724093001810,6.59,6.68,6.6633396946564885
20230724093001840,6.59,6.68,6.6633396946564885
20230724093001850,6.59,6.68,6.6633396946564885
20230724093001860,6.59,6.68,6.6633396946564885
20230724093001870,6.59,6.68,6.6633396946564885
20230724093001900,6.59,6.68,6.6633396946564885
20230724093001910,6.59,6.68,6.6633396946564885
20230724093001950,6.59,6.68,6.6633396946564885
20230724093001960,6.59,6.68,6.662122448979592
20230724093001970,6.59,6.68,6.662122448979592
20230724093001980,6.59,6.68,6.662122448979592
20230724093001990,6.59,6.68,6.662122448979592
20230724093002000,6.59,6.68,6.662122448979592
20230724093002010,6.59,6.68,6.662122448979592
20230724093002030,6.59,6.68,6.662122448979592
20230724093002050,6.59,6.68,6.662122448979592
20230724093002090,6.59,6.68,6.662122448979592
20230724093002100,6.59,6.68,6.662122448979592
20230724093002110,6.59,6.68,6.662122448979592
20230724093002170,6.59,6.68,6.662122448979592
20230724093002180,6.59,6.68,6.662122448979592
20230724093002190,6.59,6.68,6.662122448979592
20230724093002210,6.59,6.68,6.662122448979592
20230724093002220,6.59,6.68,6.662122448979592
20230724093002230,6.59,6.68,6.662122448979592
20230724093002240,6.59,6.68,6.662122448979592
20230724093002260,6.59,6.68,6.662122448979592
20230724093003460,6.59,6.68,6.662122448979592
20230724093003490,6.59,6.68,6.662122448979592
20230724093003500,6.59,6.68,6.662122448979592
20230724093003520,6.59,6.68,6.662122448979592
20230724093003530,6.59,6.68,6.662122448979592
20230724093003550,6.59,6.68,6.662122448979592
20230724093003560,6.59,6.68,6.662122448979592
20230724093003570,6.59,6.68,6.662122448979592
20230724093003620,6.59,6.68,6.662122448979592
20230724093003640,6.59,6.68,6.662122448979592
20230724093003650,6.59,6.68,6.662122448979592
20230724093003680,6.59,6.68,6.662122448979592
20230724093003700,6.59,6.68,6.662122448979592
20230724093003710,6.59,6.68,6.662122448979592
20230724093003740,6.59,6.68,6.662122448979592
20230724093003770,6.59,6.68,6.662122448979592
20230724093003780,6.59,6.68,6.662122448979592
20230724093003790,6.59,6.68,6.662122448979592
20230724093003820,6.59,6.68,6.662122448979592
20230724093003830,6.59,6.68,6.662122448979592
20230724093003840,6.59,6.68,6.662122448979592
20230724093003880,6.59,6.68,6.662122448979592
20230724093003930,6.59,6.68,6.662122448979592
20230724093003940,6.59,6.68,6.662122448979592
20230724093003960,6.59,6.68,6.66154802259887
20230724093003980,6.59,6.68,6.66154802259887
20230724093003990,6.59,6.68,6.66154802259887
20230724093004000,6.59,6.68,6.66154802259887
20230724093004020,6.59,6.68,6.66154802259887
20230724093004060,6.59,6.68,6.66154802259887
20230724093004120,6.59,6.68,6.66154802259887
20230724093004130,6.65,6.68,6.657565071368598
20230724093004140,6.65,6.68,6.657565071368598
20230724093004150,6.65,6.68,6.657565071368598
20230724093004160,6.65,6.68,6.657558724832215
20230724093004210,6.65,6.68,6.657558724832215
20230724093004220,6.65,6.68,6.657552388935457
20230724093004260,6.65,6.68,6.657552388935457
20230724093004280,6.65,6.68,6.657552388935457
20230724093004300,6.65,6.68,6.657307380373074
20230724093004330,6.65,6.68,6.657307380373074
20230724093004410,6.65,6.68,6.657307380373074
20230724093004420,6.65,6.68,6.657307380373074
20230724093004430,6.65,6.68,6.657248592115849
20230724093004440,6.65,6.68,6.657248592115849
20230724093004460,6.65,6.68,6.657248592115849
20230724093004490,6.65,6.68,6.657248592115849
20230724093004510,6.65,6.68,6.6572427652733115
20230724093004560,6.65,6.68,6.6572427652733115
20230724093004580,6.65,6.68,6.6572427652733115
20230724093004750,6.65,6.68,6.657225340817963
20230724093004760,6.65,6.68,6.657219551282052
20230724093007440,6.65,6.68,6.657219551282052
20230724093007800,6.65,6.68,6.657219551282052
20230724093008070,6.64,6.68,6.657219551282052
20230724093008390,6.64,6.68,6.657219551282052
20230724093008420,6.65,6.68,6.657219551282052
20230724093008550,6.65,6.68,6.657219551282052
20230724093008680,6.64,6.68,6.657219551282052
20230724093008690,6.64,6.68,6.657219551282052
20230724093008720,6.64,6.68,6.657219551282052
20230724093008960,6.64,6.68,6.657219551282052
20230724093009190,6.64,6.68,6.657219551282052
20230724093009210,6.64,6.68,6.657219551282052
20230724093009230,6.64,6.68,6.657219551282052
20230724093009420,6.64,6.68,6.657219551282052
20230724093010100,6.64,6.68,6.657219551282052
20230724093010130,6.64,6.68,6.657219551282052
20230724093010290,6.64,6.68,6.657219551282052
20230724093013730,6.64,6.68,6.657219551282052
20230724093013770,6.64,6.68,6.657219551282052
20230724093014620,6.64,6.68,6.657219551282052
20230724093015020,6.64,6.68,6.657219551282052
20230724093015250,6.64,6.68,6.657219551282052
20230724093017830,6.64,6.68,6.657219551282052
20230724093020600,6.64,6.68,6.657219551282052
20230724093020930,6.64,6.68,6.657219551282052
20230724093020950,6.64,6.68,6.657219551282052
20230724093021140,6.64,6.68,6.657219551282052
20230724093021150,6.64,6.68,6.657219551282052
20230724093021230,6.64,6.68,6.657219551282052
20230724093021290,6.63,6.68,6.657219551282052
20230724093022990,6.63,6.68,6.657219551282052
20230724093023460,6.63,6.68,6.657219551282052
20230724093023550,6.63,6.68,6.657219551282052
20230724093023980,6.62,6.68,6.657219551282052
20230724093025770,6.62,6.68,6.657219551282052
20230724093026150,6.62,6.68,6.657219551282052
20230724093026560,6.62,6.68,6.657219551282052
20230724093026590,6.62,6.68,6.657219551282052
20230724093026700,6.62,6.68,6.657219551282052
20230724093028260,6.62,6.68,6.657219551282052
20230724093028330,6.63,6.68,6.657219551282052
20230724093028350,6.64,6.68,6.657219551282052
20230724093028870,6.64,6.68,6.657219551282052
20230724093028950,6.64,6.68,6.657219551282052
20230724093029410,6.64,6.68,6.657219551282052
20230724093031070,6.64,6.68,6.657219551282052
20230724093031340,6.64,6.68,6.657219551282052
20230724093031440,6.64,6.61,6.657219551282052
20230724093031900,6.64,6.61,6.657219551282052
20230724093032090,6.64,6.61,6.64978273989137
20230724093033610,6.64,6.61,6.64978273989137
20230724093033700,6.64,6.61,6.64978273989137
20230724093034010,6.64,6.62,6.64978273989137
20230724093034070,6.64,6.62,6.64978273989137
20230724093034080,6.64,6.62,6.64978273989137
20230724093034120,6.64,6.62,6.64978273989137
20230724093034190,6.64,6.62,6.64978273989137
20230724093034250,6.64,6.62,6.64978273989137
20230724093034510,6.64,6.62,6.64978273989137
20230724093034640,6.64,6.62,6.64978273989137
20230724093034820,6.64,6.62,6.64978273989137
20230724093036510,6.64,6.62,6.64978273989137
20230724093036650,6.64,6.62,6.64978273989137
20230724093036690,6.64,6.62,6.64978273989137
20230724093036770,6.64,6.62,6.64978273989137
20230724093037000,6.64,6.62,6.64978273989137
20230724093037060,6.64,6.62,6.64978273989137
20230724093037070,6.64,6.62,6.64978273989137
20230724093037080,6.63,6.62,6.64978273989137
20230724093037090,6.63,6.62,6.64978273989137
20230724093037100,6.63,6.62,6.64978273989137
20230724093037130,6.63,6.62,6.64978273989137
20230724093037150,6.63,6.62,6.64978273989137
20230724093037260,6.63,6.62,6.64978273989137
20230724093037360,6.63,6.62,6.64978273989137
20230724093037460,6.63,6.62,6.64978273989137
20230724093037540,6.63,6.62,6.64978273989137
20230724093039510,6.63,6.62,6.647968149368479
20230724093039550,6.63,6.62,6.647906849315069
20230724093039720,6.63,6.62,6.647780195865071
20230724093040110,6.62,6.61,6.646718995290424
20230724093040180,6.62,6.61,6.646718995290424
20230724093040250,6.62,6.61,6.646718995290424
20230724093042070,6.62,6.61,6.646322846828262
20230724093042390,6.62,6.61,6.646322846828262
20230724093042610,6.62,6.61,6.646322846828262
20230724093042690,6.62,6.61,6.6463092783505155
20230724093044740,6.62,6.61,6.6463092783505155
20230724093045230,6.63,6.61,6.641718417694598
20230724093045240,6.63,6.61,6.641718417694598
20230724093045290,6.63,6.61,6.641718417694598
20230724093045340,6.63,6.61,6.641718417694598
20230724093045380,6.63,6.61,6.641718417694598
20230724093045510,6.63,6.61,6.641718417694598
20230724093045640,6.63,6.61,6.641718417694598
20230724093047160,6.63,6.62,6.641718417694598
20230724093047670,6.63,6.62,6.641718417694598
20230724093048030,6.63,6.62,6.641718417694598
20230724093048140,6.63,6.62,6.641718417694598
20230724093048210,6.63,6.62,6.641718417694598
20230724093049780,6.63,6.62,6.641151811151811
20230724093049830,6.63,6.62,6.641151811151811
20230724093050090,6.63,6.61,6.639156943921717
20230724093050100,6.63,6.61,6.639156943921717
20230724093050430,6.62,6.61,6.639156943921717
20230724093050440,6.62,6.61,6.639156943921717
20230724093050450,6.62,6.61,6.638885160328114
20230724093050550,6.62,6.61,6.638885160328114
20230724093050660,6.62,6.61,6.638885160328114
20230724093050850,6.62,6.61,6.638885160328114
20230724093050970,6.62,6.61,6.638885160328114
20230724093051050,6.62,6.61,6.638885160328114
20230724093053020,6.62,6.61,6.638885160328114
20230724093053120,6.62,6.61,6.638885160328114
20230724093053150,6.62,6.61,6.638885160328114
20230724093053250,6.62,6.61,6.638885160328114
20230724093053290,6.62,6.61,6.638885160328114
20230724093053440,6.62,6.61,6.638885160328114
20230724093053710,6.62,6.61,6.638885160328114
20230724093055200,6.62,6.61,6.638885160328114
20230724093055240,6.62,6.61,6.638885160328114
20230724093055310,6.62,6.61,6.638885160328114
20230724093055610,6.62,6.61,6.63853953147877
20230724093055660,6.62,6.61,6.63853953147877
20230724093055680,6.62,6.61,6.63853953147877
20230724093056220,6.62,6.61,6.63853953147877
20230724093057910,6.62,6.61,6.63853953147877
20230724093058700,6.62,6.61,6.63853953147877
20230724093058800,6.62,6.61,6.638532747896085
20230724093058810,6.62,6.61,6.638438296323262
20230724093059090,6.62,6.61,6.638438296323262
20230724093101050,6.62,6.61,6.638438296323262
20230724093101070,6.62,6.62,6.638438296323262
20230724093101080,6.62,6.62,6.638438296323262
20230724093101240,6.62,6.62,6.638438296323262
20230724093101250,6.62,6.62,6.638438296323262
20230724093101260,6.62,6.62,6.638438296323262
20230724093101290,6.62,6.62,6.638438296323262
20230724093101460,6.62,6.61,6.637737430167598
20230724093101480,6.62,6.61,6.637737430167598
20230724093101520,6.62,6.62,6.637737430167598
20230724093101810,6.62,6.62,6.637737430167598
20230724093103280,6.62,6.61,6.637737430167598
20230724093103420,6.62,6.62,6.637737430167598
20230724093103440,6.62,6.61,6.637737430167598
20230724093103550,6.62,6.61,6.637737430167598
20230724093103590,6.62,6.61,6.637737430167598
20230724093103730,6.62,6.61,6.637737430167598
20230724093104080,6.62,6.62,6.637737430167598
20230724093104140,6.62,6.62,6.637737430167598
20230724093105990,6.62,6.62,6.637737430167598
20230724093106050,6.62,6.62,6.637737430167598
20230724093106070,6.62,6.62,6.637737430167598
20230724093106080,6.62,6.62,6.637737430167598
20230724093106160,6.62,6.62,6.637737430167598
20230724093106170,6.62,6.62,6.637737430167598
20230724093106350,6.62,6.62,6.637737430167598
20230724093106550,6.62,6.62,6.637737430167598
20230724093106600,6.62,6.62,6.637737430167598
20230724093106850,6.62,6.62,6.637737430167598
20230724093107070,6.62,6.62,6.637139001349528
20230724093107080,6.62,6.62,6.637139001349528
20230724093107120,6.62,6.62,6.637139001349528
20230724093107150,6.62,6.62,6.637139001349528
20230724093107200,6.62,6.62,6.637139001349528
20230724093107230,6.62,6.62,6.637139001349528
20230724093108690,6.62,6.62,6.637139001349528
20230724093108710,6.62,6.62,6.637139001349528
20230724093108910,6.63,6.61,6.636329154612665
20230724093109110,6.63,6.61,6.636329154612665
20230724093109310,6.63,6.61,6.636329154612665
20230724093109640,6.63,6.62,6.636329154612665
20230724093109650,6.63,6.62,6.636329154612665
20230724093109680,6.63,6.62,6.636329154612665
20230724093109690,6.63,6.62,6.636329154612665
20230724093109720,6.63,6.62,6.636329154612665
20230724093109760,6.63,6.62,6.636329154612665
20230724093109770,6.63,6.62,6.636329154612665
20230724093109780,6.63,6.62,6.636329154612665
20230724093109860,6.63,6.62,6.636329154612665
20230724093111410,6.63,6.62,6.636329154612665
20230724093111420,6.63,6.62,6.636329154612665
20230724093111430,6.63,6.62,6.636329154612665
20230724093111720,6.62,6.62,6.636329154612665
20230724093112100,6.62,6.62,6.636329154612665
20230724093112200,6.62,6.62,6.636329154612665
20230724093112240,6.62,6.62,6.636329154612665
20230724093112260,6.62,6.62,6.63606713109563
20230724093112550,6.62,6.62,6.63606713109563
20230724093114080,6.62,6.62,6.63606713109563
20230724093114090,6.62,6.62,6.63606713109563
20230724093114130,6.62,6.62,6.63606713109563
20230724093114270,6.62,6.62,6.63606713109563
20230724093114430,6.62,6.62,6.63606713109563
20230724093114520,6.62,6.62,6.636046805819102
20230724093114860,6.62,6.62,6.636046805819102
20230724093115260,6.62,6.62,6.636046805819102
20230724093116960,6.62,6.62,6.636046805819102
20230724093116970,6.62,6.62,6.636046805819102
20230724093117100,6.62,6.62,6.636046805819102
20230724093117700,6.62,6.62,6.636046805819102
20230724093117820,6.62,6.62,6.636046805819102
20230724093117850,6.62,6.62,6.636046805819102
20230724093117920,6.62,6.62,6.636046805819102
20230724093120160,6.62,6.62,6.636046805819102
20230724093120220,6.62,6.62,6.636046805819102
20230724093120360,6.62,6.62,6.636046805819102
20230724093120710,6.62,6.62,6.636046805819102
20230724093122470,6.62,6.62,6.636046805819102
20230724093123330,6.62,6.62,6.636046805819102
20230724093125120,6.62,6.62,6.636046805819102
20230724093125210,6.62,6.62,6.636046805819102
20230724093125350,6.62,6.62,6.636046805819102
20230724093125470,6.62,6.62,6.636046805819102
20230724093125580,6.62,6.62,6.636046805819102
20230724093125800,6.62,6.62,6.636046805819102
20230724093125840,6.62,6.62,6.636046805819102
20230724093125940,6.62,6.62,6.636046805819102
20230724093127870,6.62,6.62,6.636046805819102
20230724093127890,6.62,6.62,6.636046805819102
20230724093128110,6.62,6.62,6.636046805819102
20230724093128120,6.62,6.62,6.636046805819102
20230724093128130,6.62,6.62,6.636046805819102
20230724093128140,6.62,6.62,6.636046805819102
20230724093128160,6.62,6.62,6.636046805819102
20230724093128250,6.62,6.62,6.636046805819102
20230724093128340,6.62,6.61,6.636046805819102
20230724093128750,6.62,6.61,6.636046805819102
20230724093128820,6.62,6.61,6.636046805819102
20230724093130320,6.62,6.61,6.636046805819102
20230724093130340,6.62,6.62,6.636046805819102
20230724093130350,6.62,6.62,6.636046805819102
20230724093130420,6.62,6.62,6.636046805819102
20230724093130570,6.62,6.62,6.636046805819102
20230724093131110,6.62,6.61,6.636046805819102
20230724093131120,6.62,6.62,6.636046805819102
20230724093131130,6.62,6.62,6.636046805819102
20230724093131180,6.62,6.62,6.636046805819102
20230724093131190,6.62,6.62,6.636046805819102
20230724093131250,6.62,6.62,6.636046805819102
20230724093131340,6.62,6.62,6.636046805819102
20230724093131460,6.62,6.61,6.634778353483017
20230724093131510,6.62,6.61,6.634778353483017
20230724093133290,6.62,6.61,6.634778353483017
20230724093133310,6.62,6.61,6.634778353483017
20230724093133360,6.62,6.62,6.634778353483017
20230724093133370,6.62,6.62,6.634778353483017
20230724093133420,6.62,6.62,6.634778353483017
20230724093133430,6.62,6.62,6.634778353483017
20230724093133450,6.62,6.62,6.634778353483017
20230724093133600,6.62,6.62,6.634778353483017
20230724093133620,6.62,6.62,6.634778353483017
20230724093133630,6.62,6.62,6.634778353483017
20230724093133920,6.62,6.62,6.634778353483017
20230724093133960,6.62,6.62,6.634778353483017
20230724093134130,6.62,6.62,6.634778353483017
20230724093135850,6.62,6.62,6.634778353483017
20230724093135870,6.62,6.62,6.634778353483017
20230724093135890,6.62,6.62,6.634778353483017
20230724093136110,6.62,6.62,6.634778353483017
20230724093136170,6.62,6.62,6.634778353483017
20230724093136200,6.62,6.62,6.634778353483017
20230724093136210,6.62,6.62,6.634778353483017
20230724093136220,6.62,6.62,6.634778353483017
20230724093136230,6.62,6.62,6.634778353483017
20230724093136290,6.62,6.62,6.634778353483017
20230724093136400,6.62,6.62,6.634778353483017
20230724093136440,6.62,6.62,6.634778353483017
20230724093136470,6.62,6.62,6.634778353483017
20230724093136560,6.62,6.62,6.634778353483017
20230724093136750,6.62,6.62,6.634778353483017
20230724093136920,6.62,6.62,6.634778353483017
20230724093136940,6.62,6.62,6.634778353483017
20230724093138660,6.62,6.62,6.634778353483017
20230724093138680,6.62,6.62,6.634778353483017
20230724093138810,6.62,6.62,6.634778353483017
20230724093138990,6.62,6.62,6.634778353483017
20230724093139010,6.62,6.62,6.634778353483017
20230724093139160,6.62,6.62,6.634778353483017
20230724093141090,6.62,6.62,6.634778353483017
20230724093141290,6.62,6.62,6.634778353483017
20230724093141440,6.62,6.62,6.634778353483017
20230724093141470,6.62,6.62,6.634778353483017
20230724093141480,6.62,6.62,6.634778353483017
20230724093141520,6.62,6.62,6.634778353483017
20230724093142150,6.62,6.62,6.634778353483017
20230724093144150,6.62,6.62,6.634778353483017
20230724093144360,6.62,6.62,6.634778353483017
20230724093144460,6.62,6.62,6.634778353483017
20230724093144550,6.62,6.62,6.634778353483017
20230724093146810,6.62,6.62,6.634778353483017
20230724093146970,6.62,6.62,6.634778353483017
20230724093147500,6.62,6.62,6.634778353483017
20230724093147560,6.62,6.62,6.634778353483017
20230724093149630,6.62,6.62,6.634778353483017
20230724093150030,6.62,6.62,6.634778353483017
20230724093150080,6.62,6.62,6.634778353483017
20230724093152080,6.62,6.62,6.633761980830671
20230724093152110,6.62,6.62,6.633747340425532
20230724093152240,6.62,6.62,6.633747340425532
20230724093152330,6.62,6.62,6.633747340425532
20230724093152830,6.62,6.62,6.633747340425532
20230724093153120,6.62,6.62,6.633747340425532
20230724093154740,6.62,6.62,6.633747340425532
20230724093154890,6.63,6.62,6.633617458279846
20230724093155120,6.63,6.62,6.633617458279846
20230724093155130,6.63,6.62,6.633617458279846
20230724093155140,6.63,6.62,6.633479871573228
20230724093155170,6.63,6.62,6.633479871573228
20230724093155190,6.63,6.62,6.633473969898841
20230724093155250,6.63,6.62,6.633457760314342
20230724093155520,6.63,6.62,6.633457760314342
20230724093155700,6.63,6.62,6.633450980392157
20230724093157300,6.63,6.62,6.633450980392157
20230724093157480,6.63,6.62,6.633450980392157
20230724093157780,6.63,6.62,6.633450980392157
20230724093157790,6.63,6.62,6.633450980392157
20230724093158150,6.63,6.62,6.633450980392157
20230724093158180,6.63,6.62,6.633450980392157
20230724093200120,6.63,6.62,6.633450980392157
20230724093200260,6.63,6.62,6.633450980392157
20230724093200330,6.63,6.62,6.633450980392157
20230724093200510,6.63,6.62,6.633450980392157
20230724093200830,6.63,6.62,6.633450980392157
20230724093200860,6.63,6.62,6.633450980392157
20230724093201090,6.63,6.62,6.633450980392157
20230724093202820,6.63,6.62,6.633450980392157
20230724093202830,6.63,6.62,6.633450980392157
20230724093202930,6.63,6.62,6.633450980392157
20230724093203210,6.63,6.62,6.633450980392157
20230724093203260,6.64,6.62,6.633258854290468
20230724093203420,6.64,6.62,6.633258854290468
20230724093203450,6.64,6.62,6.633258854290468
20230724093205840,6.64,6.62,6.633258854290468
20230724093205910,6.64,6.62,6.633258854290468
20230724093206440,6.64,6.62,6.633258854290468
20230724093206500,6.64,6.62,6.633258854290468
20230724093208070,6.64,6.62,6.633258854290468
20230724093208170,6.64,6.62,6.633258854290468
20230724093208200,6.64,6.62,6.633258854290468
20230724093208250,6.64,6.62,6.633258854290468
20230724093208440,6.64,6.62,6.633258854290468
20230724093208490,6.63,6.62,6.633258854290468
20230724093208620,6.63,6.62,6.633258854290468
20230724093209320,6.63,6.62,6.633258854290468
20230724093211020,6.63,6.62,6.633258854290468
20230724093211220,6.63,6.62,6.633258854290468
20230724093211970,6.63,6.62,6.633258854290468
20230724093213480,6.63,6.62,6.633258854290468
20230724093213530,6.63,6.62,6.633258854290468
20230724093213670,6.63,6.62,6.633258854290468
20230724093213850,6.63,6.62,6.633258854290468
20230724093214210,6.63,6.62,6.633258854290468
20230724093214550,6.63,6.62,6.633258854290468
20230724093214620,6.63,6.62,6.631970370370371
20230724093214650,6.63,6.62,6.631970370370371
20230724093216210,6.63,6.62,6.631970370370371
20230724093216270,6.63,6.62,6.631970370370371
20230724093216800,6.63,6.62,6.631970370370371
20230724093217420,6.63,6.62,6.631970370370371
20230724093218940,6.63,6.62,6.631970370370371
20230724093219370,6.63,6.62,6.631970370370371
20230724093219390,6.63,6.62,6.631970370370371
20230724093219410,6.63,6.62,6.631970370370371
20230724093219750,6.63,6.62,6.631970370370371
20230724093221640,6.63,6.62,6.631970370370371
20230724093221980,6.63,6.61,6.631716711534479
20230724093222120,6.63,6.61,6.631716711534479
20230724093222190,6.63,6.61,6.63154693877551
20230724093222230,6.63,6.62,6.63154693877551
20230724093222260,6.63,6.62,6.63154693877551
20230724093222670,6.63,6.62,6.63154693877551
20230724093224290,6.64,6.62,6.631529767911201
20230724093224310,6.64,6.62,6.631529767911201
20230724093224340,6.64,6.62,6.631528842275111
20230724093224350,6.64,6.62,6.631524844095756
20230724093224480,6.64,6.62,6.6315245374094935
20230724093224890,6.63,6.62,6.6315245374094935
20230724093224940,6.63,6.62,6.6315245374094935
20230724093224950,6.63,6.62,6.6315245374094935
20230724093225060,6.63,6.62,6.631524230846572
20230724093225070,6.63,6.62,6.631524230846572
20230724093225080,6.63,6.62,6.631524230846572
20230724093225260,6.63,6.62,6.631524230846572
20230724093225410,6.63,6.62,6.631524230846572
20230724093227120,6.63,6.62,6.631524230846572
20230724093227170,6.63,6.62,6.631524230846572
20230724093227470,6.63,6.62,6.631524230846572
20230724093227960,6.63,6.61,6.631226083561109
20230724093228020,6.63,6.61,6.631226083561109
20230724093228070,6.63,6.61,6.631226083561109
20230724093228110,6.63,6.61,6.631226083561109
20230724093228140,6.63,6.61,6.631226083561109
20230724093228170,6.63,6.61,6.631226083561109
20230724093228200,6.63,6.61,6.631226083561109
20230724093229790,6.63,6.62,6.631226083561109
20230724093230070,6.63,6.62,6.631226083561109
20230724093230120,6.63,6.62,6.631226083561109
20230724093230130,6.63,6.62,6.631226083561109
20230724093230600,6.63,6.62,6.631226083561109
20230724093230730,6.63,6.62,6.631226083561109
20230724093230800,6.63,6.62,6.631226083561109
20230724093232930,6.63,6.62,6.631226083561109
20230724093233280,6.63,6.62,6.631226083561109
20230724093233400,6.63,6.62,6.631226083561109
20230724093233460,6.63,6.62,6.631226083561109
20230724093235610,6.63,6.62,6.631226083561109
20230724093236310,6.63,6.62,6.631226083561109
20230724093237820,6.63,6.62,6.631226083561109
20230724093238090,6.63,6.62,6.631226083561109
20230724093238620,6.63,6.62,6.631226083561109
20230724093238820,6.63,6.62,6.631226083561109
20230724093239000,6.63,6.62,6.631226083561109
20230724093239040,6.63,6.62,6.631226083561109
20230724093240750,6.63,6.62,6.631226083561109
20230724093241060,6.63,6.62,6.631226083561109
20230724093241220,6.63,6.62,6.631226083561109
20230724093241390,6.63,6.62,6.631226083561109
20230724093243310,6.63,6.62,6.631226083561109
20230724093243380,6.63,6.62,6.631226083561109
20230724093243580,6.63,6.62,6.631226083561109
20230724093243780,6.63,6.62,6.631226083561109
20230724093243880,6.63,6.62,6.630919324577861
20230724093243920,6.63,6.62,6.630919324577861
20230724093243990,6.63,6.62,6.630910780669145
20230724093244020,6.63,6.62,6.630910780669145
20230724093244210,6.63,6.62,6.63091044221479
20230724093246080,6.64,6.63,6.630893019865136
20230724093246090,6.64,6.63,6.6308849557522125
20230724093246100,6.64,6.63,6.6308849557522125
20230724093246170,6.64,6.63,6.6308846362159235
20230724093246190,6.64,6.63,6.6308846362159235
20230724093246200,6.64,6.63,6.630883201153569
20230724093246260,6.64,6.63,6.630883201153569
20230724093246290,6.64,6.63,6.630883041989548
20230724093247060,6.64,6.63,6.630883041989548
20230724093247080,6.64,6.63,6.630883041989548
20230724093248680,6.64,6.63,6.630883041989548
20230724093248690,6.64,6.63,6.630883041989548
20230724093248740,6.64,6.63,6.630883041989548
20230724093248770,6.64,6.63,6.630883041989548
20230724093248810,6.64,6.63,6.630883041989548
20230724093249070,6.64,6.63,6.630882723833544
20230724093249210,6.64,6.63,6.630882723833544
20230724093249490,6.64,6.63,6.630882723833544
20230724093249510,6.64,6.63,6.630882723833544
20230724093251380,6.64,6.63,6.630882723833544
20230724093251390,6.64,6.63,6.630882723833544
20230724093251540,6.64,6.63,6.630882723833544
20230724093251570,6.64,6.63,6.630882723833544
20230724093251590,6.64,6.63,6.630889967637541
20230724093251770,6.64,6.63,6.630889967637541
20230724093251830,6.64,6.63,6.630888211017405
20230724093252080,6.64,6.63,6.630887573964497
20230724093252090,6.64,6.63,6.6308851931330475
20230724093252150,6.63,6.63,6.630884402358406
20230724093252160,6.64,6.63,6.63088424437299
20230724093252170,6.64,6.63,6.6308840864440075
20230724093252180,6.64,6.63,6.6308839285714285
20230724093254090,6.64,6.63,6.6308839285714285
20230724093254160,6.64,6.63,6.6308839285714285
20230724093254320,6.64,6.63,6.6308839285714285
20230724093254400,6.64,6.63,6.6308839285714285
20230724093254890,6.64,6.63,6.6308839285714285
20230724093255070,6.64,6.63,6.6308839285714285
20230724093255080,6.64,6.63,6.63088329764454
20230724093255100,6.64,6.63,6.630883140053523
20230724093257330,6.64,6.63,6.630883140053523
20230724093257340,6.63,6.63,6.630883140053523
20230724093257670,6.63,6.63,6.630883140053523
20230724093257680,6.64,6.63,6.630883140053523
20230724093257800,6.64,6.63,6.630883140053523
20230724093259560,6.64,6.62,6.630883140053523
20230724093259580,6.64,6.62,6.631005382878972
20230724093300210,6.64,6.62,6.631005382878972
20230724093300220,6.64,6.62,6.631005382878972
20230724093300280,6.64,6.62,6.631005382878972
20230724093302180,6.64,6.62,6.631005382878972
20230724093302260,6.64,6.62,6.631005382878972
20230724093302330,6.64,6.62,6.631005382878972
20230724093302340,6.64,6.62,6.631005382878972
20230724093302930,6.64,6.62,6.631005382878972
20230724093303080,6.63,6.62,6.631005382878972
20230724093303310,6.63,6.62,6.631005382878972
20230724093304930,6.63,6.62,6.631000865800866
20230724093304940,6.63,6.62,6.630998961218837
20230724093304990,6.64,6.62,6.630998961218837
20230724093305760,6.64,6.62,6.630998961218837
20230724093305860,6.63,6.62,6.630998961218837
20230724093305940,6.63,6.62,6.630998961218837
20230724093305990,6.63,6.62,6.630998961218837
20230724093307820,6.63,6.62,6.630998961218837
20230724093307980,6.63,6.62,6.630998961218837
20230724093308030,6.63,6.62,6.630998961218837
20230724093308050,6.63,6.62,6.630998961218837
20230724093308120,6.63,6.62,6.630998961218837
20230724093308530,6.63,6.62,6.630998961218837
20230724093308640,6.63,6.62,6.630998961218837
20230724093310180,6.63,6.62,6.630998961218837
20230724093310190,6.63,6.62,6.630998961218837
20230724093310530,6.63,6.62,6.630998961218837
20230724093310870,6.63,6.62,6.630998961218837
20230724093311180,6.63,6.62,6.630998961218837
20230724093311230,6.63,6.62,6.630998961218837
20230724093311260,6.63,6.62,6.630998961218837
20230724093313090,6.63,6.62,6.630998961218837
20230724093313140,6.63,6.62,6.630998961218837
20230724093313550,6.63,6.62,6.630998961218837
20230724093313680,6.63,6.62,6.630998961218837
20230724093313770,6.63,6.62,6.630998961218837
20230724093313830,6.63,6.62,6.630998961218837
20230724093315580,6.63,6.62,6.630998961218837
20230724093316120,6.63,6.62,6.630998961218837
20230724093316130,6.63,6.62,6.630998961218837
20230724093316140,6.63,6.62,6.630998961218837
20230724093316210,6.63,6.62,6.630998961218837
20230724093316340,6.63,6.62,6.630998961218837
20230724093316440,6.63,6.62,6.630998961218837
20230724093316670,6.63,6.62,6.630998961218837
20230724093318740,6.63,6.62,6.630995514147688
20230724093318920,6.63,6.62,6.630995514147688
20230724093321000,6.63,6.62,6.630995514147688
20230724093321510,6.63,6.62,6.630995514147688
20230724093321900,6.63,6.62,6.630995514147688
20230724093321990,6.63,6.62,6.630995514147688
20230724093322220,6.63,6.62,6.630995514147688
20230724093323900,6.63,6.62,6.630991749742179
20230724093324140,6.63,6.62,6.630991749742179
20230724093324240,6.63,6.62,6.630991749742179
20230724093324290,6.63,6.62,6.630988352175403
20230724093324750,6.63,6.62,6.630988352175403
20230724093324770,6.63,6.62,6.630988352175403
20230724093326380,6.63,6.62,6.630988352175403
20230724093326410,6.63,6.62,6.630988352175403
20230724093326590,6.63,6.62,6.630988352175403
20230724093327050,6.63,6.62,6.630988352175403
20230724093327260,6.63,6.62,6.630988352175403
20230724093327300,6.63,6.62,6.630988352175403
20230724093329160,6.63,6.62,6.630978949169947
20230724093329320,6.63,6.62,6.630978949169947
20230724093329340,6.63,6.62,6.630978949169947
20230724093329550,6.63,6.62,6.630949539720422
20230724093329710,6.63,6.62,6.630949539720422
20230724093329940,6.63,6.61,6.630389778424713
20230724093329980,6.63,6.62,6.630389778424713
20230724093330190,6.63,6.62,6.630389778424713
20230724093330220,6.63,6.62,6.630389778424713
20230724093330240,6.63,6.62,6.630389778424713
20230724093330270,6.63,6.62,6.630389778424713
20230724093330330,6.63,6.62,6.630389778424713
20230724093332090,6.63,6.62,6.630389778424713
20230724093332530,6.63,6.62,6.630389778424713
20230724093332800,6.63,6.62,6.630389778424713
20230724093332860,6.63,6.62,6.630389778424713
20230724093332880,6.63,6.62,6.630389778424713
20230724093334780,6.63,6.62,6.630389778424713
20230724093335110,6.63,6.62,6.630383994837044
20230724093335250,6.63,6.62,6.630383994837044
20230724093335340,6.63,6.62,6.630383994837044
20230724093337480,6.63,6.62,6.630383994837044
20230724093337730,6.63,6.62,6.630383994837044
20230724093337780,6.63,6.62,6.630383994837044
20230724093337980,6.63,6.62,6.630383994837044
20230724093338310,6.63,6.62,6.630383994837044
20230724093340070,6.63,6.62,6.630383994837044
20230724093340890,6.63,6.62,6.630383994837044
20230724093341010,6.63,6.62,6.630383994837044
20230724093341110,6.63,6.62,6.630383994837044
20230724093342980,6.63,6.62,6.630383994837044
20230724093342990,6.63,6.62,6.630383994837044
20230724093343070,6.63,6.62,6.630383994837044
20230724093343640,6.63,6.62,6.630383994837044
20230724093343680,6.63,6.62,6.630383994837044
20230724093343730,6.63,6.62,6.630375322164949
20230724093345650,6.63,6.62,6.630375322164949
20230724093345760,6.63,6.62,6.6303698999841245
20230724093346120,6.63,6.62,6.6303698999841245
20230724093346130,6.63,6.62,6.6303698999841245
20230724093348240,6.63,6.62,6.6303698999841245
20230724093348640,6.63,6.62,6.6303698999841245
20230724093348700,6.63,6.62,6.6303698999841245
20230724093348780,6.63,6.62,6.6303698999841245
20230724093348800,6.63,6.62,6.6303698999841245
20230724093349070,6.63,6.62,6.6303698999841245
20230724093349110,6.63,6.62,6.6303698999841245
20230724093349200,6.63,6.62,6.6303698999841245
20230724093350780,6.63,6.62,6.6303698999841245
20230724093350800,6.63,6.62,6.6303698999841245
20230724093353520,6.63,6.62,6.6303698999841245
20230724093353590,6.63,6.62,6.630201363073111
20230724093353680,6.63,6.62,6.630187161639598
20230724093354090,6.63,6.62,6.630182239382239
20230724093354510,6.63,6.62,6.630182239382239
20230724093356120,6.63,6.62,6.630182239382239
20230724093356280,6.63,6.62,6.630182239382239
20230724093357330,6.63,6.62,6.630182211241507
20230724093358800,6.63,6.62,6.630182211241507
20230724093359060,6.63,6.62,6.630182211241507
20230724093359270,6.63,6.62,6.630182211241507
20230724093359760,6.63,6.62,6.630182211241507
20230724093401830,6.63,6.62,6.630182211241507
20230724093402250,6.63,6.62,6.630182098765432
20230724093404190,6.63,6.62,6.630182098765432
20230724093404410,6.63,6.62,6.630182098765432
20230724093404430,6.63,6.62,6.630182098765432
20230724093404450,6.63,6.62,6.630182098765432
20230724093404490,6.63,6.62,6.630182098765432
20230724093404910,6.63,6.62,6.630182098765432
20230724093404970,6.63,6.62,6.630182098765432
20230724093405420,6.63,6.62,6.63006099420555
20230724093407250,6.63,6.62,6.63006099420555
20230724093407470,6.63,6.62,6.63006099420555
20230724093407630,6.63,6.62,6.63006099420555
20230724093407760,6.63,6.62,6.63006099420555
20230724093407820,6.63,6.62,6.63006099420555
20230724093408050,6.63,6.62,6.63006099420555
20230724093409670,6.63,6.62,6.63006099420555
20230724093410330,6.63,6.62,6.63006099420555
20230724093412340,6.63,6.62,6.63006099420555
20230724093413010,6.63,6.62,6.63006099420555
20230724093413130,6.63,6.62,6.63006099420555
20230724093413260,6.63,6.62,6.63006099420555
20230724093413270,6.63,6.62,6.63006099420555
20230724093415070,6.63,6.62,6.63006099420555
20230724093415840,6.63,6.62,6.63006099420555
20230724093415960,6.63,6.62,6.63006099420555
20230724093417950,6.63,6.62,6.63006099420555
20230724093418210,6.63,6.62,6.63006099420555
20230724093418240,6.63,6.62,6.63006099420555
20230724093418460,6.63,6.62,6.63006099420555
20230724093418530,6.63,6.62,6.63006099420555
20230724093418810,6.63,6.62,6.63006099420555
20230724093418820,6.63,6.62,6.63006099420555
20230724093420390,6.63,6.62,6.63006099420555
20230724093420740,6.63,6.62,6.63006099420555
20230724093420860,6.63,6.62,6.63006099420555
20230724093421190,6.63,6.62,6.63006099420555
20230724093421440,6.63,6.62,6.63006099420555
20230724093423110,6.63,6.62,6.63006099420555
20230724093423330,6.63,6.62,6.63006099420555
20230724093423580,6.63,6.62,6.63006099420555
20230724093423700,6.63,6.62,6.63006099420555
20230724093424060,6.63,6.62,6.63006099420555
20230724093424130,6.63,6.62,6.63006099420555
20230724093424180,6.63,6.62,6.63006099420555
20230724093424230,6.63,6.62,6.63006099420555
20230724093424240,6.63,6.62,6.63006099420555
20230724093424320,6.63,6.62,6.63006099420555
20230724093426000,6.63,6.62,6.63006099420555
20230724093426110,6.63,6.62,6.63006099420555
20230724093426360,6.63,6.62,6.63006099420555
20230724093426440,6.63,6.62,6.63006099420555
20230724093426620,6.63,6.62,6.63006099420555
20230724093429240,6.63,6.62,6.629989459418762
20230724093429350,6.63,6.62,6.629989459418762
20230724093431170,6.63,6.62,6.629989459418762
20230724093431200,6.63,6.62,6.629989459418762
20230724093431210,6.63,6.61,6.629126547455296
20230724093431220,6.62,6.61,6.629126547455296
20230724093431240,6.62,6.61,6.629126547455296
20230724093431260,6.62,6.61,6.629126547455296
20230724093431420,6.62,6.61,6.629126547455296
20230724093431430,6.62,6.61,6.628845487268364
20230724093431440,6.62,6.61,6.628845487268364
20230724093431450,6.62,6.61,6.628845487268364
20230724093431690,6.62,6.61,6.628845487268364
20230724093431830,6.62,6.61,6.628829008649368
20230724093431950,6.62,6.61,6.628829008649368
20230724093432060,6.62,6.61,6.628829008649368
20230724093432220,6.62,6.61,6.628825485501463
20230724093432340,6.62,6.61,6.628825485501463
20230724093434070,6.62,6.61,6.628825485501463
20230724093434150,6.62,6.61,6.628825485501463
20230724093434160,6.62,6.61,6.628825485501463
20230724093434220,6.62,6.61,6.628825485501463
20230724093434270,6.62,6.61,6.628825485501463
20230724093435030,6.62,6.61,6.628825485501463
20230724093436860,6.62,6.61,6.628825485501463
20230724093437140,6.62,6.61,6.628825485501463
20230724093437230,6.62,6.61,6.628825485501463
20230724093437550,6.62,6.61,6.628825485501463
20230724093437800,6.62,6.61,6.628824311743583
20230724093439320,6.62,6.61,6.628823138297872
20230724093439590,6.62,6.61,6.628700498295306
20230724093439750,6.62,6.61,6.628700498295306
20230724093440070,6.62,6.61,6.628700498295306
20230724093440120,6.62,6.61,6.628700498295306
20230724093440140,6.62,6.61,6.628700498295306
20230724093440270,6.62,6.61,6.628700498295306
20230724093442140,6.62,6.61,6.628700498295306
20230724093442180,6.62,6.61,6.628700498295306
20230724093442380,6.62,6.61,6.628700498295306
20230724093442980,6.62,6.61,6.628700498295306
20230724093444740,6.62,6.61,6.628700498295306
20230724093445100,6.62,6.61,6.628700498295306
20230724093445130,6.62,6.61,6.628700498295306
20230724093445390,6.62,6.61,6.628700498295306
20230724093445630,6.62,6.61,6.628700498295306
20230724093445650,6.62,6.61,6.628700498295306
20230724093445800,6.62,6.61,6.628700498295306
20230724093447380,6.62,6.61,6.628700498295306
20230724093447570,6.62,6.61,6.628700498295306
20230724093447840,6.62,6.61,6.628700498295306
20230724093447970,6.63,6.61,6.628700498295306
20230724093448170,6.63,6.61,6.628700498295306
20230724093448400,6.63,6.61,6.628700498295306
20230724093450210,6.63,6.61,6.628700498295306
20230724093450720,6.63,6.61,6.628700498295306
20230724093451080,6.63,6.61,6.628700498295306
20230724093451090,6.63,6.61,6.628700498295306
20230724093451220,6.63,6.61,6.628700498295306
20230724093451230,6.63,6.61,6.628700498295306
20230724093451240,6.63,6.61,6.628700498295306
20230724093451250,6.63,6.61,6.628700498295306
20230724093451260,6.63,6.61,6.628700498295306
20230724093451270,6.62,6.61,6.628700498295306
20230724093451280,6.62,6.61,6.628700498295306
20230724093451290,6.62,6.61,6.628700498295306
20230724093451300,6.62,6.61,6.628700498295306
20230724093451310,6.63,6.62,6.62829375
20230724093452870,6.63,6.62,6.62829375
20230724093453120,6.63,6.62,6.62829375
20230724093453130,6.62,6.62,6.62829375
20230724093453500,6.62,6.62,6.62829375
20230724093455580,6.62,6.62,6.62829375
20230724093455720,6.62,6.62,6.62829375
20230724093455770,6.62,6.62,6.62829375
20230724093456000,6.62,6.61,6.62829375
20230724093456210,6.62,6.61,6.62829375
20230724093456400,6.62,6.61,6.62829375
20230724093458800,6.62,6.61,6.62829375
20230724093458860,6.62,6.61,6.62829375
20230724093459190,6.62,6.61,6.62829375
20230724093500910,6.62,6.61,6.62829375
20230724093500960,6.62,6.61,6.628195013025679
20230724093501090,6.62,6.61,6.628195013025679
20230724093501250,6.62,6.61,6.628195013025679
20230724093501700,6.62,6.61,6.627528076463561
20230724093501710,6.62,6.61,6.627528076463561
20230724093501730,6.62,6.61,6.627528076463561
20230724093501930,6.62,6.61,6.627528076463561
20230724093502070,6.62,6.61,6.627528076463561
20230724093503870,6.62,6.61,6.627528076463561
20230724093504090,6.62,6.61,6.627528076463561
20230724093504100,6.62,6.61,6.627528076463561
20230724093504110,6.62,6.61,6.627528076463561
20230724093504140,6.62,6.61,6.627528076463561
20230724093504320,6.62,6.61,6.627528076463561
20230724093504790,6.62,6.61,6.627528076463561
20230724093506280,6.62,6.61,6.627528076463561
20230724093506530,6.62,6.61,6.627528076463561
20230724093506760,6.62,6.61,6.627528076463561
20230724093506870,6.62,6.61,6.627528076463561
20230724093507070,6.62,6.61,6.627528076463561
20230724093507080,6.62,6.61,6.627528076463561
20230724093507480,6.62,6.61,6.627528076463561
20230724093508960,6.62,6.61,6.627528076463561
20230724093509010,6.62,6.61,6.627235190615836
20230724093509540,6.62,6.61,6.627235190615836
20230724093509940,6.62,6.61,6.627235190615836
20230724093510080,6.62,6.61,6.627232645403377
20230724093510090,6.62,6.61,6.627232645403377
20230724093510120,6.62,6.61,6.627232645403377
20230724093511820,6.62,6.61,6.627232645403377
20230724093512020,6.62,6.61,6.627232645403377
20230724093512070,6.62,6.61,6.627232645403377
20230724093512460,6.62,6.61,6.627232645403377
20230724093512620,6.62,6.61,6.627232645403377
20230724093512790,6.62,6.61,6.627232645403377
20230724093514480,6.62,6.61,6.62720729142323
20230724093514630,6.62,6.61,6.62720729142323
20230724093514640,6.62,6.61,6.62720729142323
20230724093515210,6.62,6.61,6.62720729142323
20230724093517630,6.62,6.61,6.62720729142323
20230724093518140,6.62,6.61,6.62720729142323
20230724093519860,6.62,6.61,6.62720729142323
20230724093520640,6.62,6.61,6.62720729142323
20230724093522640,6.62,6.61,6.627203271028037
20230724093522770,6.62,6.61,6.627203271028037
20230724093522810,6.62,6.61,6.627203271028037
20230724093523000,6.62,6.61,6.627203271028037
20230724093523010,6.62,6.61,6.627203271028037
20230724093523120,6.62,6.61,6.627203271028037
20230724093523270,6.62,6.61,6.627203271028037
20230724093523290,6.62,6.61,6.627203271028037
20230724093523340,6.62,6.61,6.627203271028037
20230724093523670,6.62,6.61,6.627203271028037
20230724093523710,6.62,6.61,6.627203271028037
20230724093525220,6.62,6.61,6.627203271028037
20230724093525280,6.62,6.61,6.627203271028037
20230724093525660,6.62,6.61,6.627203271028037
20230724093525800,6.62,6.61,6.627203271028037
20230724093526080,6.62,6.61,6.626765007404033
20230724093526170,6.62,6.61,6.626765007404033
20230724093527980,6.62,6.61,6.626765007404033
20230724093528120,6.62,6.61,6.626765007404033
20230724093528160,6.61,6.61,6.626765007404033
20230724093528180,6.61,6.61,6.626765007404033
20230724093528200,6.61,6.61,6.626765007404033
20230724093528340,6.61,6.61,6.626765007404033
20230724093528750,6.61,6.61,6.626765007404033
20230724093528920,6.61,6.61,6.626765007404033
20230724093530700,6.61,6.61,6.626765007404033
20230724093530930,6.61,6.61,6.626765007404033
20230724093530940,6.61,6.61,6.626765007404033
20230724093531070,6.61,6.61,6.626765007404033
20230724093531110,6.61,6.61,6.626765007404033
20230724093531140,6.61,6.61,6.626765007404033
20230724093531360,6.61,6.61,6.626765007404033
20230724093531520,6.61,6.61,6.626765007404033
20230724093531530,6.61,6.61,6.626765007404033
20230724093531820,6.61,6.61,6.626761958997722
20230724093533290,6.61,6.61,6.626761958997722
20230724093533370,6.61,6.61,6.626761958997722
20230724093533500,6.61,6.61,6.626761958997722
20230724093533550,6.61,6.61,6.626761958997722
20230724093533940,6.61,6.61,6.626761958997722
20230724093534300,6.61,6.61,6.626761958997722
20230724093534320,6.61,6.61,6.626761958997722
20230724093534330,6.61,6.61,6.626761958997722
20230724093536190,6.61,6.61,6.626761958997722
20230724093536200,6.61,6.61,6.626761958997722
20230724093536210,6.61,6.61,6.626761958997722
20230724093536330,6.61,6.61,6.626761958997722
20230724093536520,6.61,6.61,6.626761958997722
20230724093537070,6.61,6.61,6.626761958997722
20230724093537080,6.61,6.61,6.626755095070021
20230724093537100,6.61,6.61,6.626755095070021
20230724093537160,6.61,6.61,6.626752049180328
20230724093539090,6.61,6.61,6.626752049180328
20230724093539210,6.61,6.61,6.626745959480992
20230724093539220,6.61,6.61,6.626465818222773
20230724093539240,6.61,6.61,6.626465818222773
20230724093539300,6.61,6.61,6.626078126733992
20230724093539350,6.61,6.61,6.625746685657938
20230724093539390,6.61,6.6,6.625407071034706
20230724093539430,6.61,6.6,6.6253714100626215
20230724093539440,6.61,6.6,6.6253714100626215
20230724093539450,6.61,6.6,6.6253714100626215
20230724093539470,6.61,6.6,6.6253714100626215
20230724093539490,6.61,6.6,6.6253714100626215
20230724093539670,6.61,6.6,6.6253714100626215
20230724093539910,6.61,6.6,6.6253714100626215
20230724093541370,6.61,6.6,6.6253714100626215
20230724093541410,6.61,6.6,6.625068273949221
20230724093541430,6.61,6.6,6.624996276991809
20230724093541810,6.61,6.6,6.624759245601096
20230724093541940,6.61,6.6,6.624759245601096
20230724093542110,6.61,6.6,6.624759245601096
20230724093542220,6.61,6.6,6.624640872391738
20230724093542280,6.61,6.6,6.624640872391738
20230724093542320,6.61,6.6,6.624640872391738
20230724093542440,6.61,6.6,6.624640872391738
20230724093544060,6.61,6.6,6.624640872391738
20230724093544130,6.61,6.6,6.624640872391738
20230724093544790,6.61,6.6,6.624640872391738
20230724093544960,6.61,6.6,6.624640872391738
20230724093545020,6.61,6.6,6.6243999169435215
20230724093547890,6.61,6.6,6.6243999169435215
20230724093549510,6.61,6.6,6.6243999169435215
20230724093549670,6.61,6.6,6.6243999169435215
20230724093549690,6.61,6.6,6.6243999169435215
20230724093550040,6.61,6.6,6.6243999169435215
20230724093550090,6.61,6.6,6.6243999169435215
20230724093550210,6.61,6.6,6.6243999169435215
20230724093550440,6.61,6.6,6.6243999169435215
20230724093550580,6.61,6.6,6.6243999169435215
20230724093552220,6.61,6.6,6.6243999169435215
20230724093552260,6.61,6.6,6.6243999169435215
20230724093552460,6.61,6.6,6.6243999169435215
20230724093552530,6.61,6.6,6.6243999169435215
20230724093552660,6.61,6.6,6.6243999169435215
20230724093552830,6.61,6.6,6.6243999169435215
20230724093553090,6.61,6.6,6.6243999169435215
20230724093553400,6.61,6.6,6.6243999169435215
20230724093554860,6.61,6.6,6.6243999169435215
20230724093555010,6.61,6.6,6.6243999169435215
20230724093555050,6.61,6.6,6.6243999169435215
20230724093555140,6.61,6.6,6.6243999169435215
20230724093555240,6.61,6.6,6.6243999169435215
20230724093555360,6.61,6.6,6.6243999169435215
20230724093555410,6.61,6.6,6.6243999169435215
20230724093555720,6.61,6.6,6.6243999169435215
20230724093555770,6.61,6.6,6.6243999169435215
20230724093557670,6.61,6.6,6.6243999169435215
20230724093557870,6.61,6.6,6.6243999169435215
20230724093558390,6.61,6.6,6.6243999169435215
20230724093600450,6.61,6.6,6.6243999169435215
20230724093600530,6.61,6.6,6.6243999169435215
20230724093600680,6.61,6.6,6.6240978060282965
20230724093600770,6.61,6.6,6.6240978060282965
20230724093600870,6.61,6.6,6.6240978060282965
20230724093601080,6.61,6.6,6.6240978060282965
20230724093601270,6.61,6.6,6.6240978060282965
20230724093601400,6.61,6.6,6.6240978060282965
20230724093601450,6.61,6.6,6.6240978060282965
20230724093603420,6.61,6.6,6.6240978060282965
20230724093603650,6.61,6.6,6.6240978060282965
20230724093603670,6.61,6.6,6.6240978060282965
20230724093603700,6.61,6.6,6.6240978060282965
20230724093603780,6.61,6.6,6.6240978060282965
20230724093604080,6.61,6.6,6.6240978060282965
20230724093604090,6.61,6.6,6.6240978060282965
20230724093605760,6.61,6.6,6.6240978060282965
20230724093605850,6.61,6.6,6.6240978060282965
20230724093605860,6.61,6.6,6.6240978060282965
20230724093606020,6.61,6.6,6.6240978060282965
20230724093606040,6.61,6.59,6.623250914845218
20230724093606050,6.61,6.59,6.623205014312506
20230724093606070,6.61,6.59,6.623205014312506
20230724093606240,6.61,6.59,6.623205014312506
20230724093606250,6.61,6.59,6.623205014312506
20230724093606870,6.61,6.59,6.623205014312506
20230724093608470,6.61,6.59,6.623205014312506
20230724093608540,6.61,6.59,6.623205014312506
20230724093608560,6.61,6.59,6.622820537707464
20230724093608630,6.61,6.59,6.622820537707464
20230724093609130,6.61,6.59,6.622820537707464
20230724093611320,6.61,6.59,6.622820537707464
20230724093611350,6.61,6.59,6.622820537707464
20230724093611460,6.6,6.59,6.622820537707464
20230724093611530,6.6,6.59,6.622820537707464
20230724093611840,6.6,6.59,6.622820537707464
20230724093613900,6.6,6.59,6.622820537707464
20230724093614400,6.6,6.59,6.622820537707464
20230724093614460,6.6,6.59,6.622820537707464
20230724093614680,6.6,6.59,6.622820537707464
20230724093616670,6.6,6.59,6.622820537707464
20230724093616780,6.6,6.59,6.622820537707464
20230724093617030,6.6,6.59,6.622820537707464
20230724093617400,6.6,6.59,6.622820537707464
20230724093617480,6.6,6.59,6.622820537707464
20230724093617490,6.6,6.59,6.622820537707464
20230724093617530,6.6,6.59,6.622820537707464
20230724093617690,6.6,6.59,6.622820537707464
20230724093619180,6.6,6.59,6.622820537707464
20230724093619910,6.6,6.59,6.622820537707464
20230724093620070,6.6,6.59,6.622820537707464
20230724093622180,6.6,6.59,6.622820537707464
20230724093622190,6.6,6.59,6.622820537707464
20230724093622380,6.6,6.59,6.622820537707464
20230724093622580,6.6,6.59,6.622820537707464
20230724093622700,6.6,6.59,6.622820537707464
20230724093623030,6.6,6.59,6.622820537707464
20230724093623060,6.6,6.59,6.622820537707464
20230724093624660,6.6,6.59,6.622820537707464
20230724093624810,6.6,6.59,6.622820537707464
20230724093624890,6.6,6.59,6.622820537707464
20230724093625240,6.6,6.59,6.622820537707464
20230724093625480,6.6,6.59,6.622820537707464
20230724093625730,6.6,6.59,6.622820537707464
20230724093627330,6.6,6.59,6.622820537707464
20230724093627470,6.6,6.59,6.622820537707464
20230724093627550,6.6,6.59,6.622820537707464
20230724093627800,6.6,6.59,6.622820537707464
20230724093627920,6.6,6.59,6.622820537707464
20230724093627940,6.6,6.59,6.622692604749952
20230724093628190,6.6,6.59,6.622692604749952
20230724093628450,6.6,6.59,6.622692604749952
20230724093628510,6.6,6.59,6.622692604749952
20230724093630210,6.6,6.59,6.622692604749952
20230724093630360,6.6,6.59,6.622645329220091
20230724093630500,6.6,6.59,6.622645329220091
20230724093630600,6.6,6.59,6.622607607125662
20230724093630770,6.6,6.59,6.622607607125662
20230724093630850,6.6,6.59,6.622607607125662
20230724093631130,6.6,6.59,6.622607607125662
20230724093631150,6.6,6.59,6.622607607125662
20230724093631170,6.6,6.59,6.622607607125662
20230724093632720,6.6,6.59,6.622607607125662
20230724093632830,6.6,6.59,6.622607607125662
20230724093633030,6.6,6.59,6.622607607125662
20230724093633140,6.6,6.59,6.622607607125662
20230724093633180,6.6,6.59,6.622591915303176
20230724093633410,6.6,6.59,6.622591915303176
20230724093633570,6.6,6.59,6.622591915303176
20230724093633650,6.6,6.59,6.622591915303176
20230724093633780,6.6,6.59,6.622591915303176
20230724093633810,6.6,6.59,6.622591915303176
20230724093635420,6.6,6.59,6.622591915303176
20230724093635880,6.6,6.59,6.62247749473281
20230724093636030,6.6,6.59,6.62247749473281
20230724093638330,6.6,6.59,6.62247749473281
20230724093638510,6.6,6.59,6.62247749473281
20230724093638740,6.6,6.59,6.62247749473281
20230724093639150,6.6,6.59,6.62247749473281
20230724093639240,6.6,6.59,6.62247749473281
20230724093641550,6.6,6.59,6.62247749473281
20230724093643510,6.6,6.59,6.62247749473281
20230724093643560,6.6,6.59,6.62247749473281
20230724093643780,6.6,6.59,6.62247749473281
20230724093644040,6.6,6.59,6.62247749473281
20230724093644050,6.6,6.59,6.62247749473281
20230724093644060,6.6,6.59,6.62247749473281
20230724093644130,6.6,6.59,6.62247749473281
20230724093644140,6.6,6.59,6.62247749473281
20230724093644180,6.6,6.59,6.62247749473281
20230724093644220,6.6,6.59,6.62247749473281
20230724093644260,6.6,6.59,6.62247749473281
20230724093644450,6.6,6.59,6.62247749473281
20230724093646500,6.6,6.59,6.62247749473281
20230724093646730,6.61,6.6,6.621458219052843
20230724093646780,6.61,6.6,6.621458219052843
20230724093646790,6.61,6.6,6.621458219052843
20230724093646910,6.61,6.6,6.621458219052843
20230724093646960,6.61,6.6,6.621458219052843
20230724093647020,6.61,6.6,6.621458219052843
20230724093647040,6.61,6.6,6.621458219052843
20230724093647080,6.61,6.6,6.621458219052843
20230724093647160,6.61,6.6,6.621458219052843
20230724093647400,6.61,6.6,6.621458219052843
20230724093647410,6.61,6.6,6.621458219052843
20230724093649000,6.61,6.6,6.621321765988372
20230724093649080,6.61,6.6,6.621304347826087
20230724093649110,6.61,6.6,6.621302414231258
20230724093649170,6.61,6.6,6.621302414231258
20230724093649190,6.61,6.6,6.621302414231258
20230724093649200,6.61,6.6,6.621302414231258
20230724093649220,6.61,6.6,6.621074795725958
20230724093649350,6.61,6.6,6.621074795725958
20230724093649570,6.61,6.6,6.621074795725958
20230724093649580,6.61,6.6,6.621074795725958
20230724093649710,6.61,6.6,6.621071011760481
20230724093651870,6.61,6.6,6.621071011760481
20230724093651910,6.6,6.6,6.620946898705935
20230724093652070,6.6,6.6,6.62087610068487
20230724093652080,6.61,6.6,6.620864965774736
20230724093652110,6.61,6.6,6.620864965774736
20230724093652140,6.61,6.6,6.620864965774736
20230724093652170,6.61,6.6,6.620864965774736
20230724093652190,6.61,6.6,6.620864965774736
20230724093652220,6.61,6.6,6.620864965774736
20230724093652250,6.61,6.6,6.620864965774736
20230724093652300,6.61,6.6,6.620864965774736
20230724093652320,6.61,6.6,6.620864965774736
20230724093654470,6.61,6.6,6.620864965774736
20230724093654790,6.61,6.6,6.620864965774736
20230724093654990,6.61,6.6,6.620864965774736
20230724093655110,6.61,6.6,6.620864965774736
20230724093655210,6.61,6.6,6.620864965774736
20230724093655220,6.61,6.6,6.620864965774736
20230724093655490,6.61,6.6,6.620864965774736
20230724093657100,6.61,6.6,6.620824915824916
20230724093657700,6.61,6.6,6.620824915824916
20230724093657860,6.61,6.6,6.620824915824916
20230724093658170,6.61,6.6,6.620824915824916
20230724093659730,6.61,6.6,6.620824915824916
20230724093700080,6.61,6.6,6.620823070789403
20230724093700680,6.61,6.6,6.620823070789403
20230724093700730,6.61,6.6,6.620823070789403
20230724093700740,6.61,6.6,6.620806123351915
20230724093700880,6.61,6.6,6.620806123351915
20230724093702500,6.61,6.6,6.620806123351915
20230724093702560,6.61,6.6,6.620806123351915
20230724093702600,6.61,6.6,6.620806123351915
20230724093702780,6.61,6.6,6.620806123351915
20230724093702940,6.61,6.6,6.620806123351915
20230724093702980,6.61,6.6,6.620806123351915
20230724093703320,6.61,6.6,6.620806123351915
20230724093703540,6.61,6.6,6.620806123351915
20230724093703600,6.61,6.6,6.620806123351915
20230724093705080,6.61,6.6,6.620800601556971
20230724093706130,6.61,6.6,6.620800601556971
20230724093706180,6.61,6.6,6.620800601556971
20230724093708360,6.61,6.6,6.620800601556971
20230724093708380,6.61,6.6,6.620800601556971
20230724093708490,6.61,6.6,6.620800601556971
20230724093708820,6.61,6.6,6.620800601556971
20230724093708850,6.61,6.6,6.620800601556971
20230724093710790,6.61,6.6,6.620800601556971
20230724093711240,6.61,6.6,6.620800601556971
20230724093711250,6.61,6.6,6.620800601556971
20230724093711390,6.61,6.6,6.620800601556971
20230724093711530,6.61,6.6,6.620800601556971
20230724093713160,6.61,6.6,6.620800601556971
20230724093713170,6.61,6.6,6.620800601556971
20230724093713340,6.61,6.6,6.620800601556971
20230724093713450,6.61,6.6,6.620800601556971
20230724093714010,6.61,6.6,6.620800601556971
20230724093714300,6.61,6.6,6.620800601556971
20230724093714320,6.61,6.6,6.620800601556971
20230724093716100,6.61,6.6,6.620800601556971
20230724093716630,6.61,6.6,6.620800601556971
20230724093716670,6.61,6.6,6.620800601556971
20230724093716690,6.61,6.6,6.620800601556971
20230724093716820,6.61,6.6,6.620800601556971
20230724093716880,6.61,6.6,6.620800601556971
20230724093716890,6.61,6.6,6.620800601556971
20230724093716980,6.61,6.6,6.620800601556971
20230724093716990,6.61,6.6,6.620800601556971
20230724093718890,6.61,6.6,6.620800601556971
20230724093719100,6.61,6.6,6.620800601556971
20230724093719140,6.61,6.6,6.620800601556971
20230724093719270,6.61,6.6,6.620800601556971
20230724093719370,6.61,6.6,6.620800601556971
20230724093719680,6.61,6.6,6.620800601556971
20230724093719700,6.61,6.6,6.620800601556971
20230724093721250,6.61,6.6,6.620800601556971
20230724093721420,6.61,6.6,6.620246246246246
20230724093721630,6.61,6.6,6.620246246246246
20230724093722100,6.61,6.6,6.620246246246246
20230724093722140,6.62,6.6,6.620139242655799
20230724093722170,6.62,6.6,6.620139242655799
20230724093722230,6.62,6.6,6.620139242655799
20230724093722240,6.61,6.6,6.620139242655799
20230724093722250,6.61,6.6,6.620139242655799
20230724093722410,6.61,6.6,6.620139242655799
20230724093722420,6.61,6.6,6.620139242655799
20230724093724710,6.62,6.6,6.620081891093288
20230724093724760,6.62,6.6,6.620081891093288
20230724093724820,6.6,6.59,6.619890459068484
20230724093724830,6.62,6.6,6.6192880888672665
20230724093724840,6.62,6.6,6.6192880888672665
20230724093724850,6.62,6.6,6.6192880888672665
20230724093724890,6.62,6.6,6.619287335819686
20230724093724920,6.61,6.6,6.619287335819686
20230724093724930,6.61,6.6,6.619287335819686
20230724093724940,6.61,6.6,6.619287335819686
20230724093724990,6.61,6.6,6.619287335819686
20230724093725000,6.61,6.6,6.619287335819686
20230724093725080,6.61,6.6,6.619287335819686
20230724093725090,6.61,6.6,6.619287335819686
20230724093725100,6.62,6.6,6.619283572412675
20230724093725110,6.62,6.6,6.6192828200972444
20230724093725120,6.62,6.61,6.6192558177117
20230724093725150,6.62,6.61,6.6192558177117
20230724093725210,6.62,6.61,6.6192558177117
20230724093726640,6.62,6.61,6.6192558177117
20230724093726700,6.62,6.61,6.619254261937464
20230724093726870,6.62,6.61,6.619254261937464
20230724093726880,6.61,6.61,6.619254261937464
20230724093727090,6.61,6.61,6.619254261937464
20230724093727370,6.61,6.61,6.619254261937464
20230724093727390,6.61,6.6,6.619136754195776
20230724093727400,6.61,6.6,6.619136754195776
20230724093727410,6.61,6.6,6.619136754195776
20230724093727450,6.61,6.6,6.619136754195776
20230724093727490,6.61,6.6,6.619136754195776
20230724093727570,6.61,6.6,6.619136754195776
20230724093729520,6.61,6.6,6.61912907368759
20230724093730020,6.61,6.6,6.61912907368759
20230724093730090,6.61,6.6,6.61912907368759
20230724093730340,6.61,6.6,6.61912907368759
20230724093730410,6.61,6.6,6.61912907368759
20230724093730590,6.61,6.6,6.61912907368759
20230724093732130,6.61,6.6,6.61912907368759
20230724093732230,6.61,6.6,6.61912907368759
20230724093732970,6.61,6.6,6.61912907368759
20230724093733020,6.61,6.6,6.61912907368759
20230724093733270,6.61,6.6,6.61912907368759
20230724093734980,6.61,6.6,6.61912907368759
20230724093735290,6.61,6.6,6.619005582137161
20230724093735410,6.61,6.6,6.619005582137161
20230724093735420,6.61,6.6,6.619005582137161
20230724093735700,6.61,6.6,6.619005582137161
20230724093735720,6.61,6.6,6.619005582137161
20230724093735880,6.61,6.6,6.619005582137161
20230724093737700,6.61,6.6,6.619005582137161
20230724093738290,6.61,6.6,6.619005582137161
20230724093738430,6.61,6.6,6.619005582137161
20230724093740190,6.61,6.6,6.619005582137161
20230724093740220,6.61,6.6,6.619005582137161
20230724093740340,6.61,6.6,6.619005582137161
20230724093740560,6.61,6.6,6.619005582137161
20230724093740970,6.61,6.6,6.619005582137161
20230724093741370,6.61,6.6,6.619005582137161
20230724093743020,6.61,6.6,6.619005582137161
20230724093743090,6.61,6.6,6.6190040666613505
20230724093743210,6.61,6.6,6.6190040666613505
20230724093743230,6.61,6.6,6.6190040666613505
20230724093743330,6.61,6.6,6.6190040666613505
20230724093743470,6.61,6.6,6.6190040666613505
20230724093743490,6.61,6.6,6.618998007174173
20230724093743690,6.61,6.6,6.618922588328702
20230724093743750,6.61,6.6,6.618922588328702
20230724093743760,6.61,6.6,6.618922588328702
20230724093745890,6.61,6.6,6.618922588328702
20230724093745920,6.61,6.6,6.6188802844725405
20230724093746100,6.61,6.6,6.6188802844725405
20230724093746140,6.61,6.6,6.6188802844725405
20230724093746160,6.61,6.6,6.6188802844725405
20230724093746170,6.61,6.6,6.6188758097645755
20230724093746400,6.61,6.6,6.6188758097645755
20230724093748610,6.61,6.6,6.6188758097645755
20230724093748710,6.61,6.6,6.6188758097645755
20230724093748810,6.61,6.6,6.6188758097645755
20230724093749050,6.61,6.6,6.61886388757303
20230724093749080,6.61,6.6,6.618829695011427
20230724093749090,6.61,6.6,6.618828211189913
20230724093749150,6.61,6.6,6.618825244248345
20230724093749160,6.61,6.6,6.618822278241689
20230724093749170,6.61,6.6,6.618816349031343
20230724093749180,6.6,6.6,6.618816349031343
20230724093749200,6.6,6.6,6.618816349031343
20230724093749210,6.6,6.6,6.618816349031343
20230724093749260,6.6,6.6,6.618816349031343
20230724093749320,6.6,6.6,6.618816349031343
20230724093749480,6.6,6.6,6.618816349031343
20230724093749490,6.6,6.6,6.618816349031343
20230724093751300,6.6,6.6,6.618816349031343
20230724093751440,6.6,6.6,6.618816349031343
20230724093751500,6.6,6.6,6.618816349031343
20230724093751540,6.6,6.6,6.618816349031343
20230724093751570,6.6,6.6,6.618816349031343
20230724093751800,6.6,6.6,6.618816349031343
20230724093751980,6.6,6.6,6.618816349031343
20230724093752160,6.6,6.6,6.618816349031343
20230724093752180,6.6,6.6,6.618816349031343
20230724093753880,6.6,6.6,6.618816349031343
20230724093754010,6.6,6.6,6.618816349031343
20230724093754070,6.6,6.6,6.618816349031343
20230724093754110,6.6,6.6,6.618816349031343
20230724093754200,6.6,6.6,6.618816349031343
20230724093754790,6.6,6.6,6.618816349031343
20230724093757110,6.6,6.6,6.618816349031343
20230724093759860,6.6,6.6,6.618816349031343
20230724093800020,6.6,6.6,6.618816349031343
20230724093800210,6.6,6.6,6.618816349031343
20230724093800220,6.6,6.6,6.618816349031343
20230724093801840,6.6,6.6,6.618816349031343
20230724093802080,6.6,6.6,6.618816349031343
20230724093802100,6.6,6.6,6.618816349031343
20230724093802150,6.6,6.6,6.618816349031343
20230724093802330,6.6,6.6,6.618816349031343
20230724093802360,6.6,6.6,6.618816349031343
20230724093802790,6.6,6.6,6.618816349031343
20230724093802800,6.6,6.6,6.618816349031343
20230724093804500,6.6,6.6,6.618816349031343
20230724093804570,6.6,6.6,6.618816349031343
20230724093804610,6.6,6.6,6.618816349031343
20230724093805040,6.6,6.6,6.618816349031343
20230724093805270,6.6,6.6,6.618816349031343
20230724093805300,6.6,6.6,6.618816349031343
20230724093805550,6.6,6.6,6.618816349031343
20230724093805570,6.6,6.6,6.618816349031343
20230724093807160,6.6,6.6,6.618816349031343
20230724093807450,6.6,6.6,6.618816349031343
20230724093807530,6.6,6.6,6.618816349031343
20230724093807710,6.6,6.6,6.618816349031343
20230724093808100,6.6,6.6,6.618816349031343
20230724093809980,6.6,6.6,6.618816349031343
20230724093810090,6.6,6.6,6.618816349031343
20230724093810120,6.6,6.6,6.618816349031343
20230724093810130,6.6,6.6,6.618816349031343
20230724093810160,6.6,6.6,6.618816349031343
20230724093810210,6.6,6.6,6.618816349031343
20230724093812590,6.6,6.6,6.618816349031343
20230724093812680,6.6,6.6,6.618816349031343
20230724093812820,6.6,6.6,6.618816349031343
20230724093813030,6.6,6.6,6.618816349031343
20230724093813160,6.6,6.6,6.618816349031343
20230724093813640,6.6,6.6,6.618816349031343
20230724093813680,6.6,6.6,6.618816349031343
20230724093813710,6.6,6.6,6.618816349031343
20230724093813740,6.6,6.6,6.618816349031343
20230724093815390,6.6,6.6,6.618611566377897
20230724093815420,6.6,6.6,6.618611566377897
20230724093815430,6.6,6.6,6.618611566377897
20230724093815700,6.6,6.6,6.618611566377897
20230724093816090,6.61,6.6,6.618611566377897
20230724093816100,6.61,6.6,6.618608098619021
20230724093816110,6.61,6.6,6.618608098619021
20230724093816160,6.61,6.6,6.618608098619021
20230724093816400,6.61,6.6,6.618608098619021
20230724093818260,6.61,6.6,6.618608098619021
20230724093818550,6.61,6.6,6.618608098619021
20230724093819050,6.61,6.6,6.61858488363042
20230724093819110,6.61,6.6,6.61858488363042
20230724093819140,6.61,6.6,6.61858488363042
20230724093819180,6.61,6.6,6.61858488363042
20230724093820980,6.61,6.6,6.61858488363042
20230724093821080,6.61,6.6,6.61858488363042
20230724093821260,6.61,6.6,6.61858488363042
20230724093821520,6.61,6.6,6.61858488363042
20230724093821730,6.61,6.6,6.61858488363042
20230724093823370,6.61,6.6,6.61858488363042
20230724093823960,6.61,6.6,6.61858488363042
20230724093824550,6.61,6.6,6.61858488363042
20230724093826640,6.61,6.6,6.61858488363042
20230724093826750,6.61,6.6,6.61858488363042
20230724093827080,6.61,6.6,6.61858488363042
20230724093827110,6.61,6.6,6.61858488363042
20230724093828900,6.61,6.6,6.61858488363042
20230724093829400,6.61,6.6,6.61858488363042
20230724093831660,6.61,6.6,6.61858488363042
20230724093831800,6.61,6.6,6.61858488363042
20230724093831970,6.61,6.6,6.61858488363042
20230724093832330,6.61,6.6,6.61858488363042
20230724093832640,6.61,6.6,6.61858488363042
20230724093834170,6.61,6.6,6.61858488363042
20230724093835110,6.61,6.6,6.61858488363042
20230724093835400,6.61,6.6,6.61858488363042
20230724093836900,6.61,6.6,6.61858488363042
20230724093837160,6.61,6.6,6.61858488363042
20230724093838010,6.61,6.6,6.61858488363042
20230724093838070,6.61,6.6,6.618551354708486
20230724093840080,6.61,6.6,6.618551354708486
20230724093840170,6.61,6.6,6.618551354708486
20230724093840370,6.61,6.6,6.618551354708486
20230724093840790,6.61,6.6,6.618551354708486
20230724093842880,6.61,6.6,6.618551354708486
20230724093843110,6.61,6.6,6.618551354708486
20230724093843150,6.61,6.6,6.618551354708486
20230724093843170,6.61,6.6,6.618551354708486
20230724093843240,6.61,6.6,6.618551354708486
20230724093843410,6.61,6.6,6.618551354708486
20230724093845050,6.61,6.6,6.618551354708486
20230724093845120,6.61,6.6,6.618551354708486
20230724093845130,6.61,6.6,6.618551354708486
20230724093845550,6.61,6.6,6.618551354708486
20230724093845830,6.61,6.6,6.618551354708486
20230724093846100,6.61,6.6,6.618551354708486
20230724093847680,6.61,6.6,6.618527131782946
20230724093847790,6.61,6.6,6.6185258099519455
20230724093847940,6.61,6.6,6.618521503293297
20230724093848020,6.61,6.6,6.618521503293297
20230724093848110,6.61,6.6,6.618520843018751
20230724093848130,6.61,6.6,6.618520843018751
20230724093848330,6.61,6.6,6.618520843018751
20230724093848380,6.61,6.6,6.618520843018751
20230724093848440,6.61,6.6,6.618520843018751
20230724093850330,6.61,6.6,6.618520843018751
20230724093850890,6.61,6.6,6.618517973349861
20230724093851070,6.61,6.6,6.618517973349861
20230724093851460,6.61,6.6,6.618517973349861
20230724093853070,6.61,6.6,6.618517973349861
20230724093855740,6.61,6.6,6.618517313502208
20230724093855750,6.61,6.6,6.618512038399009
20230724093855780,6.61,6.6,6.618509403296958
20230724093855790,6.61,6.6,6.618509403296958
20230724093855840,6.61,6.6,6.618509403296958
20230724093855870,6.61,6.6,6.618506769825919
20230724093856050,6.61,6.6,6.618504795792079
20230724093856170,6.61,6.6,6.618504795792079
20230724093856270,6.61,6.6,6.618504795792079
20230724093856340,6.61,6.6,6.618504795792079
20230724093856540,6.61,6.6,6.6185041379843765
20230724093856610,6.61,6.6,6.618503480278422
20230724093856710,6.61,6.6,6.618503480278422
20230724093856880,6.61,6.6,6.618503480278422
20230724093858430,6.61,6.61,6.618503480278422
20230724093858450,6.61,6.61,6.618503480278422
20230724093858490,6.61,6.61,6.618503480278422
20230724093858620,6.61,6.61,6.618503480278422
20230724093859040,6.61,6.61,6.618503480278422
20230724093859050,6.61,6.61,6.618503480278422
20230724093859340,6.61,6.61,6.618503480278422
20230724093901160,6.61,6.61,6.618503480278422
20230724093901170,6.61,6.61,6.618503480278422
20230724093901340,6.61,6.61,6.618503480278422
20230724093901400,6.61,6.61,6.618503480278422
20230724093901440,6.61,6.61,6.618503480278422
20230724093901480,6.61,6.61,6.618503480278422
20230724093901510,6.61,6.61,6.618503480278422
20230724093901760,6.61,6.61,6.618503480278422
20230724093901770,6.61,6.61,6.618503480278422
20230724093901820,6.61,6.61,6.618503480278422
20230724093901840,6.61,6.61,6.618503480278422
20230724093901870,6.61,6.61,6.618503480278422
20230724093902070,6.61,6.61,6.618503480278422
20230724093902120,6.61,6.61,6.618503480278422
20230724093902280,6.61,6.61,6.618503480278422
20230724093902310,6.61,6.61,6.618503480278422
20230724093902330,6.61,6.61,6.618503480278422
20230724093902350,6.61,6.61,6.618503480278422
20230724093904100,6.61,6.61,6.618503480278422
20230724093904150,6.61,6.61,6.618503480278422
20230724093904300,6.61,6.61,6.618503480278422
20230724093904370,6.61,6.61,6.618503480278422
20230724093904580,6.61,6.61,6.618503480278422
20230724093906910,6.61,6.61,6.618503480278422
20230724093906940,6.61,6.61,6.618503480278422
20230724093907150,6.61,6.61,6.618503480278422
20230724093907180,6.61,6.61,6.618503480278422
20230724093907440,6.61,6.61,6.618503480278422
20230724093907650,6.61,6.61,6.618503480278422
20230724093909510,6.61,6.61,6.618503480278422
20230724093910150,6.61,6.61,6.618503480278422
20230724093910290,6.61,6.61,6.618505447291699
20230724093910460,6.61,6.61,6.618505447291699
20230724093911950,6.61,6.61,6.618505447291699
20230724093912130,6.61,6.61,6.618505447291699
20230724093912850,6.61,6.61,6.618505447291699
20230724093913000,6.61,6.61,6.618505447291699
20230724093913100,6.61,6.61,6.618505447291699
20230724093914720,6.61,6.61,6.618505447291699
20230724093914940,6.61,6.61,6.618505447291699
20230724093914980,6.61,6.61,6.618505447291699
20230724093915020,6.61,6.61,6.618505447291699
20230724093915030,6.61,6.61,6.618505447291699
20230724093915710,6.61,6.61,6.618505447291699
20230724093915800,6.61,6.61,6.618505447291699
20230724093918120,6.61,6.61,6.618505447291699
20230724093918150,6.61,6.61,6.618505447291699
20230724093920120,6.61,6.61,6.618505447291699
20230724093920640,6.61,6.61,6.618505447291699
20230724093920840,6.61,6.61,6.618505447291699
20230724093920880,6.61,6.61,6.618505447291699
20230724093922800,6.61,6.61,6.618505447291699
20230724093923620,6.61,6.61,6.618505447291699
20230724093923750,6.61,6.61,6.618505447291699
20230724093925620,6.61,6.61,6.618505447291699
20230724093926020,6.61,6.61,6.618505447291699
20230724093926220,6.61,6.61,6.618505447291699
20230724093926230,6.61,6.61,6.618505447291699
20230724093926520,6.61,6.61,6.618505447291699
20230724093926620,6.61,6.61,6.618505447291699
20230724093928130,6.61,6.61,6.618505447291699
20230724093928140,6.61,6.61,6.618505447291699
20230724093928200,6.61,6.61,6.618505447291699
20230724093928340,6.61,6.61,6.618505447291699
20230724093928350,6.61,6.61,6.618505447291699
20230724093928400,6.61,6.61,6.618505447291699
20230724093928610,6.61,6.61,6.618505447291699
20230724093929040,6.61,6.61,6.618505447291699
20230724093929090,6.61,6.61,6.618505447291699
20230724093929260,6.61,6.61,6.618505447291699
20230724093930860,6.61,6.61,6.618505447291699
20230724093931140,6.61,6.61,6.618505447291699
20230724093931320,6.61,6.61,6.618505447291699
20230724093931360,6.61,6.62,6.618505447291699
20230724093931410,6.61,6.62,6.618505447291699
20230724093931480,6.61,6.62,6.618505447291699
20230724093931520,6.61,6.62,6.618505447291699
20230724093931710,6.61,6.62,6.618505447291699
20230724093931720,6.61,6.62,6.618505447291699
20230724093931810,6.61,6.62,6.618505447291699
20230724093931820,6.61,6.61,6.618505447291699
20230724093933910,6.61,6.61,6.618434660559947
20230724093934080,6.61,6.61,6.618435585086748
20230724093934320,6.61,6.61,6.618435585086748
20230724093934420,6.61,6.61,6.6184359315028045
20230724093936400,6.61,6.61,6.618451815591437
20230724093936910,6.61,6.61,6.618453510436432
20230724093936940,6.61,6.61,6.618453510436432
20230724093937060,6.61,6.61,6.618453908984831
20230724093937070,6.61,6.61,6.618454810495627
20230724093937170,6.61,6.61,6.618454810495627
20230724093937280,6.61,6.61,6.618454810495627
20230724093937320,6.61,6.61,6.618457957521094
20230724093937370,6.61,6.61,6.618457957521094
20230724093939020,6.61,6.61,6.618457957521094
20230724093939110,6.61,6.61,6.618457957521094
20230724093939160,6.61,6.61,6.618457957521094
20230724093939470,6.61,6.61,6.618457957521094
20230724093939640,6.61,6.61,6.618457957521094
20230724093939930,6.61,6.61,6.618457957521094
20230724093939980,6.61,6.61,6.618457957521094
20230724093940050,6.61,6.61,6.618457957521094
20230724093940070,6.61,6.61,6.618462485515643
20230724093940080,6.61,6.61,6.6184631533227165
20230724093941740,6.61,6.61,6.618463264567499
20230724093941890,6.61,6.61,6.618463264567499
20230724093942000,6.61,6.61,6.618463264567499
20230724093942110,6.61,6.61,6.618463375796178
20230724093942220,6.61,6.61,6.618463375796178
20230724093942260,6.61,6.61,6.618463375796178
20230724093942330,6.61,6.61,6.618463375796178
20230724093942340,6.61,6.61,6.618467148014441
20230724093942620,6.61,6.61,6.618467148014441
20230724093942810,6.61,6.61,6.618467701190906
20230724093942820,6.61,6.61,6.618469137582925
20230724093942870,6.61,6.61,6.618469579008074
20230724093942880,6.61,6.61,6.618470461095101
20230724093944820,6.61,6.61,6.6184734306464374
20230724093944830,6.61,6.61,6.6184734306464374
20230724093944890,6.61,6.61,6.6184734306464374
20230724093945110,6.61,6.61,6.6184734306464374
20230724093945420,6.61,6.61,6.618481727812344
20230724093945510,6.62,6.61,6.61848313803944
20230724093947470,6.62,6.61,6.61848313803944
20230724093948090,6.62,6.61,6.618483246409945
20230724093948190,6.62,6.61,6.618483246409945
20230724093949950,6.62,6.61,6.618483246409945
20230724093950460,6.62,6.61,6.618483246409945
20230724093950850,6.62,6.61,6.618483246409945
20230724093952470,6.62,6.61,6.618483246409945
20230724093952880,6.63,6.61,6.618483246409945
20230724093952890,6.63,6.61,6.618483246409945
20230724093952960,6.63,6.61,6.618483246409945
20230724093952980,6.63,6.61,6.618483246409945
20230724093953000,6.63,6.61,6.618483246409945
20230724093953090,6.62,6.61,6.618483246409945
20230724093953180,6.62,6.61,6.618483246409945
20230724093953660,6.62,6.61,6.618483246409945
20230724093955220,6.62,6.61,6.618483246409945
20230724093955240,6.62,6.61,6.618483246409945
20230724093955460,6.62,6.61,6.618483246409945
20230724093955480,6.62,6.61,6.618483246409945
20230724093955490,6.62,6.61,6.618483246409945
20230724093955720,6.62,6.61,6.618483246409945
20230724093955870,6.62,6.61,6.618483246409945
20230724093956080,6.62,6.61,6.618483246409945
20230724093957990,6.62,6.61,6.618483246409945
20230724093958200,6.62,6.61,6.618483246409945
20230724093958560,6.62,6.61,6.618483246409945
20230724093958760,6.62,6.61,6.618483246409945
20230724093959060,6.62,6.61,6.618483246409945
20230724094000870,6.62,6.61,6.618483246409945
20230724094001750,6.62,6.61,6.618483246409945
20230724094001770,6.62,6.61,6.618483246409945
20230724094001780,6.62,6.61,6.618483246409945
20230724094003520,6.62,6.61,6.618483246409945
20230724094003600,6.62,6.61,6.618483246409945
20230724094004180,6.62,6.61,6.618526490066225
20230724094004220,6.62,6.61,6.618526490066225
20230724094004240,6.62,6.61,6.618526490066225
20230724094006220,6.62,6.61,6.618526490066225
20230724094006510,6.62,6.61,6.618526490066225
20230724094006710,6.62,6.61,6.618526490066225
20230724094006720,6.62,6.61,6.618526490066225
20230724094006800,6.62,6.61,6.618526490066225
20230724094006930,6.62,6.61,6.618526490066225
20230724094007150,6.62,6.61,6.618526490066225
20230724094008680,6.62,6.61,6.618526490066225
20230724094009340,6.62,6.61,6.618526490066225
20230724094009540,6.62,6.61,6.618526490066225
20230724094012430,6.62,6.61,6.618525278964045
20230724094012530,6.62,6.61,6.618525278964045
20230724094014600,6.62,6.61,6.618525278964045
20230724094014820,6.62,6.61,6.618525278964045
20230724094014870,6.62,6.61,6.618525278964045
20230724094016880,6.62,6.61,6.618525278964045
20230724094016900,6.62,6.61,6.618525278964045
20230724094019630,6.62,6.61,6.618525278964045
20230724094020090,6.62,6.61,6.618525278964045
20230724094020190,6.62,6.61,6.618525278964045
20230724094020260,6.62,6.61,6.618525278964045
20230724094020380,6.62,6.61,6.618525278964045
20230724094022140,6.62,6.61,6.618525278964045
20230724094022160,6.62,6.61,6.618525278964045
20230724094022610,6.62,6.61,6.618517677809877
20230724094023190,6.62,6.61,6.618517677809877
20230724094023250,6.62,6.61,6.618517677809877
20230724094023260,6.62,6.61,6.618516506189821
20230724094023270,6.62,6.61,6.618515920500653
20230724094023320,6.62,6.61,6.618515920500653
20230724094025080,6.62,6.61,6.618501888087882
20230724094025190,6.62,6.61,6.618501888087882
20230724094025870,6.62,6.61,6.618501888087882
20230724094026030,6.62,6.61,6.61849955384721
20230724094026040,6.62,6.61,6.6184960548885075
20230724094026050,6.62,6.61,6.618493723849372
20230724094027780,6.62,6.61,6.618493723849372
20230724094028050,6.62,6.61,6.618493723849372
20230724094028080,6.61,6.61,6.618493723849372
20230724094028130,6.61,6.61,6.618493723849372
20230724094028150,6.61,6.61,6.618493723849372
20230724094028190,6.61,6.61,6.618493723849372
20230724094028230,6.61,6.61,6.618493723849372
20230724094028390,6.61,6.61,6.618493723849372
20230724094030290,6.61,6.61,6.618493723849372
20230724094030900,6.61,6.61,6.618493723849372
20230724094031070,6.61,6.61,6.618493723849372
20230724094031080,6.61,6.61,6.618493723849372
20230724094031100,6.61,6.61,6.618493723849372
20230724094031140,6.61,6.61,6.618493723849372
20230724094031150,6.61,6.61,6.618493723849372
20230724094031390,6.61,6.61,6.618493723849372
20230724094033100,6.61,6.61,6.618493723849372
20230724094033130,6.61,6.61,6.618493723849372
20230724094033600,6.61,6.61,6.618493723849372
20230724094033800,6.61,6.61,6.618493723849372
20230724094034070,6.61,6.61,6.618493723849372
20230724094034120,6.61,6.61,6.618493723849372
20230724094035890,6.61,6.61,6.618493723849372
20230724094036480,6.61,6.61,6.618493723849372
20230724094036500,6.61,6.61,6.618493723849372
20230724094036560,6.61,6.61,6.618493723849372
20230724094036630,6.61,6.61,6.618493723849372
20230724094036800,6.61,6.61,6.618493723849372
20230724094038790,6.61,6.61,6.618493723849372
20230724094039150,6.61,6.61,6.618493723849372
20230724094039280,6.61,6.61,6.618493723849372
20230724094039410,6.61,6.61,6.618493723849372
20230724094044000,6.61,6.61,6.618493723849372
20230724094046450,6.61,6.61,6.618164501581746
20230724094046470,6.61,6.61,6.618164501581746
20230724094046480,6.61,6.61,6.618164501581746
20230724094046580,6.61,6.61,6.618164501581746
20230724094046650,6.61,6.61,6.618164501581746
20230724094046870,6.61,6.61,6.618164501581746
20230724094047100,6.61,6.61,6.618089014008982
20230724094047110,6.61,6.61,6.618089014008982
20230724094047140,6.61,6.61,6.618089014008982
20230724094049140,6.61,6.61,6.618089014008982
20230724094049160,6.61,6.61,6.618089014008982
20230724094049200,6.61,6.61,6.618089014008982
20230724094049220,6.61,6.61,6.618089014008982
20230724094049280,6.61,6.61,6.618089014008982
20230724094049310,6.61,6.61,6.618089014008982
20230724094049340,6.61,6.61,6.618089014008982
20230724094049480,6.61,6.61,6.618089014008982
20230724094049500,6.61,6.61,6.618089014008982
20230724094049960,6.61,6.61,6.618089014008982
20230724094050060,6.61,6.61,6.618089014008982
20230724094050090,6.61,6.61,6.618089014008982
20230724094050370,6.61,6.61,6.618089014008982
20230724094052090,6.61,6.61,6.618089014008982
20230724094052110,6.61,6.61,6.618089014008982
20230724094052170,6.61,6.61,6.618089014008982
20230724094052180,6.61,6.61,6.618089014008982
20230724094052960,6.61,6.61,6.618089014008982
20230724094055080,6.61,6.61,6.618089014008982
20230724094055110,6.61,6.61,6.618089014008982
20230724094055120,6.61,6.61,6.618089014008982
20230724094055130,6.61,6.61,6.618023240283158
20230724094055170,6.61,6.61,6.61802203672788
20230724094055180,6.61,6.61,6.6180208333333335
20230724094055520,6.61,6.61,6.6180208333333335
20230724094058000,6.61,6.61,6.6180208333333335
20230724094058010,6.61,6.61,6.61801722411376
20230724094058080,6.61,6.61,6.618016021361815
20230724094058200,6.61,6.61,6.618011211959423
20230724094058210,6.61,6.6,6.617054028436019
20230724094058220,6.6,6.6,6.616785669859436
20230724094058230,6.6,6.6,6.616785669859436
20230724094058250,6.6,6.6,6.616785669859436
20230724094058290,6.6,6.6,6.616301453523879
20230724094058360,6.6,6.6,6.616301453523879
20230724094058370,6.6,6.6,6.616301453523879
20230724094058380,6.6,6.6,6.616301453523879
20230724094058390,6.6,6.6,6.616301453523879
20230724094058420,6.6,6.6,6.616301453523879
20230724094100070,6.6,6.6,6.616300458015267
20230724094100080,6.6,6.6,6.616300458015267
20230724094100260,6.6,6.6,6.616300458015267
20230724094100540,6.6,6.6,6.616300458015267
20230724094100650,6.6,6.6,6.616300458015267
20230724094100660,6.6,6.6,6.616300458015267
20230724094101120,6.6,6.6,6.616294487516025
20230724094101130,6.6,6.6,6.616294487516025
20230724094101140,6.6,6.6,6.616294487516025
20230724094101170,6.6,6.6,6.616294487516025
20230724094103050,6.6,6.6,6.616293492858015
20230724094103190,6.6,6.6,6.616293492858015
20230724094103200,6.6,6.6,6.616293492858015
20230724094103210,6.6,6.6,6.616293492858015
20230724094103230,6.6,6.6,6.616293492858015
20230724094103390,6.6,6.6,6.616293492858015
20230724094103540,6.6,6.6,6.616293492858015
20230724094105630,6.6,6.6,6.616293492858015
20230724094106010,6.6,6.6,6.616293492858015
20230724094108720,6.6,6.6,6.616293492858015
20230724094108760,6.6,6.6,6.616293492858015
20230724094109130,6.6,6.6,6.616293492858015
20230724094111790,6.6,6.6,6.616293492858015
20230724094111860,6.6,6.6,6.616293492858015
20230724094113800,6.6,6.6,6.616293492858015
20230724094113930,6.6,6.6,6.616293492858015
20230724094114400,6.6,6.6,6.616293492858015
20230724094116240,6.6,6.6,6.616293492858015
20230724094116580,6.6,6.6,6.616293492858015
20230724094116760,6.6,6.6,6.616293492858015
20230724094117080,6.6,6.6,6.6162716516223465
20230724094117090,6.6,6.6,6.6162716516223465
20230724094119000,6.6,6.6,6.6162716516223465
20230724094119020,6.6,6.6,6.6162716516223465
20230724094119910,6.6,6.6,6.6162716516223465
20230724094119990,6.6,6.6,6.6162716516223465
20230724094121750,6.6,6.6,6.6162716516223465
20230724094122140,6.6,6.6,6.6162716516223465
20230724094122200,6.6,6.6,6.6162716516223465
20230724094122210,6.6,6.6,6.6162716516223465
20230724094122460,6.6,6.6,6.6162716516223465
20230724094122530,6.6,6.6,6.6162716516223465
20230724094122680,6.6,6.6,6.6162716516223465
20230724094124860,6.6,6.6,6.6162716516223465
20230724094124880,6.6,6.6,6.6162716516223465
20230724094124920,6.6,6.6,6.616250837954781
20230724094125020,6.6,6.6,6.616226863127131
20230724094125170,6.6,6.6,6.616225266362252
20230724094125320,6.6,6.6,6.616225266362252
20230724094126960,6.6,6.6,6.616225266362252
20230724094127130,6.6,6.6,6.616225266362252
20230724094127440,6.6,6.6,6.616225266362252
20230724094127940,6.6,6.6,6.6161631438289605
20230724094128080,6.6,6.6,6.6161631438289605
20230724094130010,6.6,6.6,6.616139052356973
20230724094130340,6.6,6.6,6.616139052356973
20230724094130360,6.6,6.6,6.616139052356973
20230724094130860,6.6,6.6,6.616139052356973
20230724094132330,6.6,6.6,6.616139052356973
20230724094132630,6.6,6.6,6.616139052356973
20230724094132970,6.6,6.6,6.616139052356973
20230724094133200,6.6,6.6,6.616139052356973
20230724094133260,6.6,6.6,6.616139052356973
20230724094133330,6.6,6.6,6.616139052356973
20230724094135910,6.59,6.6,6.616139052356973
20230724094135940,6.59,6.6,6.616139052356973
20230724094135960,6.59,6.6,6.616139052356973
20230724094138270,6.6,6.6,6.616139052356973
20230724094138640,6.6,6.6,6.616139052356973
20230724094143280,6.6,6.6,6.616139052356973
20230724094143310,6.59,6.6,6.616139052356973
20230724094143580,6.59,6.6,6.616139052356973
20230724094143920,6.59,6.6,6.616139052356973
20230724094146020,6.59,6.6,6.616069829359796
20230724094146160,6.59,6.6,6.616069829359796
20230724094146290,6.59,6.6,6.616069829359796
20230724094146730,6.59,6.6,6.616069829359796
20230724094146820,6.59,6.6,6.616069829359796
20230724094146840,6.59,6.6,6.616069829359796
20230724094146960,6.59,6.6,6.616069829359796
20230724094147020,6.59,6.6,6.616069829359796
20230724094148610,6.59,6.6,6.616069829359796
20230724094151900,6.59,6.6,6.616069829359796
20230724094152140,6.59,6.6,6.616069829359796
20230724094152200,6.59,6.6,6.616069829359796
20230724094154290,6.59,6.6,6.616069829359796
20230724094154690,6.59,6.6,6.616069829359796
20230724094154810,6.59,6.6,6.616069829359796
20230724094154870,6.59,6.6,6.616069829359796
20230724094154880,6.59,6.6,6.616069829359796
20230724094155000,6.6,6.6,6.616069829359796
20230724094155040,6.6,6.6,6.616069829359796
20230724094156970,6.6,6.6,6.616069829359796
20230724094157390,6.6,6.6,6.616069829359796
20230724094157560,6.59,6.6,6.616069829359796
20230724094159690,6.59,6.6,6.616069829359796
20230724094159720,6.59,6.6,6.616069829359796
20230724094159920,6.59,6.59,6.615747932398418
20230724094200560,6.59,6.59,6.615747932398418
20230724094202080,6.59,6.59,6.615747932398418
20230724094202090,6.59,6.59,6.615747932398418
20230724094202120,6.59,6.59,6.615747932398418
20230724094202940,6.59,6.59,6.615747932398418
20230724094203010,6.59,6.59,6.615747932398418
20230724094204830,6.59,6.59,6.615747932398418
20230724094204860,6.59,6.59,6.615747932398418
20230724094204970,6.59,6.59,6.615700520677479
20230724094205040,6.59,6.59,6.615700520677479
20230724094205080,6.59,6.59,6.615700520677479
20230724094205100,6.6,6.59,6.615666726435957
20230724094205110,6.6,6.59,6.615666726435957
20230724094205120,6.6,6.59,6.615666726435957
20230724094205200,6.6,6.59,6.615666726435957
20230724094205240,6.6,6.59,6.615666726435957
20230724094205250,6.6,6.59,6.615666726435957
20230724094205280,6.6,6.59,6.615666726435957
20230724094205340,6.6,6.59,6.615666726435957
20230724094205500,6.6,6.59,6.615666726435957
20230724094205620,6.6,6.59,6.615565874858606
20230724094205740,6.6,6.59,6.615565874858606
20230724094207480,6.6,6.59,6.615565874858606
20230724094207500,6.6,6.59,6.615565874858606
20230724094207630,6.6,6.59,6.615565874858606
20230724094208480,6.6,6.59,6.615565874858606
20230724094208650,6.6,6.59,6.615450014832394
20230724094210140,6.6,6.59,6.615450014832394
20230724094210170,6.6,6.59,6.615450014832394
20230724094210200,6.6,6.59,6.615450014832394
20230724094210490,6.6,6.59,6.615419824727617
20230724094210760,6.6,6.59,6.615419824727617
20230724094210880,6.6,6.59,6.615419824727617
20230724094211000,6.6,6.59,6.615419824727617
20230724094211050,6.6,6.59,6.615419824727617
20230724094211290,6.6,6.59,6.615419824727617
20230724094212890,6.6,6.59,6.615419824727617
20230724094213150,6.6,6.59,6.615419824727617
20230724094213180,6.6,6.59,6.615419824727617
20230724094213450,6.6,6.59,6.615419824727617
20230724094213750,6.6,6.59,6.615419824727617
20230724094215660,6.6,6.59,6.615419824727617
20230724094216390,6.6,6.59,6.615419824727617
20230724094216740,6.6,6.59,6.615419824727617
20230724094216750,6.6,6.59,6.615419824727617
20230724094218230,6.6,6.59,6.615419824727617
20230724094218280,6.6,6.59,6.615419824727617
20230724094219330,6.6,6.59,6.615419824727617
20230724094219430,6.6,6.59,6.615419824727617
20230724094221250,6.6,6.59,6.615419824727617
20230724094221380,6.6,6.59,6.615342094407449
20230724094221440,6.6,6.59,6.615342094407449
20230724094221470,6.6,6.59,6.615333058484009
20230724094221490,6.6,6.59,6.615333058484009
20230724094221510,6.6,6.59,6.615328544512482
20230724094221540,6.6,6.59,6.615280859306216
20230724094221580,6.6,6.59,6.615280859306216
20230724094221600,6.6,6.59,6.615280859306216
20230724094221760,6.6,6.59,6.615280859306216
20230724094222080,6.6,6.59,6.615270999530737
20230724094222150,6.6,6.59,6.615270999530737
20230724094223840,6.6,6.59,6.615270999530737
20230724094224000,6.6,6.59,6.615270999530737
20230724094224250,6.6,6.59,6.615269208211144
20230724094224410,6.6,6.59,6.615269208211144
20230724094224620,6.6,6.59,6.615269208211144
20230724094224840,6.6,6.59,6.615269208211144
20230724094226520,6.6,6.59,6.615269208211144
20230724094226860,6.6,6.59,6.615269208211144
20230724094227120,6.6,6.59,6.615269208211144
20230724094227520,6.6,6.59,6.615269208211144
20230724094229250,6.6,6.59,6.615269208211144
20230724094229280,6.6,6.59,6.615269208211144
20230724094229700,6.6,6.59,6.615269208211144
20230724094229770,6.6,6.59,6.615269208211144
20230724094232120,6.6,6.59,6.615269208211144
20230724094232330,6.6,6.59,6.615269208211144
20230724094232440,6.6,6.59,6.615269208211144
20230724094232470,6.6,6.59,6.615269208211144
20230724094234490,6.6,6.59,6.615269208211144
20230724094234520,6.6,6.59,6.615269208211144
20230724094234850,6.6,6.59,6.615269208211144
20230724094237190,6.6,6.59,6.615269208211144
20230724094237490,6.6,6.59,6.615269208211144
20230724094237500,6.6,6.59,6.615269208211144
20230724094237910,6.6,6.59,6.615269208211144
20230724094238090,6.6,6.59,6.615269208211144
20230724094238220,6.6,6.59,6.615269208211144
20230724094238280,6.6,6.59,6.615269208211144
20230724094238340,6.6,6.59,6.615269208211144
20230724094240180,6.6,6.59,6.615269208211144
20230724094240530,6.6,6.59,6.615269208211144
20230724094240560,6.6,6.59,6.615269208211144
20230724094242580,6.6,6.59,6.615269208211144
20230724094242930,6.6,6.59,6.615269208211144
20230724094242970,6.6,6.59,6.615269208211144
20230724094243010,6.6,6.59,6.615269208211144
20230724094243080,6.6,6.59,6.615269208211144
20230724094243100,6.6,6.59,6.615269208211144
20230724094243170,6.6,6.59,6.615269208211144
20230724094243330,6.6,6.59,6.615269208211144
20230724094243590,6.6,6.59,6.615269208211144
20230724094245370,6.6,6.59,6.615269208211144
20230724094245480,6.6,6.59,6.615269208211144
20230724094245710,6.6,6.59,6.615269208211144
20230724094246140,6.6,6.59,6.615269208211144
20230724094246250,6.6,6.59,6.615269208211144
20230724094246300,6.6,6.59,6.615269208211144
20230724094246460,6.6,6.59,6.615269208211144
20230724094248380,6.6,6.59,6.615269208211144
20230724094248590,6.6,6.59,6.615269208211144
20230724094248790,6.6,6.59,6.615269208211144
20230724094249110,6.6,6.59,6.615269208211144
20230724094250710,6.6,6.59,6.615269208211144
20230724094250740,6.6,6.59,6.615269208211144
20230724094251270,6.6,6.59,6.615269208211144
20230724094251300,6.6,6.59,6.615269208211144
20230724094253470,6.6,6.59,6.615269208211144
20230724094253620,6.6,6.59,6.615269208211144
20230724094253670,6.6,6.59,6.615269208211144
20230724094253940,6.6,6.59,6.615269208211144
20230724094254270,6.6,6.59,6.615269208211144
20230724094254430,6.6,6.59,6.615269208211144
20230724094256040,6.6,6.59,6.615269208211144
20230724094256140,6.6,6.59,6.615269208211144
20230724094256230,6.6,6.59,6.615269208211144
20230724094256720,6.6,6.59,6.615269208211144
20230724094257000,6.6,6.59,6.615269208211144
20230724094258780,6.6,6.59,6.615269208211144
20230724094259110,6.6,6.59,6.615269208211144
20230724094259140,6.6,6.59,6.615269208211144
20230724094259790,6.6,6.59,6.615269208211144
20230724094259890,6.6,6.59,6.615269208211144
20230724094259930,6.6,6.59,6.615269208211144
20230724094301550,6.6,6.59,6.615269208211144
20230724094301650,6.6,6.59,6.615269208211144
20230724094301700,6.6,6.59,6.615269208211144
20230724094301900,6.6,6.59,6.615269208211144
20230724094301990,6.6,6.59,6.615044319564336
20230724094302490,6.6,6.59,6.615044319564336
20230724094304270,6.6,6.59,6.615044319564336
20230724094304680,6.6,6.59,6.615044319564336
20230724094304840,6.6,6.59,6.615044319564336
20230724094304860,6.6,6.59,6.6148844429113485
20230724094304990,6.6,6.59,6.6148844429113485
20230724094305090,6.6,6.59,6.6148844429113485
20230724094306820,6.6,6.59,6.6148844429113485
20230724094306930,6.6,6.59,6.6148844429113485
20230724094307280,6.6,6.59,6.6148844429113485
20230724094307660,6.6,6.59,6.6148844429113485
20230724094309550,6.6,6.59,6.614867348110716
20230724094309800,6.6,6.59,6.614867348110716
20230724094310070,6.6,6.59,6.614867348110716
20230724094310210,6.6,6.59,6.614867348110716
20230724094310280,6.6,6.59,6.614850292531834
20230724094312940,6.6,6.59,6.614850292531834
20230724094313200,6.6,6.59,6.614847737569536
20230724094315050,6.6,6.59,6.614778240767167
20230724094315070,6.6,6.59,6.614778240767167
20230724094315110,6.6,6.59,6.614778240767167
20230724094315410,6.6,6.59,6.6146094148303405
20230724094315530,6.6,6.59,6.6146094148303405
20230724094315620,6.6,6.59,6.6146094148303405
20230724094315880,6.6,6.59,6.6146094148303405
20230724094316100,6.6,6.59,6.6146094148303405
20230724094316140,6.6,6.59,6.6146094148303405
20230724094317910,6.6,6.59,6.6146094148303405
20230724094318080,6.6,6.59,6.6146094148303405
20230724094318540,6.6,6.59,6.6146094148303405
20230724094318840,6.6,6.59,6.6146094148303405
20230724094320980,6.6,6.59,6.6145123258306535
20230724094321010,6.6,6.59,6.6145123258306535
20230724094321090,6.6,6.59,6.6145123258306535
20230724094321190,6.6,6.59,6.6145095606069155
20230724094321530,6.6,6.59,6.6145095606069155
20230724094323060,6.6,6.59,6.614504032030677
20230724094323070,6.6,6.59,6.614492982357252
20230724094323220,6.6,6.59,6.614427922114359
20230724094323270,6.6,6.59,6.614427922114359
20230724094323330,6.6,6.59,6.614427922114359
20230724094323350,6.6,6.59,6.614406009979256
20230724094323590,6.6,6.59,6.614406009979256
20230724094323680,6.6,6.59,6.614404641775984
20230724094323910,6.6,6.59,6.614404641775984
20230724094324140,6.6,6.59,6.614399170496581
20230724094324180,6.6,6.59,6.614399170496581
20230724094325770,6.6,6.59,6.614399170496581
20230724094326040,6.6,6.59,6.614399170496581
20230724094326100,6.6,6.59,6.614399170496581
20230724094326230,6.6,6.59,6.614399170496581
20230724094326510,6.6,6.59,6.614399170496581
20230724094326600,6.6,6.59,6.614399170496581
20230724094326840,6.6,6.59,6.614399170496581
20230724094328450,6.6,6.59,6.614399170496581
20230724094328990,6.6,6.59,6.614399170496581
20230724094329240,6.6,6.59,6.614390968175706
20230724094329490,6.6,6.59,6.614390968175706
20230724094331100,6.6,6.59,6.614390968175706
20230724094331110,6.6,6.59,6.614390968175706
20230724094331510,6.6,6.59,6.614390968175706
20230724094331910,6.6,6.59,6.614390968175706
20230724094332190,6.6,6.59,6.614390968175706
20230724094333850,6.6,6.59,6.614390968175706
20230724094333880,6.6,6.59,6.614390968175706
20230724094333930,6.6,6.59,6.614390968175706
20230724094333990,6.6,6.59,6.614390968175706
20230724094334050,6.6,6.59,6.614390968175706
20230724094334100,6.6,6.59,6.614390968175706
20230724094334140,6.6,6.59,6.614390968175706
20230724094334240,6.6,6.59,6.614390968175706
20230724094334470,6.6,6.59,6.614390968175706
20230724094335040,6.6,6.59,6.614390968175706
20230724094335050,6.6,6.59,6.614390968175706
20230724094336580,6.6,6.59,6.614390968175706
20230724094336680,6.6,6.59,6.614390968175706
20230724094336740,6.6,6.59,6.614390968175706
20230724094337050,6.6,6.59,6.614390968175706
20230724094337090,6.6,6.59,6.614390968175706
20230724094337190,6.6,6.59,6.614390968175706
20230724094337280,6.6,6.59,6.614390968175706
20230724094337330,6.6,6.59,6.6143776247270285
20230724094337600,6.6,6.59,6.6143776247270285
20230724094337680,6.6,6.59,6.6143776247270285
20230724094339380,6.6,6.59,6.6143776247270285
20230724094339490,6.6,6.59,6.614374895022675
20230724094339980,6.6,6.59,6.614374895022675
20230724094340250,6.6,6.59,6.614374895022675
20230724094342880,6.6,6.59,6.614374895022675
20230724094342910,6.6,6.59,6.614374895022675
20230724094342990,6.6,6.59,6.614374895022675
20230724094343140,6.6,6.59,6.614374895022675
20230724094343160,6.6,6.59,6.614374895022675
20230724094345070,6.6,6.59,6.614374895022675
20230724094347860,6.6,6.59,6.614374895022675
20230724094348100,6.6,6.59,6.614374895022675
20230724094348170,6.6,6.59,6.614374895022675
20230724094350150,6.6,6.59,6.614366709576314
20230724094350460,6.6,6.59,6.614366709576314
20230724094352720,6.6,6.59,6.614366709576314
20230724094352940,6.6,6.59,6.614359476392929
20230724094355800,6.6,6.59,6.614359476392929
20230724094356380,6.6,6.59,6.614359476392929
20230724094356500,6.6,6.59,6.614359476392929
20230724094358150,6.6,6.59,6.614359476392929
20230724094359030,6.6,6.59,6.614358113777479
20230724094359100,6.6,6.59,6.614269869579757
20230724094359150,6.6,6.59,6.614269869579757
20230724094359260,6.6,6.59,6.614269869579757
20230724094359350,6.6,6.59,6.614269869579757
20230724094400870,6.6,6.59,6.614269869579757
20230724094401120,6.6,6.59,6.614269869579757
20230724094401420,6.6,6.59,6.614256670194396
20230724094401800,6.6,6.59,6.614256670194396
20230724094401830,6.6,6.59,6.614256670194396
20230724094403540,6.6,6.59,6.614256670194396
20230724094404370,6.6,6.59,6.614256670194396
20230724094406470,6.6,6.59,6.614256670194396
20230724094406830,6.6,6.59,6.614256670194396
20230724094407120,6.6,6.59,6.614256670194396
20230724094407200,6.6,6.59,6.614256670194396
20230724094409170,6.6,6.59,6.614256670194396
20230724094409990,6.6,6.59,6.614256670194396
20230724094410080,6.6,6.59,6.614256670194396
20230724094411850,6.6,6.59,6.614256670194396
20230724094411890,6.6,6.59,6.614256670194396
20230724094414700,6.6,6.59,6.614256670194396
20230724094414730,6.6,6.59,6.614256670194396
20230724094414840,6.6,6.59,6.614256670194396
20230724094415100,6.6,6.59,6.614256670194396
20230724094415140,6.6,6.59,6.614256670194396
20230724094415150,6.6,6.59,6.614256670194396
20230724094415240,6.6,6.59,6.614256670194396
20230724094417500,6.6,6.59,6.614256670194396
20230724094418030,6.6,6.59,6.614256670194396
20230724094418110,6.6,6.59,6.614249526778755
20230724094418130,6.6,6.59,6.614249526778755
20230724094418240,6.6,6.59,6.614249526778755
20230724094420020,6.6,6.59,6.61424397573599
20230724094420080,6.6,6.59,6.61424397573599
20230724094420220,6.6,6.59,6.61424397573599
20230724094420590,6.6,6.59,6.61424397573599
20230724094420600,6.6,6.59,6.61424397573599
20230724094422630,6.6,6.59,6.61424397573599
20230724094422680,6.6,6.59,6.61424397573599
20230724094423480,6.6,6.59,6.61424397573599
20230724094425120,6.6,6.59,6.61424397573599
20230724094425190,6.6,6.59,6.61424397573599
20230724094425210,6.6,6.59,6.614241834065996
20230724094426150,6.6,6.59,6.614241834065996
20230724094427850,6.6,6.59,6.614241834065996
20230724094428180,6.6,6.59,6.614241834065996
20230724094428400,6.6,6.59,6.614241834065996
20230724094428720,6.6,6.59,6.614241834065996
20230724094430540,6.6,6.59,6.614241834065996
20230724094430710,6.6,6.59,6.614179659324197
20230724094431300,6.6,6.59,6.614179659324197
20230724094431310,6.6,6.59,6.614179659324197
20230724094431370,6.6,6.59,6.614179659324197
20230724094431550,6.6,6.59,6.614179659324197
20230724094433200,6.6,6.59,6.614179659324197
20230724094433250,6.6,6.59,6.614179659324197
20230724094433550,6.6,6.59,6.614179659324197
20230724094433800,6.6,6.59,6.614179659324197
20230724094433810,6.6,6.59,6.614178872614292
20230724094434000,6.6,6.59,6.614178872614292
20230724094434080,6.6,6.59,6.614178872614292
20230724094434100,6.6,6.59,6.614178872614292
20230724094434420,6.6,6.59,6.614166297117516
20230724094435910,6.6,6.59,6.614165511889585
20230724094435930,6.6,6.59,6.614165511889585
20230724094435960,6.6,6.59,6.614164726748697
20230724094435970,6.6,6.59,6.61416394169484
20230724094436210,6.6,6.59,6.614156095939733
20230724094436220,6.6,6.59,6.614152960070887
20230724094436250,6.6,6.59,6.614152960070887
20230724094436600,6.6,6.59,6.614103752759382
20230724094436620,6.6,6.59,6.614103752759382
20230724094436720,6.6,6.59,6.614099084188458
20230724094437080,6.6,6.59,6.6140975286849075
20230724094437100,6.6,6.59,6.614095973524545
20230724094437120,6.6,6.59,6.614095196073024
20230724094437130,6.6,6.59,6.614094418707258
20230724094438660,6.6,6.59,6.614094418707258
20230724094438820,6.6,6.59,6.614094418707258
20230724094438840,6.6,6.59,6.614094418707258
20230724094439580,6.6,6.59,6.61408044077135
20230724094439650,6.6,6.59,6.61408044077135
20230724094441330,6.6,6.59,6.61408044077135
20230724094442550,6.6,6.59,6.61408044077135
20230724094444480,6.6,6.59,6.61408044077135
20230724094444890,6.6,6.59,6.61408044077135
20230724094445000,6.6,6.59,6.61408044077135
20230724094446850,6.6,6.59,6.61408044077135
20230724094447140,6.6,6.59,6.61408044077135
20230724094449450,6.6,6.59,6.614066182138531
20230724094449720,6.6,6.59,6.614066182138531
20230724094449840,6.6,6.59,6.614008019334285
20230724094450030,6.6,6.59,6.614008019334285
20230724094450200,6.6,6.59,6.614008019334285
20230724094450350,6.6,6.59,6.614008019334285
20230724094452180,6.6,6.59,6.614008019334285
