Timestamp,ask1,bid1,VWAP
20230621093000130,6.7,6.68,6.69
20230621093000140,6.7,6.68,6.69
20230621093000150,6.7,6.68,6.69
20230621093000160,6.7,6.68,6.69
20230621093000170,6.69,6.68,6.69
20230621093000180,6.69,6.68,6.69
20230621093000190,6.69,6.68,6.69
20230621093000200,6.69,6.68,6.69
20230621093000210,6.69,6.68,6.69
20230621093000220,6.69,6.68,6.69
20230621093000230,6.69,6.68,6.69
20230621093000250,6.69,6.68,6.687931034482759
20230621093000270,6.69,6.68,6.687931034482759
20230621093000280,6.69,6.68,6.687931034482759
20230621093000550,6.69,6.68,6.687931034482759
20230621093000560,6.69,6.67,6.6869736842105265
20230621093000570,6.69,6.67,6.6869736842105265
20230621093000580,6.69,6.67,6.6869736842105265
20230621093000610,6.69,6.67,6.6869736842105265
20230621093000620,6.69,6.67,6.6869736842105265
20230621093000630,6.69,6.67,6.6869736842105265
20230621093000650,6.69,6.67,6.6869736842105265
20230621093000670,6.69,6.67,6.6869736842105265
20230621093000680,6.69,6.67,6.6865634674922605
20230621093000690,6.69,6.67,6.6865634674922605
20230621093000720,6.69,6.67,6.6865634674922605
20230621093000750,6.69,6.67,6.6865634674922605
20230621093000800,6.69,6.67,6.6865634674922605
20230621093000820,6.69,6.67,6.6865634674922605
20230621093000850,6.69,6.67,6.6865634674922605
20230621093001520,6.69,6.67,6.6865634674922605
20230621093001540,6.69,6.67,6.6865634674922605
20230621093001550,6.69,6.67,6.6865634674922605
20230621093001590,6.69,6.67,6.6865634674922605
20230621093001600,6.69,6.67,6.6865634674922605
20230621093001610,6.69,6.67,6.6865634674922605
20230621093001620,6.69,6.67,6.6865634674922605
20230621093001650,6.69,6.67,6.6865634674922605
20230621093001670,6.69,6.67,6.6865634674922605
20230621093001710,6.69,6.67,6.6865634674922605
20230621093001720,6.69,6.67,6.6865634674922605
20230621093001740,6.68,6.67,6.6865634674922605
20230621093001770,6.68,6.67,6.6865634674922605
20230621093001790,6.68,6.67,6.6865634674922605
20230621093001800,6.68,6.67,6.6865634674922605
20230621093001810,6.68,6.67,6.6865634674922605
20230621093001860,6.68,6.67,6.6865634674922605
20230621093001880,6.68,6.67,6.6865634674922605
20230621093001890,6.68,6.67,6.6865634674922605
20230621093001910,6.68,6.67,6.6865634674922605
20230621093001940,6.68,6.67,6.6865634674922605
20230621093001950,6.68,6.67,6.6865634674922605
20230621093001960,6.68,6.67,6.6865634674922605
20230621093001970,6.68,6.67,6.6865634674922605
20230621093002020,6.68,6.67,6.6865634674922605
20230621093002050,6.68,6.67,6.6865634674922605
20230621093002060,6.68,6.67,6.6865634674922605
20230621093002070,6.68,6.67,6.6865634674922605
20230621093002080,6.68,6.67,6.6865634674922605
20230621093002140,6.68,6.67,6.6865634674922605
20230621093003110,6.68,6.67,6.6865634674922605
20230621093003190,6.68,6.67,6.6865634674922605
20230621093003210,6.68,6.67,6.6865634674922605
20230621093003220,6.68,6.67,6.6865634674922605
20230621093003290,6.68,6.67,6.6865634674922605
20230621093003330,6.68,6.67,6.6865634674922605
20230621093003420,6.68,6.67,6.6865634674922605
20230621093003450,6.68,6.67,6.6865634674922605
20230621093003490,6.68,6.67,6.6865634674922605
20230621093003500,6.68,6.67,6.6865634674922605
20230621093003530,6.68,6.67,6.6865634674922605
20230621093003540,6.68,6.67,6.6865634674922605
20230621093003600,6.68,6.67,6.6865634674922605
20230621093003610,6.68,6.67,6.6865634674922605
20230621093003620,6.68,6.67,6.6865634674922605
20230621093003660,6.68,6.67,6.6865634674922605
20230621093003680,6.68,6.67,6.6865634674922605
20230621093003740,6.68,6.67,6.6865634674922605
20230621093003780,6.68,6.67,6.6865634674922605
20230621093003790,6.68,6.67,6.6865634674922605
20230621093003810,6.68,6.67,6.6865634674922605
20230621093003820,6.68,6.67,6.6865634674922605
20230621093003860,6.68,6.67,6.6865634674922605
20230621093003910,6.68,6.67,6.6865634674922605
20230621093003970,6.68,6.67,6.6865634674922605
20230621093003980,6.68,6.67,6.6865634674922605
20230621093004060,6.68,6.67,6.6865634674922605
20230621093004080,6.68,6.67,6.6865634674922605
20230621093004120,6.68,6.67,6.6865634674922605
20230621093004130,6.68,6.66,6.682067669172932
20230621093004140,6.68,6.66,6.682067669172932
20230621093004180,6.68,6.67,6.682067669172932
20230621093005840,6.68,6.67,6.682067669172932
20230621093005990,6.68,6.67,6.682067669172932
20230621093006110,6.68,6.67,6.682067669172932
20230621093006250,6.68,6.67,6.682067669172932
20230621093006260,6.68,6.67,6.682067669172932
20230621093006360,6.68,6.67,6.682067669172932
20230621093006380,6.68,6.66,6.682067669172932
20230621093006650,6.68,6.66,6.682067669172932
20230621093006850,6.68,6.66,6.682067669172932
20230621093006930,6.68,6.66,6.682067669172932
20230621093007100,6.67,6.66,6.6788226950354606
20230621093007170,6.67,6.66,6.67873595505618
20230621093007190,6.67,6.66,6.67873595505618
20230621093007220,6.67,6.66,6.67873595505618
20230621093007230,6.67,6.66,6.67873595505618
20230621093007290,6.67,6.66,6.67873595505618
20230621093007580,6.67,6.66,6.67873595505618
20230621093007650,6.67,6.66,6.67873595505618
20230621093007730,6.67,6.66,6.67873595505618
20230621093007900,6.67,6.66,6.67873595505618
20230621093007960,6.67,6.66,6.678520547945205
20230621093012100,6.67,6.66,6.678520547945205
20230621093013070,6.67,6.66,6.678520547945205
20230621093013130,6.67,6.66,6.678520547945205
20230621093013600,6.67,6.66,6.678520547945205
20230621093013740,6.67,6.66,6.678520547945205
20230621093014380,6.67,6.66,6.678483606557377
20230621093014520,6.67,6.66,6.678483606557377
20230621093014650,6.67,6.66,6.678483606557377
20230621093015250,6.67,6.67,6.678483606557377
20230621093017790,6.67,6.66,6.678483606557377
20230621093017820,6.67,6.66,6.678483606557377
20230621093018540,6.67,6.66,6.678483606557377
20230621093020480,6.67,6.66,6.678483606557377
20230621093020680,6.67,6.66,6.678483606557377
20230621093021330,6.67,6.66,6.678483606557377
20230621093021340,6.67,6.66,6.678483606557377
20230621093021530,6.67,6.66,6.678483606557377
20230621093021660,6.67,6.66,6.678483606557377
20230621093023450,6.67,6.67,6.678483606557377
20230621093023640,6.67,6.66,6.678483606557377
20230621093023740,6.67,6.67,6.678483606557377
20230621093023960,6.67,6.67,6.678483606557377
20230621093024000,6.67,6.67,6.67832389580974
20230621093026360,6.67,6.67,6.67832389580974
20230621093026440,6.67,6.67,6.67832389580974
20230621093026590,6.67,6.67,6.67832389580974
20230621093026750,6.67,6.67,6.67832389580974
20230621093026930,6.67,6.67,6.67832389580974
20230621093028840,6.67,6.67,6.67832389580974
20230621093029100,6.67,6.67,6.67832389580974
20230621093029460,6.67,6.67,6.67832389580974
20230621093029500,6.67,6.67,6.67832389580974
20230621093029510,6.67,6.67,6.67832389580974
20230621093031260,6.67,6.67,6.67832389580974
20230621093031400,6.67,6.67,6.67832389580974
20230621093031910,6.67,6.67,6.67832389580974
20230621093031940,6.67,6.67,6.67832389580974
20230621093032090,6.67,6.66,6.677894736842105
20230621093034070,6.67,6.67,6.677894736842105
20230621093034080,6.67,6.67,6.677894736842105
20230621093034450,6.67,6.67,6.677712486883526
20230621093034460,6.67,6.67,6.677712486883526
20230621093035050,6.67,6.67,6.677712486883526
20230621093035110,6.67,6.67,6.677712486883526
20230621093036990,6.67,6.67,6.677712486883526
20230621093037020,6.67,6.67,6.677704402515723
20230621093037060,6.67,6.67,6.677704402515723
20230621093037230,6.67,6.67,6.677696335078534
20230621093037350,6.67,6.67,6.677688284518829
20230621093037400,6.67,6.67,6.677688284518829
20230621093037590,6.67,6.67,6.677688284518829
20230621093039490,6.67,6.67,6.677688284518829
20230621093040040,6.67,6.67,6.677680250783699
20230621093040080,6.67,6.67,6.677680250783699
20230621093040520,6.67,6.66,6.67765625
20230621093042120,6.67,6.66,6.67765625
20230621093042150,6.67,6.67,6.67765625
20230621093043080,6.67,6.67,6.67765625
20230621093043220,6.67,6.67,6.67765625
20230621093044800,6.67,6.67,6.67765625
20230621093044810,6.67,6.67,6.67765625
20230621093045360,6.67,6.67,6.67765625
20230621093045800,6.67,6.67,6.67765625
20230621093045820,6.67,6.67,6.67765625
20230621093045830,6.67,6.67,6.67765625
20230621093047640,6.67,6.67,6.67765625
20230621093050940,6.67,6.67,6.67765625
20230621093052830,6.67,6.67,6.67765625
20230621093052870,6.67,6.67,6.67765625
20230621093052930,6.67,6.67,6.67765625
20230621093053670,6.67,6.67,6.67765625
20230621093053830,6.67,6.67,6.67765625
20230621093055550,6.67,6.67,6.67765625
20230621093055810,6.67,6.67,6.67765625
20230621093059080,6.67,6.67,6.67765625
20230621093059110,6.67,6.67,6.67765625
20230621093059430,6.67,6.67,6.67765625
20230621093059450,6.67,6.67,6.67765625
20230621093100920,6.67,6.67,6.67765625
20230621093100970,6.67,6.67,6.67765625
20230621093101470,6.67,6.67,6.67765625
20230621093101870,6.67,6.67,6.67765625
20230621093103760,6.67,6.67,6.677479674796748
20230621093104000,6.67,6.67,6.677479674796748
20230621093104070,6.67,6.67,6.677479674796748
20230621093104160,6.67,6.67,6.677479674796748
20230621093107040,6.67,6.67,6.677575757575758
20230621093107060,6.67,6.67,6.677599225556631
20230621093107070,6.67,6.67,6.677739288969918
20230621093107080,6.68,6.68,6.6778602243313205
20230621093107110,6.68,6.68,6.6778602243313205
20230621093107250,6.68,6.68,6.6778602243313205
20230621093107270,6.68,6.68,6.6778602243313205
20230621093109270,6.68,6.68,6.6778602243313205
20230621093109700,6.68,6.68,6.6778602243313205
20230621093109710,6.68,6.68,6.6778602243313205
20230621093109780,6.68,6.68,6.6778602243313205
20230621093109820,6.68,6.68,6.6778602243313205
20230621093109870,6.68,6.68,6.6778602243313205
20230621093109900,6.68,6.68,6.6778602243313205
20230621093109940,6.68,6.68,6.6778602243313205
20230621093110220,6.68,6.67,6.6778602243313205
20230621093110250,6.68,6.67,6.6778602243313205
20230621093114540,6.68,6.67,6.6778602243313205
20230621093114640,6.68,6.67,6.6778602243313205
20230621093114800,6.68,6.67,6.6778602243313205
20230621093115160,6.68,6.67,6.678158871566444
20230621093115180,6.68,6.67,6.678158871566444
20230621093115260,6.68,6.69,6.678188166115398
20230621093115320,6.68,6.69,6.678188166115398
20230621093115520,6.68,6.69,6.678188166115398
20230621093118150,6.68,6.69,6.678188166115398
20230621093120700,6.68,6.69,6.678188166115398
20230621093120900,6.68,6.69,6.678188166115398
20230621093120990,6.68,6.69,6.678188166115398
20230621093122870,6.68,6.69,6.678188166115398
20230621093122900,6.68,6.69,6.678188166115398
20230621093123480,6.68,6.69,6.678188166115398
20230621093125430,6.68,6.69,6.678188166115398
20230621093125600,6.68,6.69,6.678188166115398
20230621093126470,6.68,6.69,6.678188166115398
20230621093126480,6.68,6.69,6.678188166115398
20230621093128070,6.68,6.69,6.678188166115398
20230621093128090,6.68,6.69,6.678188166115398
20230621093128110,6.68,6.69,6.678188166115398
20230621093128210,6.68,6.69,6.678188166115398
20230621093128420,6.68,6.68,6.678188166115398
20230621093128530,6.68,6.68,6.678188166115398
20230621093128620,6.68,6.68,6.678188166115398
20230621093128970,6.68,6.68,6.678188166115398
20230621093129000,6.68,6.68,6.678188166115398
20230621093129030,6.68,6.68,6.678188166115398
20230621093130690,6.68,6.68,6.678188166115398
20230621093130900,6.68,6.68,6.678188166115398
20230621093130950,6.68,6.68,6.678188166115398
20230621093131080,6.68,6.68,6.678188166115398
20230621093131100,6.68,6.68,6.678188166115398
20230621093131130,6.68,6.68,6.678188166115398
20230621093131420,6.68,6.68,6.678188166115398
20230621093131790,6.68,6.68,6.678188166115398
20230621093131800,6.68,6.68,6.678188166115398
20230621093133350,6.68,6.68,6.678188166115398
20230621093133370,6.68,6.68,6.678188166115398
20230621093133640,6.68,6.68,6.678188166115398
20230621093133800,6.68,6.68,6.678188166115398
20230621093134080,6.68,6.68,6.678188166115398
20230621093134100,6.68,6.68,6.678188166115398
20230621093134110,6.68,6.68,6.678188166115398
20230621093134400,6.68,6.68,6.678188166115398
20230621093134540,6.68,6.68,6.678188166115398
20230621093136140,6.68,6.68,6.678188166115398
20230621093136150,6.68,6.68,6.678188166115398
20230621093136270,6.68,6.68,6.678188166115398
20230621093136800,6.68,6.68,6.678188166115398
20230621093136840,6.68,6.68,6.678188166115398
20230621093136930,6.68,6.68,6.678188166115398
20230621093137020,6.68,6.68,6.678188166115398
20230621093139040,6.68,6.68,6.678188166115398
20230621093139060,6.68,6.68,6.678188166115398
20230621093139420,6.68,6.68,6.678188166115398
20230621093139790,6.68,6.68,6.678188166115398
20230621093142290,6.68,6.68,6.678188166115398
20230621093142330,6.68,6.68,6.678188166115398
20230621093144130,6.68,6.68,6.678188166115398
20230621093144380,6.68,6.68,6.678188166115398
20230621093144610,6.68,6.68,6.678188166115398
20230621093145300,6.68,6.68,6.678188166115398
20230621093146860,6.68,6.68,6.678188166115398
20230621093146930,6.68,6.68,6.678188166115398
20230621093146960,6.68,6.68,6.678188166115398
20230621093147130,6.68,6.68,6.678814881488149
20230621093147140,6.68,6.68,6.678814881488149
20230621093147730,6.68,6.68,6.678814881488149
20230621093149920,6.68,6.68,6.678814881488149
20230621093149940,6.68,6.68,6.678814881488149
20230621093149970,6.68,6.68,6.678814881488149
20230621093150310,6.68,6.68,6.678814881488149
20230621093150440,6.68,6.68,6.678814881488149
20230621093150640,6.68,6.68,6.678868537666174
20230621093150700,6.68,6.68,6.678871870397644
20230621093150770,6.68,6.68,6.678871870397644
20230621093152250,6.68,6.68,6.678871870397644
20230621093152990,6.68,6.68,6.678871870397644
20230621093153080,6.68,6.68,6.678871870397644
20230621093153140,6.68,6.68,6.678871870397644
20230621093153290,6.68,6.68,6.678871870397644
20230621093153310,6.68,6.68,6.678871870397644
20230621093154980,6.68,6.68,6.678871870397644
20230621093155060,6.68,6.68,6.678871870397644
20230621093155240,6.68,6.68,6.678871870397644
20230621093155430,6.68,6.68,6.678871870397644
20230621093155640,6.68,6.68,6.678871870397644
20230621093155960,6.68,6.68,6.678871870397644
20230621093155970,6.68,6.68,6.678871870397644
20230621093155980,6.68,6.68,6.678871870397644
20230621093155990,6.68,6.68,6.678871870397644
20230621093157900,6.68,6.68,6.678871870397644
20230621093158000,6.68,6.68,6.678871870397644
20230621093158060,6.68,6.68,6.678871870397644
20230621093158070,6.68,6.68,6.678871870397644
20230621093158080,6.68,6.68,6.678871870397644
20230621093158280,6.68,6.68,6.678871870397644
20230621093158600,6.68,6.68,6.678871870397644
20230621093158610,6.68,6.68,6.678871870397644
20230621093200580,6.68,6.68,6.678871870397644
20230621093201070,6.68,6.68,6.678871870397644
20230621093201080,6.68,6.68,6.678871870397644
20230621093201150,6.68,6.68,6.678871870397644
20230621093201500,6.68,6.68,6.67941372603501
20230621093203090,6.68,6.68,6.67941372603501
20230621093203370,6.68,6.68,6.67941372603501
20230621093203600,6.68,6.68,6.67941372603501
20230621093203850,6.68,6.68,6.67941372603501
20230621093206130,6.68,6.68,6.67941372603501
20230621093206250,6.68,6.68,6.67941372603501
20230621093206930,6.68,6.68,6.67941372603501
20230621093208500,6.68,6.68,6.67941372603501
20230621093208510,6.68,6.68,6.67941372603501
20230621093208570,6.68,6.68,6.67941372603501
20230621093208700,6.68,6.68,6.67941372603501
20230621093209410,6.68,6.68,6.67941372603501
20230621093209530,6.68,6.68,6.679472521402928
20230621093209610,6.68,6.68,6.679472521402928
20230621093211170,6.68,6.68,6.679472521402928
20230621093211680,6.68,6.68,6.679472521402928
20230621093211780,6.68,6.68,6.679472521402928
20230621093211840,6.68,6.68,6.679472521402928
20230621093212170,6.68,6.68,6.679472521402928
20230621093212300,6.68,6.68,6.679472521402928
20230621093212360,6.68,6.68,6.679472521402928
20230621093214770,6.68,6.68,6.679472521402928
20230621093215000,6.68,6.68,6.679472521402928
20230621093216590,6.68,6.68,6.679472521402928
20230621093216820,6.68,6.68,6.679472521402928
20230621093217150,6.68,6.68,6.679472521402928
20230621093217230,6.68,6.68,6.679472521402928
20230621093217510,6.68,6.68,6.679472521402928
20230621093219260,6.68,6.68,6.679472521402928
20230621093220040,6.68,6.68,6.679472521402928
20230621093220340,6.68,6.68,6.679472521402928
20230621093222040,6.68,6.68,6.679472521402928
20230621093222050,6.68,6.68,6.679472521402928
20230621093222070,6.68,6.68,6.679514663898261
20230621093222080,6.68,6.68,6.67951617076326
20230621093222120,6.68,6.67,6.67951617076326
20230621093222200,6.68,6.67,6.67951617076326
20230621093222210,6.68,6.68,6.67951617076326
20230621093222290,6.68,6.68,6.67951617076326
20230621093222730,6.68,6.68,6.67951617076326
20230621093223000,6.68,6.68,6.679627252530239
20230621093224710,6.68,6.68,6.679627252530239
20230621093224800,6.68,6.68,6.679627252530239
20230621093225070,6.68,6.67,6.679627252530239
20230621093225080,6.68,6.67,6.6796323350377405
20230621093225120,6.68,6.67,6.6796323350377405
20230621093225220,6.68,6.67,6.679590699927343
20230621093225280,6.68,6.67,6.679590699927343
20230621093225420,6.68,6.67,6.679590699927343
20230621093225450,6.68,6.67,6.679591293833131
20230621093225850,6.68,6.67,6.679591293833131
20230621093227540,6.68,6.67,6.679395877754087
20230621093227600,6.68,6.67,6.679395877754087
20230621093228070,6.68,6.67,6.67939702057224
20230621093228120,6.68,6.67,6.67939702057224
20230621093228210,6.68,6.67,6.67939702057224
20230621093228410,6.68,6.67,6.67939702057224
20230621093228510,6.68,6.67,6.67939702057224
20230621093230030,6.68,6.67,6.67939702057224
20230621093230250,6.68,6.67,6.67939702057224
20230621093230490,6.68,6.67,6.67939702057224
20230621093230770,6.68,6.67,6.67939702057224
20230621093230800,6.68,6.67,6.67939702057224
20230621093230940,6.68,6.67,6.67939702057224
20230621093230960,6.68,6.67,6.67939702057224
20230621093231160,6.68,6.67,6.67939702057224
20230621093233120,6.68,6.67,6.679388798512665
20230621093233480,6.68,6.67,6.679388798512665
20230621093233640,6.68,6.67,6.679388798512665
20230621093235460,6.68,6.67,6.679388798512665
20230621093235790,6.68,6.67,6.679388798512665
20230621093235850,6.68,6.67,6.679388798512665
20230621093235860,6.68,6.67,6.679388798512665
20230621093236130,6.68,6.67,6.679388798512665
20230621093236600,6.68,6.67,6.679388798512665
20230621093236660,6.68,6.67,6.679388798512665
20230621093238550,6.68,6.67,6.679388798512665
20230621093238990,6.68,6.68,6.679388798512665
20230621093239000,6.68,6.68,6.679388798512665
20230621093239030,6.68,6.68,6.679388798512665
20230621093239170,6.68,6.68,6.679388798512665
20230621093241340,6.68,6.68,6.67941585535466
20230621093241400,6.68,6.68,6.67941585535466
20230621093241910,6.68,6.68,6.67941585535466
20230621093243590,6.68,6.68,6.67941585535466
20230621093243990,6.68,6.68,6.67941585535466
20230621093247040,6.68,6.68,6.67941585535466
20230621093247310,6.68,6.67,6.679467373760664
20230621093249420,6.68,6.67,6.679467373760664
20230621093250080,6.68,6.67,6.679467373760664
20230621093254420,6.68,6.67,6.679467373760664
20230621093255050,6.68,6.67,6.679467373760664
20230621093257330,6.68,6.67,6.679467373760664
20230621093257380,6.68,6.67,6.679467373760664
20230621093257720,6.68,6.67,6.679467373760664
20230621093257780,6.68,6.67,6.679467373760664
20230621093257820,6.68,6.68,6.679467373760664
20230621093258140,6.68,6.68,6.679467373760664
20230621093258180,6.68,6.68,6.679467373760664
20230621093300300,6.68,6.68,6.679467373760664
20230621093300360,6.68,6.68,6.679603894666962
20230621093300650,6.68,6.68,6.679603894666962
20230621093300800,6.68,6.68,6.679603894666962
20230621093300810,6.68,6.68,6.679603894666962
20230621093300880,6.68,6.68,6.679604943721033
20230621093300910,6.68,6.68,6.6796059872331055
20230621093303010,6.68,6.68,6.6796059872331055
20230621093303630,6.68,6.67,6.679621324307171
20230621093305450,6.68,6.67,6.679621324307171
20230621093305700,6.68,6.67,6.679627161008123
20230621093305800,6.68,6.68,6.679627161008123
20230621093306270,6.68,6.68,6.679627161008123
20230621093307820,6.68,6.68,6.679627161008123
20230621093308380,6.68,6.68,6.679627161008123
20230621093308480,6.68,6.68,6.679627161008123
20230621093308720,6.68,6.68,6.679627161008123
20230621093310650,6.68,6.68,6.679627161008123
20230621093311020,6.68,6.68,6.679627161008123
20230621093311030,6.68,6.68,6.679627161008123
20230621093311440,6.68,6.68,6.679627161008123
20230621093311620,6.68,6.68,6.679631003916718
20230621093311760,6.68,6.68,6.679631003916718
20230621093313350,6.68,6.68,6.679631003916718
20230621093313760,6.68,6.68,6.679631003916718
20230621093315970,6.68,6.68,6.679631763011726
20230621093316510,6.68,6.68,6.679631763011726
20230621093318760,6.68,6.68,6.679631763011726
20230621093321700,6.68,6.68,6.679631763011726
20230621093321750,6.68,6.68,6.679631763011726
20230621093322050,6.68,6.68,6.679631763011726
20230621093322070,6.68,6.68,6.679631763011726
20230621093322210,6.68,6.68,6.679631763011726
20230621093322470,6.68,6.68,6.679631763011726
20230621093324040,6.68,6.68,6.679631763011726
20230621093324310,6.68,6.68,6.679631763011726
20230621093324570,6.68,6.68,6.679631763011726
20230621093324990,6.68,6.68,6.679631763011726
20230621093325080,6.68,6.68,6.679631763011726
20230621093325160,6.68,6.68,6.679631763011726
20230621093325220,6.68,6.68,6.679631763011726
20230621093326960,6.68,6.68,6.679631763011726
20230621093327580,6.68,6.68,6.679631763011726
20230621093327620,6.68,6.68,6.679631763011726
20230621093330290,6.68,6.68,6.679631763011726
20230621093330610,6.68,6.68,6.679631763011726
20230621093330620,6.68,6.68,6.679631763011726
20230621093332560,6.68,6.68,6.679631763011726
20230621093332700,6.68,6.68,6.679631763011726
20230621093334960,6.68,6.68,6.679631763011726
20230621093335040,6.68,6.68,6.679631763011726
20230621093335050,6.68,6.68,6.679631763011726
20230621093335300,6.68,6.68,6.679631763011726
20230621093335340,6.68,6.68,6.679631763011726
20230621093337850,6.68,6.68,6.679631763011726
20230621093337880,6.68,6.68,6.679631763011726
20230621093338020,6.68,6.68,6.679631763011726
20230621093338250,6.68,6.68,6.679631763011726
20230621093338320,6.68,6.68,6.679631763011726
20230621093338550,6.68,6.68,6.679631763011726
20230621093338730,6.68,6.68,6.679631763011726
20230621093340310,6.68,6.68,6.679631763011726
20230621093341300,6.68,6.68,6.679631763011726
20230621093343090,6.68,6.68,6.679631763011726
20230621093343120,6.68,6.68,6.679631763011726
20230621093343470,6.68,6.68,6.679631763011726
20230621093343510,6.68,6.68,6.679631763011726
20230621093343590,6.68,6.68,6.679631763011726
20230621093343790,6.68,6.68,6.679631763011726
20230621093343860,6.68,6.68,6.679631763011726
20230621093344150,6.68,6.68,6.679631763011726
20230621093345780,6.68,6.68,6.679631763011726
20230621093346160,6.68,6.68,6.679631763011726
20230621093346190,6.68,6.68,6.679631763011726
20230621093346310,6.68,6.68,6.679631763011726
20230621093348830,6.68,6.68,6.679631763011726
20230621093349230,6.68,6.68,6.679631763011726
20230621093349280,6.68,6.67,6.679749103942652
20230621093349290,6.68,6.68,6.67975936312647
20230621093349360,6.68,6.68,6.67975936312647
20230621093349400,6.68,6.68,6.67975936312647
20230621093352000,6.68,6.68,6.67975936312647
20230621093352010,6.68,6.68,6.67975936312647
20230621093352090,6.68,6.68,6.67975936312647
20230621093352170,6.68,6.68,6.67975936312647
20230621093352250,6.68,6.68,6.67975936312647
20230621093354110,6.68,6.68,6.67975936312647
20230621093354690,6.68,6.68,6.67976332429991
20230621093354850,6.68,6.68,6.67976332429991
20230621093356590,6.68,6.68,6.67976332429991
20230621093357290,6.68,6.68,6.67976332429991
20230621093359290,6.68,6.68,6.67976332429991
20230621093359620,6.68,6.68,6.67976332429991
20230621093401800,6.68,6.68,6.67976332429991
20230621093402070,6.68,6.68,6.67976332429991
20230621093402190,6.68,6.68,6.67976332429991
20230621093402370,6.68,6.68,6.67976332429991
20230621093402520,6.68,6.68,6.67976332429991
20230621093402960,6.68,6.68,6.67976332429991
20230621093404640,6.68,6.68,6.67976332429991
20230621093405510,6.68,6.68,6.67976332429991
20230621093407340,6.68,6.68,6.67976332429991
20230621093407500,6.68,6.68,6.67976332429991
20230621093407660,6.68,6.68,6.67976332429991
20230621093407670,6.68,6.68,6.679767525680303
20230621093410100,6.68,6.68,6.679767525680303
20230621093411050,6.68,6.68,6.679771212394163
20230621093411170,6.68,6.68,6.679771212394163
20230621093412680,6.68,6.68,6.679771212394163
20230621093413600,6.68,6.68,6.679771212394163
20230621093413780,6.68,6.68,6.679771212394163
20230621093415370,6.68,6.68,6.679771212394163
20230621093415600,6.68,6.68,6.679771212394163
20230621093416150,6.68,6.68,6.679771212394163
20230621093418350,6.68,6.68,6.679771212394163
20230621093419090,6.68,6.68,6.679771212394163
20230621093419160,6.68,6.68,6.679771212394163
20230621093419220,6.68,6.68,6.679771459420551
20230621093420800,6.68,6.68,6.679771459420551
20230621093420890,6.68,6.68,6.679771869947907
20230621093420940,6.68,6.68,6.679771869947907
20230621093421140,6.68,6.68,6.679771869947907
20230621093421560,6.68,6.68,6.679771869947907
20230621093421570,6.68,6.68,6.679771869947907
20230621093421610,6.68,6.68,6.679771869947907
20230621093421660,6.68,6.68,6.679771869947907
20230621093421680,6.68,6.68,6.679771869947907
20230621093423460,6.68,6.68,6.679771869947907
20230621093423650,6.68,6.68,6.679771869947907
20230621093424040,6.68,6.68,6.679771869947907
20230621093424060,6.68,6.68,6.679771869947907
20230621093424100,6.68,6.68,6.679771869947907
20230621093424160,6.68,6.68,6.679771869947907
20230621093424190,6.68,6.68,6.679771869947907
20230621093424480,6.68,6.68,6.679771869947907
20230621093424520,6.68,6.68,6.679771869947907
20230621093426430,6.68,6.68,6.679771869947907
20230621093427160,6.68,6.68,6.679771869947907
20230621093429660,6.68,6.68,6.679771869947907
20230621093429720,6.68,6.68,6.679771869947907
20230621093429730,6.68,6.68,6.679771869947907
20230621093431700,6.68,6.68,6.679771869947907
20230621093432030,6.68,6.68,6.679838279722765
20230621093432040,6.69,6.68,6.679899311075782
20230621093432140,6.69,6.68,6.679899311075782
20230621093432170,6.69,6.68,6.679899311075782
20230621093432270,6.69,6.68,6.679899311075782
20230621093432280,6.69,6.68,6.6799135650026455
20230621093432430,6.69,6.68,6.6799135650026455
20230621093436910,6.69,6.68,6.6799135650026455
20230621093437060,6.69,6.68,6.6799135650026455
20230621093437090,6.69,6.68,6.6799135650026455
20230621093437440,6.69,6.68,6.6799135650026455
20230621093437500,6.69,6.68,6.6799135650026455
20230621093437700,6.69,6.68,6.6799135650026455
20230621093440100,6.69,6.68,6.6799135650026455
20230621093440800,6.69,6.68,6.679917151419002
20230621093442420,6.69,6.68,6.679917151419002
20230621093442790,6.69,6.68,6.679917151419002
20230621093442900,6.69,6.68,6.679917151419002
20230621093443070,6.69,6.68,6.679924255768892
20230621093443080,6.69,6.68,6.679985994397759
20230621093443110,6.69,6.68,6.679985994397759
20230621093443240,6.69,6.68,6.679985994397759
20230621093445580,6.69,6.68,6.679985994397759
20230621093446070,6.69,6.68,6.679985994397759
20230621093446080,6.69,6.68,6.679985994397759
20230621093446110,6.69,6.68,6.679985994397759
20230621093446150,6.69,6.68,6.679985994397759
20230621093447930,6.69,6.68,6.679985994397759
20230621093448080,6.69,6.68,6.679985994397759
20230621093451350,6.69,6.68,6.679985994397759
20230621093453400,6.69,6.68,6.679985994397759
20230621093453740,6.69,6.68,6.679985994397759
20230621093453920,6.69,6.68,6.679985994397759
20230621093453970,6.69,6.69,6.679985994397759
20230621093454120,6.69,6.69,6.679985994397759
20230621093456190,6.69,6.69,6.679985994397759
20230621093458780,6.69,6.69,6.679985994397759
20230621093459520,6.69,6.69,6.679985994397759
20230621093501340,6.69,6.69,6.679985994397759
20230621093501620,6.69,6.69,6.679985994397759
20230621093501660,6.69,6.69,6.679985994397759
20230621093501670,6.69,6.69,6.679985994397759
20230621093501720,6.69,6.69,6.679985994397759
20230621093504120,6.69,6.69,6.68022754491018
20230621093504440,6.69,6.69,6.68022754491018
20230621093506630,6.69,6.69,6.68022754491018
20230621093506860,6.69,6.69,6.68022754491018
20230621093509410,6.69,6.69,6.68022754491018
20230621093510110,6.69,6.69,6.68022754491018
20230621093510120,6.69,6.69,6.68022754491018
20230621093510130,6.69,6.69,6.68022754491018
20230621093510410,6.69,6.69,6.68022754491018
20230621093512100,6.69,6.69,6.68022754491018
20230621093512660,6.69,6.69,6.68022754491018
20230621093513120,6.69,6.69,6.68022754491018
20230621093515240,6.69,6.69,6.68022754491018
20230621093515440,6.69,6.69,6.68022754491018
20230621093515650,6.69,6.69,6.68022754491018
20230621093517500,6.69,6.69,6.68022754491018
20230621093517920,6.69,6.69,6.68022754491018
20230621093518040,6.69,6.69,6.68022754491018
20230621093518060,6.69,6.69,6.68022754491018
20230621093520110,6.69,6.69,6.68022754491018
20230621093520130,6.69,6.69,6.68022754491018
20230621093520440,6.69,6.69,6.68046888036042
20230621093520500,6.69,6.69,6.68046888036042
20230621093520700,6.69,6.69,6.68046888036042
20230621093520910,6.69,6.69,6.68046888036042
20230621093521010,6.69,6.69,6.680789430494009
20230621093522850,6.69,6.69,6.680789430494009
20230621093523010,6.69,6.69,6.680789430494009
20230621093523090,6.69,6.69,6.680789430494009
20230621093523700,6.69,6.69,6.680789430494009
20230621093523810,6.69,6.69,6.680789430494009
20230621093524050,6.69,6.69,6.680789430494009
20230621093525630,6.69,6.69,6.680789430494009
20230621093525820,6.69,6.69,6.680789430494009
20230621093526100,6.69,6.69,6.680889795918367
20230621093526190,6.69,6.69,6.680889795918367
20230621093526270,6.69,6.69,6.680889795918367
20230621093528210,6.69,6.69,6.680889795918367
20230621093528230,6.69,6.69,6.680943028729103
20230621093528270,6.69,6.69,6.680943028729103
20230621093528370,6.69,6.69,6.680943028729103
20230621093528830,6.69,6.69,6.680945967872789
20230621093531060,6.69,6.69,6.680945967872789
20230621093531410,6.69,6.69,6.680945967872789
20230621093531790,6.69,6.69,6.681117543013346
20230621093533670,6.69,6.69,6.681131802857601
20230621093534020,6.69,6.69,6.681131802857601
20230621093534310,6.69,6.69,6.681131802857601
20230621093534320,6.69,6.69,6.681131802857601
20230621093534330,6.69,6.69,6.681131802857601
20230621093534340,6.69,6.69,6.681131802857601
20230621093534490,6.69,6.69,6.681131802857601
20230621093534790,6.69,6.69,6.6811883873026
20230621093534820,6.69,6.69,6.681194006057708
20230621093536760,6.69,6.69,6.68121361539685
20230621093537480,6.69,6.69,6.68121361539685
20230621093539000,6.69,6.69,6.68121361539685
20230621093539250,6.69,6.69,6.68121361539685
20230621093540040,6.69,6.69,6.681221992690291
20230621093541770,6.69,6.69,6.681221992690291
20230621093541830,6.69,6.69,6.681221992690291
20230621093541840,6.69,6.69,6.681221992690291
20230621093541900,6.69,6.69,6.681221992690291
20230621093541970,6.69,6.69,6.681221992690291
20230621093542210,6.69,6.69,6.681221992690291
20230621093542510,6.69,6.69,6.6812275686835
20230621093542750,6.69,6.69,6.681484507476491
20230621093542790,6.69,6.69,6.681562547731786
20230621093545130,6.69,6.69,6.681562547731786
20230621093545140,6.69,6.69,6.681562547731786
20230621093545370,6.69,6.69,6.681562547731786
20230621093545510,6.69,6.69,6.681611237661351
20230621093545550,6.69,6.69,6.681629034702228
20230621093545560,6.69,6.69,6.681629034702228
20230621093545570,6.69,6.69,6.681629034702228
20230621093548150,6.69,6.69,6.681629034702228
20230621093548300,6.69,6.69,6.681629034702228
20230621093548310,6.69,6.69,6.681629034702228
20230621093550210,6.69,6.69,6.681656849418517
20230621093550380,6.69,6.69,6.681656849418517
20230621093553090,6.69,6.69,6.681666918087193
20230621093555480,6.69,6.69,6.681666918087193
20230621093555490,6.69,6.69,6.681666918087193
20230621093555520,6.69,6.69,6.681666918087193
20230621093556110,6.69,6.69,6.681666918087193
20230621093556160,6.69,6.69,6.681666918087193
20230621093556430,6.69,6.69,6.681666918087193
20230621093558070,6.69,6.69,6.681666918087193
20230621093558090,6.69,6.69,6.681682989302396
20230621093558100,6.69,6.69,6.681682989302396
20230621093558110,6.69,6.69,6.6816854948034345
20230621093558130,6.69,6.69,6.6816854948034345
20230621093558140,6.69,6.69,6.6816854948034345
20230621093558150,6.69,6.69,6.6816854948034345
20230621093558200,6.69,6.69,6.6816854948034345
20230621093558220,6.69,6.69,6.6816854948034345
20230621093558260,6.69,6.69,6.6816854948034345
20230621093558420,6.69,6.69,6.6816854948034345
20230621093558630,6.69,6.69,6.6816854948034345
20230621093558840,6.69,6.69,6.6816854948034345
20230621093559040,6.69,6.69,6.6816854948034345
20230621093600710,6.69,6.69,6.6816854948034345
20230621093600910,6.69,6.69,6.6816854948034345
20230621093600950,6.69,6.69,6.6816854948034345
20230621093601020,6.69,6.69,6.6816854948034345
20230621093601070,6.69,6.69,6.6816854948034345
20230621093601080,6.69,6.69,6.6816854948034345
20230621093601100,6.69,6.69,6.6816854948034345
20230621093601110,6.69,6.69,6.6816854948034345
20230621093601120,6.69,6.69,6.6816854948034345
20230621093601230,6.69,6.69,6.6816854948034345
20230621093601320,6.69,6.69,6.6816854948034345
20230621093603320,6.69,6.69,6.6816854948034345
20230621093603590,6.69,6.69,6.6816854948034345
20230621093603610,6.69,6.69,6.6816854948034345
20230621093604090,6.69,6.69,6.6816854948034345
20230621093604340,6.69,6.69,6.682003378854005
20230621093604380,6.69,6.69,6.682003378854005
20230621093604470,6.69,6.69,6.682003378854005
20230621093605980,6.69,6.69,6.681991045193787
20230621093606350,6.69,6.69,6.681991045193787
20230621093606420,6.69,6.69,6.681991045193787
20230621093606450,6.69,6.69,6.681991045193787
20230621093607020,6.69,6.69,6.681991045193787
20230621093607140,6.69,6.69,6.681991045193787
20230621093607250,6.69,6.69,6.681991045193787
20230621093609270,6.69,6.69,6.681991045193787
20230621093609540,6.69,6.69,6.681991045193787
20230621093609940,6.69,6.69,6.681991045193787
20230621093609950,6.69,6.69,6.681991045193787
20230621093612420,6.69,6.69,6.681991045193787
20230621093614450,6.69,6.69,6.681991045193787
20230621093614590,6.69,6.69,6.681991045193787
20230621093617100,6.69,6.69,6.681991045193787
20230621093617110,6.69,6.69,6.682025368812905
20230621093617440,6.69,6.69,6.682025368812905
20230621093618000,6.69,6.69,6.682025368812905
20230621093622260,6.69,6.69,6.682025368812905
20230621093622300,6.69,6.69,6.682025368812905
20230621093622810,6.69,6.69,6.682025368812905
20230621093622910,6.69,6.69,6.682025368812905
20230621093625070,6.69,6.69,6.682025368812905
20230621093625080,6.69,6.69,6.682025368812905
20230621093625200,6.69,6.69,6.682106623147015
20230621093627920,6.69,6.69,6.682106623147015
20230621093628090,6.69,6.69,6.682106623147015
20230621093628280,6.69,6.69,6.682106623147015
20230621093628350,6.69,6.69,6.682106623147015
20230621093628550,6.69,6.69,6.682106623147015
20230621093630840,6.69,6.69,6.682106623147015
20230621093631070,6.69,6.69,6.682106623147015
20230621093631080,6.69,6.69,6.682106623147015
20230621093633180,6.69,6.69,6.682106623147015
20230621093633510,6.69,6.69,6.682106623147015
20230621093633590,6.69,6.69,6.682106623147015
20230621093634080,6.69,6.69,6.682106623147015
20230621093635800,6.69,6.69,6.682106623147015
20230621093635850,6.69,6.69,6.682106623147015
20230621093635960,6.69,6.69,6.682106623147015
20230621093636070,6.69,6.69,6.682106623147015
20230621093636160,6.69,6.69,6.682106623147015
20230621093638660,6.69,6.69,6.682106623147015
20230621093639100,6.69,6.69,6.682106623147015
20230621093639220,6.69,6.69,6.682106623147015
20230621093639360,6.69,6.69,6.682106623147015
20230621093641290,6.69,6.69,6.682106623147015
20230621093641610,6.69,6.69,6.682108196275656
20230621093643810,6.69,6.69,6.682108196275656
20230621093644200,6.69,6.69,6.682107623318386
20230621093644680,6.69,6.69,6.682107623318386
20230621093646630,6.69,6.69,6.682107623318386
20230621093646870,6.69,6.69,6.682107623318386
20230621093647040,6.69,6.69,6.682107623318386
20230621093649280,6.69,6.69,6.682107623318386
20230621093649520,6.69,6.69,6.682107623318386
20230621093649630,6.69,6.69,6.682107623318386
20230621093649820,6.69,6.69,6.682107623318386
20230621093650110,6.69,6.69,6.682107623318386
20230621093652540,6.69,6.69,6.682107623318386
20230621093652620,6.69,6.69,6.682107623318386
20230621093654660,6.69,6.69,6.682102480683205
20230621093654930,6.69,6.69,6.682102480683205
20230621093655000,6.69,6.69,6.682102480683205
20230621093655190,6.69,6.69,6.682102480683205
20230621093655660,6.69,6.69,6.682102480683205
20230621093657540,6.69,6.69,6.682102480683205
20230621093657610,6.69,6.69,6.682130838605465
20230621093657620,6.69,6.69,6.682130838605465
20230621093658010,6.69,6.69,6.682130838605465
20230621093700030,6.69,6.69,6.682130838605465
20230621093700120,6.69,6.69,6.682130838605465
20230621093700510,6.69,6.69,6.682128546456904
20230621093700750,6.69,6.69,6.682128546456904
20230621093700930,6.69,6.69,6.682128546456904
20230621093701000,6.69,6.69,6.682128546456904
20230621093703010,6.69,6.69,6.682128546456904
20230621093703300,6.69,6.69,6.682134318334453
20230621093703750,6.69,6.69,6.682134318334453
20230621093703760,6.69,6.69,6.682134318334453
20230621093703780,6.69,6.69,6.682134318334453
20230621093705700,6.69,6.69,6.682134318334453
20230621093706030,6.69,6.69,6.682134318334453
20230621093706130,6.69,6.69,6.682134318334453
20230621093708110,6.69,6.68,6.682077939061069
20230621093710810,6.69,6.68,6.682077939061069
20230621093710960,6.69,6.68,6.682077939061069
20230621093710980,6.69,6.68,6.682077939061069
20230621093711190,6.69,6.68,6.682123260954362
20230621093711200,6.69,6.68,6.682123260954362
20230621093711450,6.69,6.68,6.682164015004528
20230621093711640,6.69,6.68,6.682164015004528
20230621093711680,6.69,6.68,6.682164015004528
20230621093713560,6.69,6.68,6.682164015004528
20230621093713850,6.69,6.68,6.682164015004528
20230621093713960,6.69,6.68,6.682164015004528
20230621093714120,6.69,6.68,6.682164015004528
20230621093714510,6.69,6.68,6.682164015004528
20230621093716550,6.69,6.68,6.682164015004528
20230621093716760,6.69,6.68,6.682164015004528
20230621093716800,6.69,6.68,6.682164015004528
20230621093716900,6.69,6.68,6.682164015004528
20230621093718900,6.69,6.68,6.682164015004528
20230621093718920,6.69,6.68,6.6821528760777245
20230621093719500,6.69,6.68,6.6821528760777245
20230621093719850,6.69,6.68,6.6821528760777245
20230621093721690,6.69,6.68,6.6821528760777245
20230621093721740,6.69,6.68,6.682146798408828
20230621093722080,6.69,6.68,6.682138565767608
20230621093722150,6.69,6.68,6.682140575079872
20230621093722190,6.69,6.68,6.682140575079872
20230621093722700,6.69,6.68,6.682140575079872
20230621093724290,6.69,6.68,6.682140575079872
20230621093724970,6.69,6.68,6.682140575079872
20230621093727000,6.68,6.68,6.682140575079872
20230621093727030,6.68,6.68,6.682140575079872
20230621093727070,6.68,6.68,6.682140575079872
20230621093727080,6.68,6.68,6.682140575079872
20230621093727320,6.68,6.68,6.682140575079872
20230621093727450,6.68,6.68,6.682140575079872
20230621093727460,6.68,6.68,6.682140575079872
20230621093727980,6.68,6.68,6.682140575079872
20230621093728070,6.68,6.68,6.682140575079872
20230621093728080,6.68,6.68,6.682140575079872
20230621093728090,6.68,6.68,6.682140575079872
20230621093728110,6.68,6.68,6.682140575079872
20230621093728120,6.68,6.68,6.682140575079872
20230621093728130,6.68,6.68,6.682140575079872
20230621093728150,6.68,6.68,6.682140575079872
20230621093728240,6.68,6.68,6.682140575079872
20230621093730010,6.68,6.68,6.682140575079872
20230621093730310,6.68,6.68,6.682140575079872
20230621093732400,6.68,6.68,6.682140575079872
20230621093732440,6.68,6.68,6.682140575079872
20230621093732980,6.68,6.68,6.682140575079872
20230621093733130,6.68,6.68,6.682140575079872
20230621093733580,6.68,6.68,6.682140575079872
20230621093738510,6.68,6.68,6.682140575079872
20230621093738750,6.68,6.68,6.682140575079872
20230621093740650,6.68,6.68,6.682140575079872
20230621093740770,6.68,6.68,6.682140575079872
20230621093740980,6.68,6.68,6.682140575079872
20230621093741060,6.68,6.68,6.682140575079872
20230621093741100,6.68,6.68,6.682140575079872
20230621093741140,6.68,6.68,6.682140575079872
20230621093741160,6.68,6.68,6.682062353086725
20230621093743340,6.68,6.68,6.682062353086725
20230621093743750,6.68,6.68,6.682062353086725
20230621093746080,6.68,6.68,6.682062353086725
20230621093746270,6.68,6.68,6.682062353086725
20230621093746350,6.68,6.68,6.682062353086725
20230621093746480,6.68,6.68,6.682020712612502
20230621093747040,6.68,6.68,6.682020712612502
20230621093748800,6.68,6.68,6.682020712612502
20230621093749080,6.68,6.68,6.682020712612502
20230621093749110,6.68,6.68,6.682020712612502
20230621093749120,6.68,6.68,6.682020712612502
20230621093749750,6.68,6.68,6.682020712612502
20230621093751880,6.68,6.68,6.682020712612502
20230621093751920,6.68,6.68,6.682020712612502
20230621093752400,6.68,6.68,6.682020712612502
20230621093754710,6.68,6.68,6.682020712612502
20230621093754820,6.68,6.68,6.682020712612502
20230621093755110,6.68,6.68,6.682014787430684
20230621093755140,6.68,6.68,6.682014787430684
20230621093757370,6.68,6.68,6.682014787430684
20230621093757390,6.68,6.68,6.682014787430684
20230621093757400,6.68,6.68,6.682014787430684
20230621093757420,6.68,6.68,6.682014787430684
20230621093757670,6.68,6.68,6.682014787430684
20230621093757770,6.68,6.68,6.682014787430684
20230621093757800,6.68,6.68,6.682014787430684
20230621093759700,6.68,6.68,6.682014787430684
20230621093759800,6.68,6.68,6.682014787430684
20230621093800630,6.68,6.68,6.682014787430684
20230621093802250,6.68,6.68,6.682014787430684
20230621093802270,6.68,6.68,6.682002954573433
20230621093802490,6.68,6.68,6.682002954573433
20230621093802520,6.68,6.68,6.682002954573433
20230621093802560,6.68,6.68,6.682002954573433
20230621093802580,6.68,6.68,6.682002954573433
20230621093802640,6.68,6.68,6.682002954573433
20230621093802670,6.68,6.68,6.682002954573433
20230621093802930,6.68,6.68,6.682002954573433
20230621093805090,6.68,6.68,6.682002954573433
20230621093805120,6.68,6.68,6.682002954573433
20230621093805130,6.68,6.68,6.681997046880768
20230621093805140,6.68,6.68,6.681991145000615
20230621093805160,6.68,6.68,6.681991145000615
20230621093805250,6.68,6.68,6.681991145000615
20230621093805460,6.68,6.68,6.681991145000615
20230621093807910,6.68,6.68,6.681991145000615
20230621093808030,6.68,6.68,6.681991145000615
20230621093808350,6.68,6.68,6.681991145000615
20230621093808700,6.68,6.68,6.681991145000615
20230621093810240,6.68,6.68,6.681991145000615
20230621093810350,6.68,6.68,6.681991145000615
20230621093810400,6.68,6.68,6.681991145000615
20230621093810590,6.68,6.68,6.681991145000615
20230621093810780,6.68,6.68,6.681991145000615
20230621093810800,6.68,6.68,6.681991145000615
20230621093811040,6.68,6.68,6.68175563320882
20230621093811270,6.68,6.68,6.68175563320882
20230621093811350,6.68,6.68,6.68175563320882
20230621093813080,6.68,6.68,6.68175563320882
20230621093813090,6.68,6.68,6.68175563320882
20230621093813110,6.68,6.68,6.68175563320882
20230621093813130,6.68,6.68,6.68175563320882
20230621093813140,6.68,6.68,6.68175563320882
20230621093813160,6.68,6.68,6.68175563320882
20230621093813640,6.68,6.68,6.68175563320882
20230621093813930,6.68,6.68,6.68175563320882
20230621093814020,6.68,6.68,6.68175563320882
20230621093814040,6.68,6.68,6.68175563320882
20230621093816070,6.68,6.68,6.68175563320882
20230621093816080,6.68,6.68,6.68175563320882
20230621093816130,6.68,6.68,6.68175563320882
20230621093816140,6.68,6.68,6.681130375270902
20230621093816160,6.68,6.68,6.681130375270902
20230621093816270,6.68,6.68,6.6811075697211155
20230621093816340,6.68,6.68,6.681094940306993
20230621093818800,6.68,6.68,6.681094940306993
20230621093818930,6.68,6.68,6.681094940306993
20230621093819090,6.68,6.68,6.681094940306993
20230621093819100,6.68,6.68,6.681094940306993
20230621093821180,6.68,6.68,6.681094940306993
20230621093821280,6.68,6.68,6.681094940306993
20230621093821770,6.68,6.68,6.681094940306993
20230621093822080,6.68,6.68,6.681094940306993
20230621093822100,6.68,6.68,6.681094940306993
20230621093823980,6.68,6.68,6.681094940306993
20230621093824530,6.68,6.68,6.681094940306993
20230621093824900,6.68,6.68,6.681094940306993
20230621093826480,6.68,6.68,6.681094940306993
20230621093832200,6.68,6.68,6.680850661625709
20230621093832660,6.68,6.68,6.680850661625709
20230621093832960,6.68,6.68,6.680790666814111
20230621093834470,6.68,6.68,6.680790666814111
20230621093834610,6.68,6.68,6.680790666814111
20230621093835270,6.68,6.68,6.680790666814111
20230621093837200,6.68,6.68,6.680790666814111
20230621093838290,6.68,6.68,6.680790666814111
20230621093838400,6.68,6.68,6.680790666814111
20230621093839900,6.68,6.68,6.680790666814111
20230621093840040,6.68,6.68,6.680790666814111
20230621093840050,6.68,6.68,6.680790666814111
20230621093840210,6.68,6.68,6.680764492355077
20230621093840330,6.68,6.68,6.680764492355077
20230621093841050,6.68,6.68,6.680764492355077
20230621093843150,6.68,6.68,6.680764324205433
20230621093843280,6.68,6.68,6.680764324205433
20230621093845970,6.68,6.68,6.680764324205433
20230621093846160,6.68,6.68,6.680763652345896
20230621093846170,6.68,6.68,6.680763652345896
20230621093846280,6.68,6.68,6.680763652345896
20230621093846290,6.68,6.68,6.680763652345896
20230621093846460,6.68,6.68,6.680763652345896
20230621093846500,6.68,6.68,6.680763652345896
20230621093848230,6.68,6.68,6.680763652345896
20230621093848450,6.68,6.68,6.680763652345896
20230621093848830,6.68,6.68,6.680763652345896
20230621093848840,6.68,6.68,6.680763652345896
20230621093849140,6.68,6.68,6.680763652345896
20230621093851150,6.68,6.68,6.680763652345896
20230621093851440,6.68,6.68,6.680763652345896
20230621093853540,6.68,6.68,6.680744191026877
20230621093854040,6.68,6.68,6.680740070280056
20230621093854050,6.68,6.68,6.680738654479754
20230621093854060,6.68,6.68,6.680737400530504
20230621093854100,6.68,6.68,6.680725848563968
20230621093856150,6.68,6.68,6.680725848563968
20230621093856190,6.68,6.68,6.680725848563968
20230621093856640,6.68,6.68,6.680725848563968
20230621093859590,6.68,6.68,6.680725848563968
20230621093859850,6.68,6.68,6.680725848563968
20230621093901510,6.68,6.68,6.680725848563968
20230621093902250,6.68,6.68,6.680725848563968
20230621093902290,6.68,6.68,6.680725848563968
20230621093902520,6.68,6.68,6.680725848563968
20230621093902600,6.68,6.68,6.680725848563968
20230621093904180,6.68,6.68,6.680716568718425
20230621093904770,6.68,6.68,6.680716568718425
20230621093904800,6.68,6.68,6.680716420987527
20230621093905040,6.68,6.68,6.680715978160091
20230621093905050,6.68,6.68,6.680714947021912
20230621093905110,6.68,6.68,6.68071479995886
20230621093905390,6.68,6.68,6.68071479995886
20230621093907070,6.68,6.68,6.68071479995886
20230621093907080,6.68,6.68,6.68071479995886
20230621093907090,6.68,6.68,6.68071479995886
20230621093907100,6.68,6.68,6.68071479995886
20230621093907110,6.68,6.68,6.68071479995886
20230621093907120,6.68,6.68,6.68071479995886
20230621093907130,6.68,6.68,6.68071479995886
20230621093907200,6.68,6.68,6.68071479995886
20230621093907210,6.68,6.68,6.68071479995886
20230621093907390,6.68,6.68,6.68071479995886
20230621093907550,6.68,6.68,6.68071479995886
20230621093908080,6.68,6.68,6.68071479995886
20230621093909600,6.68,6.68,6.68071479995886
20230621093910080,6.68,6.68,6.68071479995886
20230621093910110,6.68,6.68,6.68069968790899
20230621093910270,6.68,6.68,6.68069968790899
20230621093910460,6.68,6.68,6.6806991248365355
20230621093910660,6.68,6.68,6.6806991248365355
20230621093910680,6.68,6.68,6.6806991248365355
20230621093910780,6.68,6.68,6.6806991248365355
20230621093912410,6.68,6.68,6.6806991248365355
20230621093912520,6.68,6.68,6.680696602185026
20230621093912960,6.68,6.68,6.680696602185026
20230621093913120,6.68,6.68,6.680696602185026
20230621093913150,6.68,6.68,6.680696602185026
20230621093913340,6.68,6.68,6.680696602185026
20230621093915950,6.68,6.68,6.680696602185026
20230621093916080,6.68,6.68,6.680696602185026
20230621093916110,6.68,6.68,6.680696602185026
20230621093916150,6.68,6.68,6.680696602185026
20230621093918230,6.68,6.68,6.680696602185026
20230621093918480,6.68,6.68,6.68069618351197
20230621093918700,6.68,6.68,6.68069618351197
20230621093920650,6.68,6.68,6.68069618351197
20230621093920680,6.68,6.68,6.68069618351197
20230621093921000,6.68,6.68,6.68069618351197
20230621093921160,6.68,6.68,6.68069618351197
20230621093921350,6.68,6.68,6.6806471233423075
20230621093921380,6.68,6.68,6.6806471233423075
20230621093923100,6.68,6.68,6.6806471233423075
20230621093923420,6.68,6.68,6.6806471233423075
20230621093923460,6.68,6.68,6.6806471233423075
20230621093924300,6.68,6.68,6.6806471233423075
20230621093924310,6.68,6.68,6.6806471233423075
20230621093925930,6.68,6.68,6.6806471233423075
20230621093926020,6.68,6.68,6.6806471233423075
20230621093926190,6.68,6.68,6.680638637042941
20230621093926330,6.68,6.68,6.680638637042941
20230621093926580,6.68,6.68,6.680638255501345
20230621093926650,6.68,6.68,6.680638255501345
20230621093926780,6.68,6.68,6.680638255501345
20230621093929490,6.68,6.68,6.680638255501345
20230621093931210,6.68,6.68,6.680638255501345
20230621093931290,6.68,6.68,6.680637747487812
20230621093931500,6.68,6.68,6.680637747487812
20230621093931690,6.68,6.68,6.680637747487812
20230621093932100,6.68,6.68,6.680637747487812
20230621093933990,6.68,6.68,6.680637747487812
20230621093934130,6.68,6.68,6.680637620610763
20230621093935120,6.68,6.68,6.6806164995532615
20230621093936860,6.68,6.68,6.6806164995532615
20230621093937160,6.68,6.68,6.680616377171216
20230621093937420,6.68,6.68,6.680616377171216
20230621093937620,6.68,6.68,6.680616377171216
20230621093937700,6.68,6.68,6.680616377171216
20230621093941980,6.68,6.68,6.680616377171216
20230621093942040,6.68,6.68,6.680616377171216
20230621093942570,6.68,6.68,6.680616377171216
20230621093945410,6.68,6.68,6.680616377171216
20230621093945670,6.68,6.68,6.680616377171216
20230621093945820,6.68,6.68,6.680616377171216
20230621093945890,6.68,6.68,6.680616377171216
20230621093947410,6.68,6.68,6.6805701017686
20230621093948090,6.68,6.68,6.6805701017686
20230621093951020,6.68,6.68,6.6805701017686
20230621093953260,6.68,6.68,6.6805701017686
20230621093955630,6.68,6.68,6.680568753080335
20230621093955650,6.68,6.68,6.680568753080335
20230621093955830,6.68,6.68,6.680568753080335
20230621093956020,6.68,6.68,6.680568081126316
20230621093956660,6.68,6.68,6.680568081126316
20230621093958420,6.68,6.68,6.680568081126316
20230621093958450,6.68,6.68,6.680568081126316
20230621093959390,6.68,6.68,6.680568081126316
20230621094001070,6.68,6.68,6.680567745744367
20230621094001090,6.68,6.68,6.680567299183954
20230621094001200,6.68,6.68,6.680567299183954
20230621094004070,6.68,6.68,6.68056618585026
20230621094004080,6.68,6.68,6.6805659637077
20230621094004140,6.68,6.68,6.680565852701775
20230621094006320,6.68,6.68,6.680565852701775
20230621094006440,6.68,6.68,6.680565409113179
20230621094006450,6.68,6.68,6.680564082510509
20230621094006460,6.68,6.68,6.680564082510509
20230621094006620,6.68,6.68,6.680564082510509
20230621094006770,6.68,6.68,6.680564082510509
20230621094006880,6.68,6.68,6.680564082510509
20230621094007080,6.68,6.68,6.680564082510509
20230621094007100,6.68,6.68,6.680564082510509
20230621094007340,6.68,6.68,6.680564082510509
20230621094007350,6.68,6.68,6.680564082510509
20230621094009630,6.68,6.68,6.680564082510509
20230621094009860,6.68,6.68,6.680564082510509
20230621094010190,6.68,6.68,6.680564082510509
20230621094012650,6.68,6.68,6.680564082510509
20230621094015010,6.68,6.68,6.680564082510509
20230621094017320,6.68,6.68,6.680564082510509
20230621094017710,6.68,6.68,6.680548703505876
20230621094017740,6.68,6.68,6.680548703505876
20230621094017980,6.68,6.68,6.680548703505876
20230621094019970,6.68,6.68,6.680548703505876
20230621094022610,6.68,6.68,6.680548703505876
20230621094023240,6.68,6.68,6.680548703505876
20230621094025290,6.68,6.68,6.680548703505876
20230621094025460,6.68,6.68,6.680548703505876
20230621094027910,6.68,6.68,6.680548703505876
20230621094027950,6.68,6.68,6.680548703505876
20230621094028100,6.68,6.68,6.680548703505876
20230621094030750,6.68,6.68,6.680548703505876
20230621094031070,6.68,6.68,6.680548703505876
20230621094031140,6.68,6.68,6.680548703505876
20230621094034070,6.68,6.68,6.680548703505876
20230621094034260,6.68,6.68,6.680548703505876
20230621094036060,6.68,6.68,6.680548703505876
20230621094036070,6.68,6.68,6.680548703505876
20230621094036450,6.68,6.68,6.680548703505876
20230621094037020,6.68,6.68,6.680548703505876
20230621094037070,6.68,6.68,6.680548703505876
20230621094037080,6.68,6.68,6.680269096402606
20230621094038820,6.68,6.68,6.680269096402606
20230621094039140,6.68,6.68,6.680269096402606
20230621094039170,6.68,6.68,6.680224687411864
20230621094039180,6.68,6.68,6.680224687411864
20230621094039240,6.68,6.68,6.680224687411864
20230621094039290,6.68,6.68,6.680224687411864
20230621094039490,6.68,6.68,6.680224687411864
20230621094041950,6.68,6.68,6.680224687411864
20230621094042020,6.68,6.68,6.680224687411864
20230621094044650,6.68,6.67,6.679938773645253
20230621094044770,6.68,6.67,6.679938773645253
20230621094045220,6.68,6.67,6.679938773645253
20230621094045300,6.68,6.67,6.679931513103826
20230621094046810,6.67,6.67,6.679931513103826
20230621094046850,6.67,6.67,6.679931513103826
20230621094046940,6.67,6.67,6.679931513103826
20230621094047330,6.67,6.67,6.679931513103826
20230621094047760,6.67,6.67,6.679931513103826
20230621094047920,6.67,6.67,6.679931513103826
20230621094049490,6.67,6.67,6.679931513103826
20230621094049810,6.67,6.67,6.679931513103826
20230621094050180,6.67,6.67,6.679931513103826
20230621094050200,6.67,6.67,6.679931513103826
20230621094052310,6.67,6.67,6.679931513103826
20230621094052330,6.67,6.67,6.679931513103826
20230621094052380,6.67,6.67,6.679931513103826
20230621094052570,6.67,6.67,6.679931513103826
20230621094055320,6.67,6.67,6.679931513103826
20230621094055670,6.67,6.67,6.679931513103826
20230621094055770,6.67,6.67,6.679931513103826
20230621094058060,6.67,6.67,6.679931513103826
20230621094058070,6.67,6.67,6.679931513103826
20230621094058160,6.67,6.67,6.679931513103826
20230621094058360,6.67,6.67,6.679729778581112
20230621094058460,6.67,6.67,6.679729778581112
20230621094058680,6.67,6.67,6.679729778581112
20230621094100280,6.67,6.67,6.679729778581112
20230621094100430,6.67,6.67,6.679729778581112
20230621094100580,6.67,6.67,6.679729778581112
20230621094100620,6.67,6.67,6.679729778581112
20230621094100900,6.67,6.67,6.679729778581112
20230621094101070,6.67,6.67,6.679729778581112
20230621094101080,6.67,6.67,6.679729778581112
20230621094103650,6.67,6.67,6.67965300815924
20230621094103660,6.67,6.67,6.67965300815924
20230621094103880,6.67,6.67,6.67965300815924
20230621094104070,6.67,6.67,6.67960478187171
20230621094104080,6.67,6.67,6.67960478187171
20230621094104090,6.67,6.67,6.679560429801971
20230621094104140,6.67,6.67,6.679560429801971
20230621094104210,6.67,6.67,6.679560429801971
20230621094106000,6.67,6.67,6.679560429801971
20230621094106010,6.67,6.67,6.679452980946527
20230621094106020,6.67,6.67,6.679452980946527
20230621094106030,6.67,6.67,6.679452980946527
20230621094106040,6.67,6.67,6.679452980946527
20230621094106100,6.67,6.67,6.679452980946527
20230621094106140,6.67,6.67,6.679452980946527
20230621094106290,6.67,6.67,6.679452980946527
20230621094106580,6.67,6.67,6.679452980946527
20230621094106680,6.67,6.67,6.679406727828746
20230621094108390,6.67,6.67,6.679403441348589
20230621094108790,6.67,6.67,6.6792495907641944
20230621094108820,6.67,6.67,6.6792495907641944
20230621094108830,6.67,6.67,6.6792495907641944
20230621094108990,6.67,6.67,6.6792148937999825
20230621094109080,6.67,6.67,6.679213309259737
20230621094109090,6.67,6.67,6.679213309259737
20230621094109130,6.67,6.67,6.679213309259737
20230621094109150,6.67,6.67,6.679213309259737
20230621094111180,6.67,6.67,6.679213309259737
20230621094111190,6.67,6.67,6.679213309259737
20230621094111250,6.67,6.67,6.679213309259737
20230621094111310,6.67,6.67,6.679213309259737
20230621094111490,6.67,6.67,6.679213309259737
20230621094111580,6.67,6.67,6.679213309259737
20230621094111920,6.67,6.67,6.679213309259737
20230621094112140,6.67,6.67,6.679213309259737
20230621094113990,6.67,6.67,6.679213309259737
20230621094114000,6.67,6.67,6.679213309259737
20230621094114050,6.67,6.67,6.679213309259737
20230621094114060,6.67,6.67,6.679213309259737
20230621094114090,6.67,6.67,6.679213309259737
20230621094114240,6.67,6.67,6.679213309259737
20230621094114410,6.67,6.67,6.679213309259737
20230621094114660,6.67,6.67,6.679213309259737
20230621094116790,6.67,6.67,6.679213309259737
20230621094116970,6.67,6.67,6.679213309259737
20230621094117450,6.67,6.67,6.679213309259737
20230621094117460,6.67,6.67,6.679213309259737
20230621094117490,6.67,6.67,6.679213309259737
20230621094122080,6.67,6.67,6.679213309259737
20230621094122660,6.67,6.67,6.679213309259737
20230621094122880,6.67,6.67,6.679213309259737
20230621094125170,6.67,6.67,6.679213309259737
20230621094125770,6.67,6.67,6.679213309259737
20230621094127280,6.67,6.67,6.679213309259737
20230621094127380,6.67,6.67,6.679213309259737
20230621094127850,6.67,6.67,6.679213309259737
20230621094128070,6.67,6.67,6.679213309259737
20230621094128180,6.67,6.67,6.679213309259737
20230621094130110,6.67,6.67,6.679213309259737
20230621094130320,6.67,6.67,6.679213309259737
20230621094130720,6.67,6.67,6.678975707488104
20230621094130740,6.67,6.67,6.678975707488104
20230621094131080,6.67,6.67,6.678975707488104
20230621094131160,6.67,6.67,6.678975707488104
20230621094133000,6.67,6.67,6.678975707488104
20230621094133020,6.67,6.67,6.678975707488104
20230621094135620,6.67,6.67,6.678975707488104
20230621094136060,6.67,6.67,6.678975707488104
20230621094136240,6.67,6.67,6.678975707488104
20230621094138300,6.67,6.67,6.678975707488104
20230621094138790,6.67,6.67,6.678976220275344
20230621094143650,6.67,6.67,6.678976220275344
20230621094144620,6.67,6.67,6.678976220275344
20230621094146360,6.67,6.67,6.678976220275344
20230621094147160,6.67,6.67,6.678976220275344
20230621094147170,6.67,6.67,6.678976220275344
20230621094149070,6.67,6.67,6.678976220275344
20230621094149510,6.67,6.67,6.678976220275344
20230621094149790,6.67,6.67,6.678976220275344
20230621094150080,6.67,6.67,6.678976220275344
20230621094152080,6.67,6.67,6.678976220275344
20230621094152200,6.67,6.67,6.678976220275344
20230621094152210,6.67,6.67,6.678976220275344
20230621094154350,6.67,6.67,6.678976220275344
20230621094155100,6.67,6.67,6.678976220275344
20230621094157130,6.67,6.67,6.678976220275344
20230621094157400,6.67,6.67,6.678976220275344
20230621094158000,6.67,6.67,6.678976220275344
20230621094200070,6.67,6.67,6.678976220275344
20230621094202960,6.67,6.67,6.678976220275344
20230621094203210,6.67,6.67,6.678976220275344
20230621094203600,6.67,6.67,6.678976220275344
20230621094205310,6.67,6.67,6.678976220275344
20230621094205640,6.67,6.67,6.678976220275344
20230621094205680,6.67,6.67,6.678976220275344
20230621094205850,6.67,6.67,6.678976220275344
20230621094205950,6.67,6.67,6.678976220275344
20230621094206130,6.67,6.67,6.678976220275344
20230621094208500,6.67,6.67,6.678976220275344
20230621094210450,6.67,6.67,6.67889881691073
20230621094210480,6.67,6.67,6.67889881691073
20230621094210500,6.67,6.67,6.67889881691073
20230621094210540,6.67,6.67,6.67889881691073
20230621094210660,6.67,6.67,6.67889881691073
20230621094210760,6.67,6.67,6.67889881691073
20230621094211220,6.67,6.67,6.67889881691073
20230621094211260,6.67,6.67,6.67889881691073
20230621094211290,6.67,6.67,6.67889881691073
20230621094211320,6.67,6.67,6.67889881691073
20230621094211350,6.67,6.67,6.67889881691073
20230621094211360,6.67,6.67,6.67889881691073
20230621094211380,6.67,6.67,6.67889881691073
20230621094211390,6.67,6.67,6.67889881691073
20230621094211530,6.67,6.67,6.67889881691073
20230621094211560,6.67,6.67,6.67889881691073
20230621094211590,6.67,6.67,6.67889881691073
20230621094211620,6.67,6.67,6.67889881691073
20230621094213280,6.67,6.67,6.67889881691073
20230621094213410,6.67,6.67,6.67889881691073
20230621094214110,6.67,6.67,6.67889881691073
20230621094214160,6.67,6.67,6.67889881691073
20230621094214190,6.67,6.67,6.67889881691073
20230621094214220,6.67,6.67,6.67889881691073
20230621094214290,6.67,6.67,6.67889881691073
20230621094215960,6.67,6.67,6.67889881691073
20230621094215990,6.67,6.67,6.67889881691073
20230621094216140,6.67,6.67,6.67889881691073
20230621094216160,6.67,6.67,6.67889881691073
20230621094216890,6.67,6.67,6.67889881691073
20230621094217040,6.67,6.67,6.67889881691073
20230621094218640,6.67,6.67,6.67889881691073
20230621094219280,6.67,6.67,6.67889881691073
20230621094221830,6.67,6.67,6.67889881691073
20230621094222100,6.67,6.67,6.67889881691073
20230621094224220,6.67,6.67,6.678819998355398
20230621094224230,6.67,6.67,6.678819998355398
20230621094224240,6.68,6.67,6.678663274372021
20230621094224320,6.68,6.67,6.678663274372021
20230621094224440,6.68,6.67,6.67860403439685
20230621094224610,6.68,6.67,6.67860403439685
20230621094225110,6.68,6.67,6.67860403439685
20230621094226790,6.68,6.67,6.67860403439685
20230621094227020,6.68,6.67,6.67860403439685
20230621094227050,6.67,6.67,6.67860403439685
20230621094229410,6.68,6.67,6.678572343662423
20230621094229990,6.68,6.67,6.678572343662423
20230621094230530,6.68,6.67,6.678572343662423
20230621094230580,6.68,6.67,6.678572343662423
20230621094232170,6.68,6.67,6.678572343662423
20230621094232200,6.68,6.67,6.678572343662423
20230621094232850,6.68,6.67,6.678572343662423
20230621094232870,6.68,6.67,6.678570971099192
20230621094233040,6.68,6.67,6.6785668560454505
20230621094234980,6.68,6.67,6.6785668560454505
20230621094235010,6.68,6.67,6.6785668560454505
20230621094235780,6.68,6.67,6.6785668560454505
20230621094235790,6.68,6.67,6.6785668560454505
20230621094237560,6.68,6.67,6.6785668560454505
20230621094237570,6.68,6.67,6.6785668560454505
20230621094237780,6.68,6.67,6.6785495818399045
20230621094237900,6.68,6.67,6.6785495818399045
20230621094238210,6.68,6.67,6.6785495818399045
20230621094240290,6.68,6.67,6.6785495818399045
20230621094241270,6.68,6.67,6.6785495818399045
20230621094243070,6.68,6.67,6.678525605398968
20230621094243080,6.67,6.67,6.678514851485149
20230621094243090,6.67,6.67,6.678514851485149
20230621094243290,6.67,6.67,6.678514851485149
20230621094243680,6.67,6.67,6.678514851485149
20230621094246070,6.67,6.67,6.678493323852414
20230621094246080,6.67,6.67,6.678479924272304
20230621094246120,6.67,6.67,6.678474576271187
20230621094246140,6.67,6.67,6.678474576271187
20230621094248780,6.67,6.67,6.678474576271187
20230621094249070,6.67,6.67,6.67843732831018
20230621094249220,6.67,6.67,6.67843732831018
20230621094251050,6.67,6.67,6.67843732831018
20230621094251080,6.67,6.67,6.67843732831018
20230621094251240,6.67,6.67,6.67843732831018
20230621094251260,6.67,6.67,6.67843732831018
20230621094251340,6.67,6.67,6.67843732831018
20230621094251580,6.67,6.67,6.67843732831018
20230621094252100,6.67,6.67,6.67843732831018
20230621094254130,6.67,6.67,6.67843732831018
20230621094254330,6.67,6.67,6.67843732831018
20230621094254360,6.67,6.67,6.67843732831018
20230621094256490,6.67,6.67,6.67843732831018
20230621094256860,6.67,6.67,6.67843732831018
20230621094257370,6.67,6.67,6.67843732831018
20230621094259720,6.67,6.67,6.67843732831018
20230621094259740,6.67,6.67,6.67843732831018
20230621094300100,6.67,6.67,6.67843732831018
20230621094305320,6.67,6.67,6.67843732831018
20230621094307190,6.67,6.67,6.67843732831018
20230621094307200,6.67,6.67,6.67843732831018
20230621094307210,6.67,6.67,6.678391389432485
20230621094307380,6.67,6.67,6.678391389432485
20230621094308060,6.67,6.67,6.678391389432485
20230621094310080,6.67,6.67,6.6783417632869035
20230621094310090,6.67,6.67,6.678306857807051
20230621094310190,6.67,6.67,6.678305570620593
20230621094310450,6.67,6.67,6.678299140667337
20230621094310680,6.67,6.67,6.6782850297550045
20230621094310880,6.67,6.67,6.678171354523973
20230621094310890,6.67,6.67,6.678136443060093
20230621094312540,6.67,6.67,6.678136443060093
20230621094312750,6.67,6.67,6.678136443060093
20230621094312780,6.67,6.67,6.678136443060093
20230621094312820,6.67,6.67,6.6781027817782155
20230621094312900,6.67,6.67,6.6781027817782155
20230621094312930,6.67,6.67,6.6781027817782155
20230621094313080,6.67,6.67,6.678011691523645
20230621094313100,6.67,6.67,6.678010490820532
20230621094313160,6.67,6.67,6.677993718686906
20230621094313200,6.67,6.67,6.67798893954114
20230621094315250,6.67,6.67,6.67798893954114
20230621094315290,6.67,6.67,6.67798893954114
20230621094315560,6.67,6.67,6.67798893954114
20230621094316000,6.67,6.67,6.67786549922743
20230621094316020,6.67,6.67,6.67786549922743
20230621094316030,6.67,6.67,6.677864341940705
20230621094316070,6.67,6.67,6.677864341940705
20230621094316080,6.67,6.67,6.677864341940705
20230621094316090,6.67,6.67,6.677864341940705
20230621094316250,6.67,6.67,6.677864341940705
20230621094316400,6.67,6.67,6.677864341940705
20230621094317970,6.67,6.67,6.677864341940705
20230621094318560,6.67,6.67,6.677864341940705
20230621094318630,6.67,6.67,6.677857405365675
20230621094318650,6.67,6.67,6.677857405365675
20230621094318780,6.67,6.67,6.677857405365675
20230621094319190,6.67,6.67,6.677857405365675
20230621094319200,6.67,6.67,6.677857405365675
20230621094323490,6.67,6.67,6.677857405365675
20230621094324110,6.67,6.67,6.677857405365675
20230621094324250,6.67,6.67,6.677843568860518
20230621094324270,6.67,6.67,6.677843568860518
20230621094324420,6.67,6.67,6.677843568860518
20230621094326780,6.67,6.67,6.677842418017754
20230621094326860,6.67,6.67,6.677842418017754
20230621094329140,6.67,6.67,6.677842418017754
20230621094329240,6.67,6.67,6.677842418017754
20230621094329330,6.67,6.67,6.677842418017754
20230621094329470,6.67,6.67,6.677825195812898
20230621094329830,6.67,6.67,6.677825195812898
20230621094334920,6.67,6.67,6.677825195812898
20230621094336930,6.67,6.67,6.677825195812898
20230621094337020,6.67,6.67,6.677825195812898
20230621094337170,6.67,6.67,6.677825195812898
20230621094337190,6.67,6.67,6.677825195812898
20230621094337250,6.67,6.67,6.677825195812898
20230621094337430,6.67,6.67,6.677825195812898
20230621094337650,6.67,6.67,6.677825195812898
20230621094339680,6.67,6.67,6.677825195812898
20230621094339960,6.67,6.67,6.677825195812898
20230621094340070,6.67,6.67,6.677825195812898
20230621094340580,6.67,6.67,6.677825195812898
20230621094342820,6.67,6.67,6.677825195812898
20230621094343070,6.67,6.67,6.677825195812898
20230621094343080,6.67,6.67,6.677825195812898
20230621094343300,6.67,6.67,6.677825195812898
20230621094345580,6.67,6.67,6.677825195812898
20230621094345970,6.67,6.67,6.677825195812898
20230621094346070,6.67,6.67,6.677825195812898
20230621094346080,6.67,6.67,6.677825195812898
20230621094346100,6.67,6.67,6.677825195812898
20230621094347640,6.67,6.67,6.677825195812898
20230621094348180,6.67,6.67,6.677811108678199
20230621094348300,6.67,6.67,6.677811108678199
20230621094348700,6.67,6.67,6.677811108678199
20230621094350450,6.67,6.67,6.677799723052256
20230621094350760,6.67,6.67,6.677794042677154
20230621094353200,6.67,6.67,6.677794042677154
20230621094353510,6.67,6.67,6.677794042677154
20230621094354070,6.67,6.67,6.677794042677154
20230621094354100,6.67,6.67,6.6777399291241775
20230621094356850,6.67,6.67,6.6777399291241775
20230621094358680,6.67,6.67,6.6777399291241775
20230621094359400,6.67,6.67,6.6777399291241775
20230621094359420,6.67,6.67,6.6777399291241775
20230621094359460,6.67,6.67,6.677740255983802
20230621094401250,6.67,6.67,6.677740255983802
20230621094402010,6.67,6.67,6.677740255983802
20230621094402180,6.67,6.67,6.677740255983802
20230621094404020,6.67,6.67,6.677740255983802
20230621094404110,6.67,6.67,6.677740255983802
20230621094404400,6.67,6.67,6.677672568274676
20230621094404410,6.67,6.67,6.677672568274676
20230621094404680,6.67,6.67,6.677672568274676
20230621094405000,6.67,6.67,6.677667072559272
20230621094405010,6.67,6.67,6.6776528204761565
20230621094406940,6.67,6.67,6.6776528204761565
20230621094407080,6.67,6.67,6.6776528204761565
20230621094407090,6.67,6.67,6.6776528204761565
20230621094407100,6.67,6.67,6.6776528204761565
20230621094407220,6.67,6.67,6.6776528204761565
20230621094407270,6.67,6.67,6.6776528204761565
20230621094407300,6.67,6.67,6.6776528204761565
20230621094407400,6.67,6.67,6.6776528204761565
20230621094407570,6.67,6.67,6.6776528204761565
20230621094409800,6.67,6.67,6.6776528204761565
20230621094410010,6.67,6.67,6.6776528204761565
20230621094410310,6.67,6.67,6.6776528204761565
20230621094410390,6.67,6.67,6.6776528204761565
20230621094410400,6.67,6.67,6.6776528204761565
20230621094412060,6.67,6.67,6.6776528204761565
20230621094412690,6.67,6.67,6.6776528204761565
20230621094415080,6.67,6.67,6.6776528204761565
20230621094415190,6.67,6.67,6.6776528204761565
20230621094415530,6.67,6.67,6.6776528204761565
20230621094415700,6.67,6.67,6.67756519895399
20230621094417410,6.67,6.67,6.67756519895399
20230621094417670,6.67,6.67,6.677563060835158
20230621094417690,6.67,6.67,6.677563060835158
20230621094417780,6.67,6.67,6.677498423817863
20230621094418520,6.67,6.67,6.677498423817863
20230621094420170,6.67,6.67,6.677498423817863
20230621094420720,6.67,6.67,6.677498423817863
20230621094420930,6.67,6.67,6.677498423817863
20230621094421200,6.67,6.67,6.677498423817863
20230621094421230,6.67,6.67,6.677498423817863
20230621094423220,6.67,6.67,6.677498423817863
20230621094423960,6.67,6.67,6.677498423817863
20230621094425510,6.67,6.67,6.677498423817863
20230621094425720,6.67,6.67,6.677498423817863
20230621094425910,6.67,6.67,6.677416337559759
20230621094428390,6.67,6.67,6.677416337559759
20230621094432040,6.67,6.67,6.677416337559759
20230621094434110,6.67,6.67,6.677416337559759
20230621094436310,6.67,6.67,6.677416337559759
20230621094436340,6.67,6.67,6.677416337559759
20230621094436420,6.67,6.67,6.677416337559759
20230621094439310,6.67,6.67,6.677416337559759
20230621094439720,6.67,6.67,6.677416337559759
20230621094439800,6.67,6.67,6.677416337559759
20230621094442150,6.67,6.67,6.677416337559759
20230621094442180,6.67,6.67,6.677416337559759
20230621094442690,6.67,6.67,6.677416337559759
20230621094442770,6.67,6.67,6.677416337559759
20230621094445280,6.67,6.67,6.677416337559759
20230621094447310,6.67,6.67,6.677416337559759
20230621094448080,6.67,6.67,6.677416337559759
20230621094450600,6.67,6.67,6.6774125198426395
20230621094452860,6.67,6.67,6.6774125198426395
20230621094455300,6.67,6.67,6.6774125198426395
20230621094455840,6.67,6.67,6.6774125198426395
20230621094455910,6.67,6.67,6.6774125198426395
20230621094456210,6.67,6.67,6.6774125198426395
20230621094458000,6.67,6.67,6.6774125198426395
20230621094458070,6.68,6.67,6.677417510504926
20230621094458100,6.68,6.67,6.67742496050553
20230621094458400,6.68,6.67,6.67742496050553
20230621094458440,6.68,6.67,6.67742496050553
20230621094500570,6.68,6.67,6.67742496050553
20230621094501110,6.68,6.67,6.67742496050553
20230621094501120,6.68,6.67,6.67742496050553
20230621094501130,6.68,6.67,6.67742496050553
20230621094501230,6.68,6.67,6.67742496050553
20230621094501270,6.68,6.67,6.67742496050553
20230621094501660,6.68,6.67,6.67742496050553
20230621094503270,6.68,6.67,6.67742496050553
20230621094503530,6.68,6.67,6.67742496050553
20230621094503580,6.68,6.67,6.67742496050553
20230621094503660,6.68,6.67,6.67742496050553
20230621094506090,6.68,6.67,6.67742496050553
20230621094506220,6.68,6.67,6.67742496050553
20230621094506600,6.68,6.67,6.67742496050553
20230621094506610,6.68,6.67,6.67742496050553
20230621094506630,6.68,6.67,6.67742496050553
20230621094506840,6.68,6.67,6.67742496050553
20230621094506860,6.68,6.67,6.67742496050553
20230621094506990,6.68,6.67,6.67742496050553
20230621094507100,6.68,6.67,6.67742496050553
20230621094507120,6.68,6.67,6.67742496050553
20230621094507130,6.68,6.67,6.67742496050553
20230621094514330,6.68,6.67,6.6773843841792475
20230621094514400,6.68,6.67,6.6773843841792475
20230621094514550,6.68,6.67,6.6773843841792475
20230621094514610,6.68,6.67,6.6773843841792475
20230621094517940,6.68,6.67,6.6773843841792475
20230621094517950,6.68,6.67,6.6773843841792475
20230621094520020,6.68,6.67,6.6773843841792475
20230621094522420,6.68,6.67,6.6773843841792475
20230621094522810,6.68,6.67,6.6773843841792475
20230621094524980,6.68,6.67,6.677308498411196
20230621094525740,6.68,6.67,6.677308498411196
20230621094525880,6.68,6.67,6.677308498411196
20230621094527580,6.68,6.67,6.677308498411196
20230621094528080,6.68,6.67,6.677308498411196
20230621094528110,6.68,6.67,6.677308498411196
20230621094530620,6.68,6.67,6.677308498411196
20230621094530800,6.68,6.67,6.677308498411196
20230621094531090,6.68,6.67,6.677308498411196
20230621094531480,6.68,6.67,6.677308498411196
20230621094533140,6.68,6.67,6.677308498411196
20230621094533590,6.68,6.67,6.677308498411196
20230621094533940,6.68,6.67,6.677308498411196
20230621094534010,6.68,6.67,6.677308498411196
20230621094534110,6.68,6.67,6.677308498411196
20230621094539160,6.68,6.67,6.677308498411196
20230621094539380,6.68,6.67,6.677308498411196
20230621094539520,6.68,6.67,6.677308498411196
20230621094541130,6.68,6.67,6.677308498411196
20230621094541640,6.68,6.67,6.677308498411196
20230621094544440,6.68,6.67,6.677308498411196
20230621094544570,6.68,6.67,6.677308498411196
20230621094546590,6.68,6.67,6.677308498411196
20230621094546710,6.68,6.67,6.677049233778937
20230621094547030,6.68,6.67,6.677049233778937
20230621094547110,6.68,6.67,6.677049233778937
20230621094550060,6.68,6.67,6.677049233778937
20230621094550210,6.68,6.67,6.677049233778937
20230621094552020,6.68,6.67,6.677031809015807
20230621094552140,6.68,6.67,6.677031809015807
20230621094552150,6.68,6.67,6.677031809015807
20230621094552160,6.68,6.67,6.677031809015807
20230621094552170,6.68,6.67,6.677031809015807
20230621094552290,6.68,6.67,6.677031809015807
20230621094552900,6.68,6.67,6.677031809015807
20230621094553010,6.68,6.67,6.677031809015807
20230621094554690,6.68,6.67,6.677025411061286
20230621094554700,6.68,6.67,6.677025411061286
20230621094554750,6.68,6.67,6.677025411061286
20230621094555100,6.68,6.67,6.677025411061286
20230621094555210,6.68,6.67,6.677025411061286
20230621094555490,6.68,6.67,6.677025411061286
20230621094557720,6.68,6.67,6.677025411061286
20230621094558060,6.68,6.67,6.677025411061286
20230621094558080,6.68,6.67,6.677025411061286
20230621094600010,6.68,6.67,6.677025411061286
20230621094600050,6.68,6.67,6.677025411061286
20230621094600060,6.68,6.67,6.677025411061286
20230621094600260,6.68,6.67,6.677025411061286
20230621094600400,6.68,6.67,6.677025411061286
20230621094600560,6.68,6.67,6.677025411061286
20230621094600590,6.68,6.67,6.677025411061286
20230621094600870,6.68,6.67,6.6769503364306315
20230621094601080,6.68,6.67,6.6769503364306315
20230621094601180,6.68,6.67,6.6769503364306315
20230621094603080,6.68,6.67,6.6769503364306315
20230621094603090,6.68,6.67,6.6769503364306315
20230621094603200,6.68,6.67,6.6769503364306315
20230621094603270,6.68,6.67,6.6769503364306315
20230621094603310,6.68,6.67,6.67694528
20230621094603320,6.68,6.67,6.67694528
20230621094603350,6.68,6.67,6.67694528
20230621094603400,6.68,6.67,6.67694528
20230621094605650,6.68,6.67,6.67694528
20230621094608080,6.68,6.67,6.67694528
20230621094608550,6.68,6.67,6.67694528
20230621094609140,6.68,6.67,6.676904746775116
20230621094611080,6.68,6.67,6.676904746775116
20230621094611090,6.68,6.67,6.676904746775116
20230621094611110,6.68,6.67,6.676904746775116
20230621094611120,6.68,6.67,6.676904746775116
20230621094611130,6.68,6.67,6.676904746775116
20230621094611140,6.68,6.67,6.676904746775116
20230621094611150,6.68,6.67,6.676904746775116
20230621094611160,6.68,6.67,6.676904746775116
20230621094611180,6.68,6.67,6.676904746775116
20230621094611190,6.68,6.67,6.676904746775116
20230621094611210,6.68,6.67,6.676904746775116
20230621094611280,6.68,6.67,6.676904746775116
20230621094611330,6.68,6.67,6.676904746775116
20230621094611360,6.68,6.67,6.676904746775116
20230621094611410,6.68,6.67,6.676904746775116
20230621094611890,6.68,6.67,6.676904746775116
20230621094611920,6.68,6.67,6.676904746775116
20230621094611950,6.68,6.67,6.676904746775116
20230621094611960,6.68,6.67,6.676904746775116
20230621094611980,6.68,6.67,6.676904746775116
20230621094613450,6.67,6.67,6.676904746775116
20230621094613510,6.67,6.67,6.676904746775116
20230621094613570,6.67,6.67,6.676904746775116
20230621094613580,6.67,6.67,6.676904746775116
20230621094614140,6.67,6.67,6.676904746775116
20230621094614220,6.67,6.67,6.676904746775116
20230621094614240,6.67,6.67,6.676904746775116
20230621094614410,6.67,6.67,6.676904746775116
20230621094614640,6.67,6.67,6.676822377095498
20230621094616130,6.67,6.67,6.676822377095498
20230621094616150,6.67,6.67,6.676822377095498
20230621094616160,6.67,6.67,6.676822377095498
20230621094616180,6.67,6.67,6.676822377095498
20230621094616830,6.67,6.67,6.676822377095498
20230621094616880,6.67,6.67,6.676822377095498
20230621094617200,6.67,6.67,6.676822377095498
20230621094619100,6.67,6.67,6.676822377095498
20230621094619120,6.67,6.67,6.676822377095498
20230621094619210,6.67,6.67,6.676822377095498
20230621094619220,6.67,6.67,6.676822377095498
20230621094619630,6.67,6.67,6.676822377095498
20230621094622040,6.67,6.67,6.676822377095498
20230621094622110,6.67,6.67,6.676822377095498
20230621094622160,6.67,6.67,6.676822377095498
20230621094622240,6.67,6.67,6.676822377095498
20230621094622440,6.67,6.67,6.676822377095498
20230621094624290,6.67,6.67,6.676822377095498
20230621094624450,6.67,6.67,6.676822377095498
20230621094625120,6.67,6.67,6.676822377095498
20230621094627050,6.67,6.67,6.676822377095498
20230621094627070,6.67,6.67,6.676822377095498
20230621094628070,6.67,6.67,6.676757042472483
20230621094628080,6.67,6.67,6.676757042472483
20230621094629700,6.67,6.67,6.676752003976884
20230621094629730,6.67,6.67,6.6767503261477295
20230621094629760,6.67,6.67,6.67674948754581
20230621094629810,6.67,6.67,6.676739440550766
20230621094629820,6.67,6.67,6.676727756795245
20230621094629940,6.67,6.67,6.676700376148486
20230621094630140,6.67,6.67,6.676700376148486
20230621094630340,6.67,6.67,6.676700376148486
20230621094630450,6.67,6.67,6.676700376148486
20230621094630480,6.67,6.67,6.676700376148486
20230621094630530,6.67,6.67,6.676693374422188
20230621094630560,6.67,6.67,6.676693374422188
20230621094630570,6.67,6.67,6.676693374422188
20230621094630580,6.67,6.67,6.676693374422188
20230621094630610,6.67,6.67,6.676693374422188
20230621094632690,6.67,6.67,6.676693374422188
20230621094632770,6.67,6.67,6.676693374422188
20230621094638580,6.67,6.67,6.676693374422188
20230621094640510,6.67,6.67,6.676693374422188
20230621094641430,6.67,6.67,6.676693374422188
20230621094641440,6.67,6.67,6.676693374422188
20230621094641460,6.67,6.67,6.676693374422188
20230621094641470,6.67,6.67,6.676693374422188
20230621094641480,6.67,6.67,6.676693374422188
20230621094641490,6.67,6.67,6.676693374422188
20230621094641530,6.67,6.67,6.676693374422188
20230621094641660,6.67,6.67,6.676693374422188
20230621094643350,6.67,6.67,6.676693374422188
20230621094643820,6.67,6.67,6.676690075771576
20230621094645940,6.67,6.67,6.676690075771576
20230621094646070,6.67,6.67,6.676681021224239
20230621094646150,6.67,6.67,6.676680199298763
20230621094646380,6.67,6.67,6.676680199298763
20230621094646750,6.67,6.67,6.676680199298763
20230621094648930,6.67,6.67,6.676680199298763
20230621094649080,6.67,6.67,6.676680199298763
20230621094649120,6.67,6.67,6.676680199298763
20230621094649280,6.67,6.67,6.676680199298763
20230621094649560,6.67,6.67,6.676680199298763
20230621094651330,6.67,6.67,6.676680199298763
20230621094651340,6.67,6.67,6.676680199298763
20230621094651710,6.67,6.67,6.676680199298763
20230621094652290,6.67,6.67,6.676680199298763
20230621094654980,6.67,6.67,6.676680199298763
20230621094654990,6.67,6.67,6.676680199298763
20230621094657840,6.67,6.67,6.676680199298763
20230621094702660,6.67,6.67,6.676680199298763
20230621094705150,6.67,6.67,6.676680199298763
20230621094705220,6.67,6.67,6.676680199298763
20230621094705240,6.67,6.67,6.676680199298763
20230621094705250,6.67,6.67,6.676680199298763
20230621094705270,6.67,6.67,6.676680199298763
20230621094705500,6.67,6.67,6.676680199298763
20230621094705790,6.67,6.67,6.676680199298763
20230621094707720,6.67,6.67,6.676680199298763
20230621094708550,6.67,6.67,6.676680199298763
20230621094708640,6.67,6.67,6.676680199298763
20230621094710310,6.67,6.67,6.676650327798542
20230621094710570,6.67,6.67,6.676650327798542
20230621094710880,6.67,6.67,6.676650327798542
20230621094715700,6.67,6.67,6.676650327798542
20230621094716080,6.67,6.67,6.676650327798542
20230621094718620,6.67,6.67,6.676650327798542
20230621094719020,6.67,6.67,6.676650327798542
20230621094719150,6.67,6.67,6.676650327798542
20230621094721350,6.67,6.67,6.676650327798542
20230621094721960,6.67,6.67,6.676650327798542
20230621094724050,6.67,6.67,6.6766291516300695
20230621094724060,6.67,6.67,6.6766291516300695
20230621094724070,6.67,6.67,6.6766291516300695
20230621094724080,6.67,6.67,6.6766291516300695
20230621094724090,6.67,6.67,6.6766291516300695
20230621094724100,6.67,6.67,6.6766291516300695
20230621094724140,6.67,6.67,6.6766291516300695
20230621094724160,6.67,6.67,6.6766291516300695
20230621094724200,6.67,6.67,6.6766291516300695
20230621094724420,6.67,6.67,6.6766291516300695
20230621094724640,6.67,6.67,6.6766291516300695
20230621094724670,6.67,6.67,6.6766291516300695
20230621094724700,6.67,6.67,6.6766291516300695
20230621094729320,6.67,6.67,6.6766291516300695
20230621094734610,6.67,6.67,6.6766291516300695
20230621094740000,6.67,6.67,6.6766291516300695
20230621094740090,6.67,6.67,6.6766291516300695
20230621094745320,6.67,6.67,6.6766250993337
20230621094746100,6.67,6.67,6.6766250993337
20230621094746110,6.67,6.67,6.6766250993337
20230621094746200,6.67,6.67,6.6766250993337
20230621094746340,6.67,6.67,6.6766250993337
20230621094748970,6.67,6.67,6.6766250993337
20230621094749110,6.67,6.67,6.6766250993337
20230621094751230,6.67,6.67,6.6766250993337
20230621094753530,6.67,6.67,6.6766250993337
20230621094754150,6.67,6.67,6.6766250993337
20230621094756130,6.67,6.67,6.6766250993337
20230621094756310,6.67,6.67,6.6766250993337
20230621094756880,6.67,6.67,6.6766250993337
20230621094759550,6.67,6.67,6.6766250993337
20230621094801840,6.67,6.67,6.6766250993337
20230621094801900,6.67,6.67,6.6766250993337
20230621094804120,6.67,6.67,6.6766250993337
20230621094804730,6.67,6.67,6.6766250993337
20230621094806840,6.67,6.67,6.6766250993337
20230621094806910,6.67,6.67,6.676537738708699
20230621094807510,6.67,6.67,6.676537738708699
20230621094809850,6.67,6.67,6.676537738708699
20230621094809860,6.67,6.67,6.676537738708699
20230621094810160,6.67,6.67,6.676537738708699
20230621094812920,6.67,6.67,6.676523501300586
20230621094814960,6.67,6.67,6.676523501300586
20230621094815510,6.67,6.67,6.676523501300586
20230621094815660,6.67,6.67,6.676523501300586
20230621094817700,6.67,6.67,6.676523501300586
20230621094817810,6.67,6.67,6.676523501300586
20230621094817960,6.67,6.67,6.676523501300586
20230621094818520,6.67,6.67,6.676523501300586
20230621094820480,6.67,6.67,6.676523501300586
20230621094820520,6.67,6.67,6.676523501300586
20230621094821020,6.67,6.67,6.676523501300586
20230621094823850,6.67,6.67,6.676455032829348
20230621094823870,6.67,6.67,6.676455032829348
20230621094824100,6.67,6.67,6.676455032829348
20230621094824110,6.67,6.67,6.676455032829348
20230621094825870,6.67,6.67,6.676455032829348
20230621094826210,6.67,6.67,6.676455032829348
20230621094826380,6.67,6.67,6.676455032829348
20230621094826450,6.67,6.67,6.676455032829348
20230621094826510,6.67,6.67,6.676455032829348
20230621094826950,6.67,6.67,6.676455032829348
20230621094828410,6.67,6.67,6.676455032829348
20230621094828630,6.67,6.67,6.676455032829348
20230621094829480,6.67,6.67,6.676455032829348
20230621094831140,6.67,6.67,6.676349985043374
20230621094831240,6.67,6.67,6.676349985043374
20230621094831300,6.67,6.67,6.676344670930719
20230621094831420,6.67,6.67,6.676344670930719
20230621094831710,6.67,6.67,6.676327346500388
20230621094834100,6.67,6.67,6.676327346500388
20230621094834110,6.67,6.67,6.676327346500388
20230621094834130,6.67,6.67,6.676326591492154
20230621094837070,6.67,6.67,6.676325082016105
20230621094837080,6.67,6.67,6.676325082016105
20230621094837260,6.67,6.67,6.676325082016105
20230621094837730,6.67,6.67,6.676325082016105
20230621094842120,6.67,6.67,6.676325082016105
20230621094842500,6.67,6.67,6.676325082016105
20230621094842730,6.67,6.67,6.676268285460468
20230621094842890,6.67,6.67,6.676268285460468
20230621094843000,6.67,6.67,6.676268285460468
20230621094843030,6.67,6.67,6.676268285460468
20230621094845180,6.67,6.67,6.676268285460468
20230621094845310,6.67,6.67,6.676268285460468
20230621094845560,6.67,6.67,6.676268285460468
20230621094845660,6.67,6.67,6.676268285460468
20230621094850910,6.67,6.67,6.676268285460468
20230621094850990,6.67,6.67,6.676245194866639
20230621094851120,6.67,6.67,6.67624076591218
20230621094852760,6.67,6.67,6.67624076591218
20230621094853310,6.67,6.67,6.67624076591218
20230621094853530,6.67,6.67,6.6762400283637655
20230621094853690,6.67,6.67,6.6762400283637655
20230621094855690,6.67,6.67,6.6762400283637655
20230621094855870,6.67,6.67,6.6762400283637655
20230621094856270,6.67,6.67,6.6762400283637655
20230621094859170,6.67,6.67,6.6762400283637655
20230621094901110,6.67,6.67,6.6762400283637655
20230621094904000,6.67,6.67,6.6762400283637655
20230621094904070,6.67,6.67,6.676174930886418
20230621094904590,6.67,6.67,6.676174930886418
20230621094904650,6.67,6.67,6.676174930886418
20230621094906250,6.67,6.67,6.676174930886418
20230621094906350,6.67,6.67,6.676174930886418
20230621094908930,6.67,6.67,6.676174930886418
20230621094909390,6.67,6.67,6.676174930886418
20230621094909500,6.67,6.67,6.676174930886418
20230621094909580,6.67,6.67,6.676174930886418
20230621094910000,6.67,6.67,6.676174930886418
20230621094910140,6.67,6.67,6.676174930886418
20230621094912070,6.67,6.67,6.676174930886418
20230621094912230,6.67,6.67,6.676174930886418
20230621094912460,6.67,6.67,6.676174930886418
20230621094912750,6.67,6.67,6.676174930886418
20230621094914730,6.67,6.67,6.676174930886418
20230621094914940,6.67,6.67,6.676174930886418
20230621094915390,6.67,6.67,6.676174930886418
20230621094917280,6.67,6.67,6.676174930886418
20230621094917360,6.67,6.67,6.676174930886418
20230621094917430,6.67,6.67,6.676174930886418
20230621094917640,6.67,6.67,6.676174930886418
20230621094919870,6.67,6.67,6.676174930886418
20230621094919890,6.67,6.67,6.676017802082727
20230621094920210,6.67,6.67,6.676008015333682
20230621094920440,6.67,6.67,6.676008015333682
20230621094922560,6.67,6.67,6.675775284757599
20230621094925240,6.67,6.67,6.675775284757599
20230621094925360,6.67,6.67,6.675775284757599
20230621094928270,6.67,6.67,6.675775284757599
20230621094929030,6.67,6.67,6.675775284757599
20230621094930620,6.67,6.67,6.675775284757599
20230621094933430,6.67,6.67,6.675775284757599
20230621094933710,6.67,6.67,6.675775284757599
20230621094933920,6.67,6.67,6.675775284757599
20230621094934020,6.67,6.67,6.675775284757599
20230621094934390,6.67,6.67,6.675639775497477
20230621094935960,6.67,6.67,6.675639775497477
20230621094936070,6.67,6.67,6.675639775497477
20230621094936160,6.67,6.67,6.675636579976203
20230621094936770,6.67,6.67,6.675636579976203
20230621094938970,6.67,6.67,6.675636579976203
20230621094939070,6.67,6.67,6.675636579976203
20230621094939810,6.67,6.67,6.675636579976203
20230621094942050,6.67,6.67,6.675636579976203
20230621094944340,6.67,6.67,6.675636579976203
20230621094944730,6.67,6.67,6.675636579976203
20230621094944940,6.67,6.67,6.675624540155074
20230621094944990,6.67,6.67,6.675624540155074
20230621094947330,6.67,6.67,6.675624540155074
20230621094947560,6.67,6.67,6.675624540155074
20230621094949880,6.67,6.67,6.675624540155074
20230621094950040,6.67,6.67,6.675624540155074
20230621094950250,6.67,6.67,6.675624540155074
20230621094950360,6.67,6.67,6.675624540155074
20230621094950420,6.67,6.67,6.675624540155074
20230621094950580,6.67,6.67,6.675624540155074
20230621094952430,6.67,6.67,6.675624540155074
20230621094952890,6.67,6.67,6.675624540155074
20230621094955380,6.67,6.67,6.675624540155074
20230621094956050,6.67,6.67,6.675624540155074
20230621094957780,6.67,6.67,6.675624540155074
20230621094957870,6.67,6.67,6.675624540155074
20230621094957880,6.67,6.67,6.675624540155074
20230621094958660,6.67,6.67,6.675624540155074
20230621095000300,6.67,6.67,6.675624540155074
20230621095000400,6.68,6.67,6.674741763774996
20230621095000410,6.68,6.67,6.674741763774996
20230621095000490,6.68,6.67,6.674741763774996
20230621095000840,6.68,6.67,6.674741763774996
20230621095001040,6.68,6.67,6.674741763774996
20230621095001050,6.68,6.67,6.674741763774996
20230621095001070,6.68,6.67,6.674741763774996
20230621095001080,6.68,6.67,6.6747473053892215
20230621095001120,6.68,6.67,6.674739585824287
20230621095001170,6.68,6.67,6.674739585824287
20230621095001180,6.68,6.67,6.674739132513988
20230621095001190,6.68,6.67,6.674739132513988
20230621095001210,6.68,6.67,6.674729632988116
20230621095001220,6.68,6.67,6.6747291815795755
20230621095001230,6.68,6.67,6.674725573410901
20230621095001350,6.68,6.67,6.674725573410901
20230621095001360,6.68,6.67,6.674725573410901
20230621095001380,6.68,6.67,6.674725573410901
20230621095001390,6.68,6.67,6.674718822913195
20230621095001400,6.68,6.67,6.674718822913195
20230621095001410,6.68,6.67,6.674718822913195
20230621095001420,6.68,6.67,6.674718822913195
20230621095004050,6.68,6.67,6.674718822913195
20230621095004060,6.68,6.67,6.674718822913195
20230621095004120,6.68,6.67,6.674718822913195
20230621095004130,6.68,6.67,6.674718822913195
20230621095004150,6.68,6.67,6.674718822913195
20230621095005770,6.68,6.67,6.674702253855279
20230621095006260,6.68,6.67,6.674702253855279
20230621095006790,6.68,6.67,6.674702253855279
20230621095008310,6.68,6.67,6.674702253855279
20230621095008530,6.68,6.67,6.674702253855279
20230621095008710,6.68,6.67,6.674702253855279
20230621095008770,6.68,6.67,6.674702253855279
20230621095008970,6.68,6.67,6.674702253855279
20230621095009530,6.68,6.67,6.674702253855279
20230621095011030,6.68,6.67,6.674702756559283
20230621095012040,6.68,6.67,6.674702756559283
20230621095012230,6.68,6.67,6.674702756559283
20230621095013770,6.68,6.67,6.674702756559283
20230621095016420,6.68,6.67,6.674702756559283
20230621095016680,6.68,6.67,6.674702756559283
20230621095016700,6.68,6.67,6.674744645799011
20230621095016730,6.68,6.67,6.674744645799011
20230621095016870,6.68,6.67,6.674735729386892
20230621095017020,6.68,6.67,6.674735284445906
20230621095017050,6.68,6.67,6.674735284445906
20230621095017290,6.68,6.67,6.674735284445906
20230621095017360,6.68,6.67,6.674735284445906
20230621095019340,6.68,6.67,6.674731283736212
20230621095019370,6.68,6.67,6.674731283736212
20230621095020050,6.68,6.67,6.674729951668152
20230621095020120,6.68,6.67,6.674729951668152
20230621095020280,6.68,6.67,6.674721090347056
20230621095020350,6.68,6.67,6.674721090347056
20230621095022060,6.68,6.67,6.674721090347056
20230621095022130,6.68,6.67,6.674734407848634
20230621095022670,6.68,6.67,6.674734407848634
20230621095022690,6.68,6.67,6.674734407848634
20230621095022780,6.68,6.67,6.674734407848634
20230621095022800,6.68,6.67,6.674734407848634
20230621095024860,6.68,6.67,6.674738832096345
20230621095025150,6.68,6.67,6.674738832096345
20230621095025160,6.68,6.67,6.674746679095782
20230621095027860,6.68,6.67,6.674746679095782
20230621095027920,6.68,6.67,6.674746679095782
20230621095030030,6.68,6.67,6.674746679095782
20230621095030310,6.68,6.67,6.674746679095782
20230621095030540,6.68,6.67,6.674748147802991
20230621095030980,6.68,6.67,6.674748147802991
20230621095031020,6.68,6.67,6.674741519705924
20230621095031050,6.68,6.67,6.674741519705924
20230621095032720,6.68,6.67,6.674741519705924
20230621095033140,6.68,6.67,6.674741519705924
20230621095033740,6.68,6.67,6.674697800931262
20230621095035740,6.68,6.67,6.674698289770894
20230621095035770,6.68,6.67,6.674698289770894
20230621095036150,6.68,6.67,6.674698289770894
20230621095036240,6.68,6.67,6.674698289770894
20230621095036320,6.68,6.67,6.674698289770894
20230621095038050,6.68,6.67,6.67469699064473
20230621095038060,6.68,6.67,6.67469699064473
20230621095038970,6.68,6.67,6.67469699064473
20230621095039100,6.68,6.67,6.67469699064473
20230621095041090,6.68,6.67,6.674695692236812
20230621095041100,6.68,6.67,6.6746784484737205
20230621095041560,6.68,6.67,6.6746784484737205
20230621095041610,6.68,6.67,6.6746784484737205
20230621095043740,6.68,6.67,6.6746784484737205
20230621095049750,6.68,6.67,6.6746784484737205
20230621095051840,6.68,6.67,6.6746784484737205
20230621095052090,6.68,6.67,6.6746784484737205
20230621095052110,6.68,6.67,6.6746784484737205
20230621095052130,6.68,6.67,6.6746784484737205
20230621095052140,6.68,6.67,6.6746784484737205
20230621095052160,6.68,6.67,6.6746784484737205
20230621095052440,6.68,6.67,6.6746784484737205
20230621095052600,6.68,6.67,6.6746784484737205
20230621095054200,6.68,6.67,6.6746784484737205
20230621095054400,6.68,6.67,6.6746784484737205
20230621095054410,6.68,6.67,6.6746784484737205
20230621095054600,6.68,6.67,6.6746784484737205
20230621095055040,6.68,6.67,6.6746784484737205
20230621095055090,6.68,6.67,6.6746784484737205
20230621095055120,6.68,6.67,6.674661887585041
20230621095055220,6.68,6.67,6.674619700466042
20230621095056920,6.68,6.67,6.674619700466042
20230621095057030,6.68,6.67,6.674619700466042
20230621095057160,6.68,6.67,6.674619700466042
20230621095057260,6.68,6.67,6.674619700466042
20230621095057460,6.68,6.67,6.674619700466042
20230621095057640,6.68,6.67,6.674619700466042
20230621095058050,6.68,6.67,6.674619700466042
20230621095059640,6.68,6.67,6.6746126044725544
20230621095059960,6.68,6.67,6.6746126044725544
20230621095100160,6.68,6.67,6.6746126044725544
20230621095100190,6.68,6.67,6.674612187739982
20230621095100210,6.68,6.67,6.674612187739982
20230621095100610,6.68,6.67,6.674612187739982
20230621095102420,6.68,6.67,6.674613647653886
20230621095102540,6.68,6.67,6.674613647653886
20230621095102670,6.68,6.67,6.674613647653886
20230621095103160,6.68,6.67,6.674613647653886
20230621095103440,6.68,6.67,6.674613230977648
20230621095103500,6.68,6.67,6.674613230977648
20230621095105020,6.68,6.67,6.674612397850919
20230621095105490,6.68,6.67,6.674612397850919
20230621095105590,6.68,6.67,6.674612397850919
20230621095106050,6.68,6.67,6.6746111487248925
20230621095106070,6.68,6.67,6.6746111487248925
20230621095107960,6.68,6.67,6.6746111487248925
20230621095108600,6.68,6.67,6.6746111487248925
20230621095108740,6.68,6.67,6.6746111487248925
20230621095108800,6.67,6.67,6.674604913229659
20230621095108930,6.67,6.67,6.674604913229659
20230621095110420,6.67,6.67,6.674604913229659
20230621095110480,6.67,6.67,6.674604913229659
20230621095110540,6.67,6.67,6.674604913229659
20230621095111160,6.67,6.67,6.674604913229659
20230621095111260,6.67,6.67,6.674604913229659
20230621095111280,6.67,6.67,6.674604913229659
20230621095111460,6.67,6.67,6.674604913229659
20230621095111500,6.67,6.67,6.674604913229659
20230621095111520,6.67,6.67,6.674604913229659
20230621095113120,6.67,6.67,6.674604913229659
20230621095113230,6.67,6.67,6.674604913229659
20230621095113370,6.67,6.67,6.674604913229659
20230621095113820,6.68,6.67,6.674760200741872
20230621095113830,6.68,6.67,6.674760200741872
20230621095113860,6.68,6.67,6.674760200741872
20230621095114030,6.68,6.67,6.674760200741872
20230621095114040,6.68,6.67,6.674760200741872
20230621095114050,6.68,6.67,6.674760200741872
20230621095114270,6.68,6.67,6.674760200741872
20230621095114310,6.68,6.67,6.674760200741872
20230621095116000,6.68,6.67,6.674760200741872
20230621095116010,6.68,6.67,6.674760200741872
20230621095116060,6.68,6.67,6.674760200741872
20230621095116470,6.68,6.67,6.674760200741872
20230621095118520,6.68,6.67,6.674760200741872
20230621095118780,6.68,6.67,6.674760200741872
20230621095118910,6.68,6.67,6.674760200741872
20230621095119050,6.68,6.67,6.674760200741872
20230621095119120,6.68,6.67,6.674760200741872
20230621095121890,6.68,6.67,6.674760200741872
20230621095121910,6.68,6.67,6.674760200741872
20230621095124130,6.68,6.67,6.674760200741872
20230621095124800,6.68,6.67,6.674760200741872
20230621095127550,6.68,6.67,6.674760200741872
20230621095129280,6.68,6.67,6.674760200741872
20230621095129290,6.68,6.67,6.674760200741872
20230621095129440,6.68,6.67,6.674760200741872
20230621095129450,6.68,6.67,6.674760200741872
20230621095129560,6.68,6.67,6.674760200741872
20230621095129630,6.68,6.67,6.674760200741872
20230621095129740,6.68,6.67,6.674760200741872
20230621095130190,6.68,6.67,6.674760200741872
20230621095132250,6.68,6.67,6.674760200741872
20230621095132310,6.68,6.67,6.674760200741872
20230621095132350,6.68,6.67,6.674760200741872
20230621095132770,6.68,6.67,6.674760200741872
20230621095134980,6.68,6.67,6.674760200741872
20230621095134990,6.68,6.67,6.674760200741872
20230621095135000,6.68,6.67,6.674760200741872
20230621095135030,6.68,6.67,6.674760200741872
20230621095135060,6.68,6.67,6.674760200741872
20230621095137510,6.68,6.67,6.674760200741872
20230621095137520,6.68,6.67,6.674760200741872
20230621095137940,6.68,6.67,6.674760200741872
20230621095140110,6.68,6.67,6.674760200741872
20230621095140560,6.68,6.67,6.674760200741872
20230621095140710,6.68,6.67,6.674760200741872
20230621095140860,6.68,6.67,6.674760200741872
20230621095142830,6.68,6.67,6.674758250861054
20230621095145860,6.68,6.67,6.674745836413445
20230621095146330,6.68,6.67,6.674745836413445
20230621095151470,6.68,6.67,6.674745836413445
20230621095152140,6.68,6.67,6.674745836413445
20230621095154050,6.68,6.67,6.674745836413445
20230621095154060,6.68,6.67,6.674745836413445
20230621095154070,6.68,6.67,6.674745836413445
20230621095154320,6.68,6.67,6.674745836413445
20230621095154650,6.68,6.67,6.674745836413445
20230621095156500,6.68,6.67,6.674745423714074
20230621095157040,6.68,6.67,6.674745423714074
20230621095157080,6.68,6.67,6.674745423714074
20230621095157410,6.68,6.67,6.674745423714074
20230621095159190,6.68,6.67,6.674745423714074
20230621095201750,6.68,6.67,6.674745423714074
20230621095201790,6.68,6.67,6.674745423714074
20230621095202200,6.68,6.67,6.674745423714074
20230621095202390,6.68,6.67,6.674745423714074
20230621095202400,6.68,6.67,6.674745423714074
20230621095202570,6.68,6.67,6.674745423714074
20230621095204600,6.68,6.67,6.674745423714074
20230621095204790,6.68,6.67,6.6747203840664335
20230621095204940,6.68,6.67,6.674669090909091
20230621095204990,6.68,6.67,6.674663504678887
20230621095205010,6.68,6.67,6.674663504678887
20230621095205570,6.68,6.67,6.674662707737002
20230621095207080,6.67,6.67,6.674662707737002
20230621095207100,6.67,6.67,6.674662707737002
20230621095207120,6.67,6.67,6.674662707737002
20230621095207290,6.67,6.67,6.674662707737002
20230621095207320,6.67,6.67,6.674662707737002
20230621095207740,6.67,6.67,6.674662707737002
20230621095207820,6.68,6.67,6.674653959319432
20230621095207830,6.68,6.67,6.674653562444037
20230621095207840,6.68,6.67,6.674653165636325
20230621095207920,6.68,6.67,6.674653165636325
20230621095208010,6.67,6.67,6.6746511826124015
20230621095208060,6.67,6.67,6.6746511826124015
20230621095208110,6.67,6.67,6.6746511826124015
20230621095208120,6.67,6.67,6.674650786210423
20230621095210070,6.67,6.67,6.674640503422765
20230621095210080,6.67,6.67,6.674640503422765
20230621095210120,6.67,6.67,6.674640503422765
20230621095210280,6.67,6.67,6.674640503422765
20230621095210520,6.67,6.67,6.674640503422765
20230621095213110,6.67,6.67,6.674640503422765
20230621095213120,6.67,6.67,6.674640503422765
20230621095213500,6.67,6.67,6.674640503422765
20230621095215940,6.67,6.67,6.674640503422765
20230621095216220,6.67,6.67,6.674639319872476
20230621095218030,6.67,6.67,6.674639319872476
20230621095218270,6.67,6.67,6.674639319872476
20230621095218620,6.67,6.67,6.674639319872476
20230621095220960,6.67,6.67,6.674639319872476
20230621095221180,6.67,6.67,6.674639319872476
20230621095221540,6.67,6.67,6.674639319872476
20230621095221850,6.67,6.67,6.674639319872476
20230621095226700,6.67,6.67,6.674639319872476
20230621095226910,6.67,6.67,6.674639319872476
20230621095229820,6.67,6.67,6.674639319872476
20230621095229900,6.67,6.67,6.674639319872476
20230621095231720,6.67,6.67,6.674639319872476
20230621095231940,6.67,6.67,6.674639319872476
20230621095234070,6.67,6.67,6.674639319872476
20230621095234120,6.67,6.67,6.674639319872476
20230621095234360,6.67,6.67,6.674639319872476
20230621095234850,6.67,6.67,6.674639319872476
