Timestamp,ask1,bid1,VWAP
20230719093000050,6.79,7.77,0.0
20230719093000060,6.84,7.77,0.0
20230719093000070,6.84,7.77,0.0
20230719093000080,6.84,7.15,0.0
20230719093000090,6.84,7.15,0.0
20230719093000100,6.84,7.15,0.0
20230719093000110,6.84,7.15,0.0
20230719093000120,6.84,7.15,0.0
20230719093000130,6.84,7.15,0.0
20230719093000140,6.84,7.15,0.0
20230719093000150,6.84,7.15,0.0
20230719093000160,6.84,7.15,0.0
20230719093000170,6.84,7.15,0.0
20230719093000180,6.84,7.15,0.0
20230719093000410,6.84,7.15,0.0
20230719093000420,6.84,7.15,0.0
20230719093000430,6.84,7.15,0.0
20230719093000440,6.84,7.15,0.0
20230719093000450,6.84,7.15,0.0
20230719093000470,6.84,7.15,0.0
20230719093000480,6.84,7.15,0.0
20230719093000490,6.84,7.15,0.0
20230719093000510,6.84,7.15,0.0
20230719093000520,6.84,7.15,7.042481203007519
20230719093000530,6.84,7.15,7.042481203007519
20230719093000550,6.84,7.15,7.042481203007519
20230719093000560,6.84,7.15,7.042481203007519
20230719093000580,6.84,7.15,7.042481203007519
20230719093000590,6.84,7.15,7.042481203007519
20230719093000620,6.84,7.15,7.042481203007519
20230719093000640,6.84,7.15,7.042481203007519
20230719093000650,6.84,7.15,7.042481203007519
20230719093000660,6.84,7.15,7.042481203007519
20230719093000670,6.84,7.15,7.042481203007519
20230719093000680,6.84,7.15,7.042481203007519
20230719093000690,6.84,7.15,7.042481203007519
20230719093000700,6.84,7.15,7.042481203007519
20230719093000710,6.84,7.15,7.042481203007519
20230719093001330,6.84,7.15,7.042481203007519
20230719093001350,6.84,7.15,7.042481203007519
20230719093001360,6.84,7.15,7.042481203007519
20230719093001370,6.84,7.15,7.042481203007519
20230719093001390,6.84,7.15,7.042481203007519
20230719093001400,6.84,7.15,7.042481203007519
20230719093001450,6.84,7.15,7.042481203007519
20230719093001480,6.84,7.15,7.042481203007519
20230719093001510,6.84,7.15,7.042481203007519
20230719093001540,6.84,7.15,7.042481203007519
20230719093001580,6.84,7.15,7.042481203007519
20230719093001600,6.84,7.15,7.042481203007519
20230719093001620,6.84,7.15,7.042481203007519
20230719093001650,6.84,7.15,7.042481203007519
20230719093001660,6.84,7.15,7.042481203007519
20230719093001670,6.84,7.15,7.042481203007519
20230719093001680,6.84,7.15,7.042481203007519
20230719093001700,6.84,7.15,7.042481203007519
20230719093001710,6.84,7.15,7.042481203007519
20230719093001720,6.84,7.15,7.042481203007519
20230719093001730,6.84,7.15,7.042481203007519
20230719093001780,6.84,7.15,7.042481203007519
20230719093001790,6.84,7.15,7.042481203007519
20230719093001810,6.84,7.15,7.042481203007519
20230719093001840,6.84,7.15,7.042481203007519
20230719093001870,6.84,7.15,7.042481203007519
20230719093001880,6.84,7.15,7.042481203007519
20230719093001890,6.84,7.15,7.042481203007519
20230719093001900,6.84,7.15,7.042481203007519
20230719093001910,6.84,7.15,7.042481203007519
20230719093001920,6.84,7.15,7.042481203007519
20230719093001930,6.84,7.15,7.042481203007519
20230719093001940,7.04,7.06,7.042481203007519
20230719093001950,7.04,7.06,7.042481203007519
20230719093001960,7.04,7.06,7.042481203007519
20230719093001980,7.04,7.06,7.042481203007519
20230719093001990,7.04,7.06,7.042481203007519
20230719093003090,7.04,7.06,7.042481203007519
20230719093003100,7.04,7.06,7.042481203007519
20230719093003120,7.04,7.06,7.042481203007519
20230719093003150,7.04,7.06,7.042481203007519
20230719093003170,7.04,7.06,7.042481203007519
20230719093003210,7.06,7.06,7.045535714285714
20230719093003220,7.06,7.06,7.045575221238938
20230719093003260,7.05,7.06,7.045575221238938
20230719093003270,7.05,7.06,7.045575221238938
20230719093003280,7.05,7.06,7.045575221238938
20230719093003290,7.05,7.06,7.045575221238938
20230719093003320,7.05,7.06,7.045575221238938
20230719093003330,7.05,7.06,7.045575221238938
20230719093003340,7.05,7.06,7.045575221238938
20230719093003360,7.05,7.06,7.045575221238938
20230719093003370,7.05,7.06,7.045575221238938
20230719093003420,7.06,7.06,7.045575221238938
20230719093003440,7.06,7.06,7.045575221238938
20230719093003450,7.06,7.06,7.045575221238938
20230719093003470,7.06,7.06,7.045575221238938
20230719093003480,7.06,7.06,7.045575221238938
20230719093003490,7.06,7.06,7.045575221238938
20230719093003500,7.06,7.06,7.045575221238938
20230719093003510,7.06,7.06,7.045575221238938
20230719093003520,7.06,7.06,7.045575221238938
20230719093003530,7.06,7.06,7.045575221238938
20230719093003540,7.06,7.06,7.045575221238938
20230719093003550,7.06,7.06,7.045575221238938
20230719093003560,7.06,7.06,7.045575221238938
20230719093003580,7.06,7.06,7.045575221238938
20230719093003630,7.06,7.06,7.045575221238938
20230719093003660,7.06,7.06,7.045575221238938
20230719093003670,7.06,7.06,7.045575221238938
20230719093003680,7.06,7.06,7.045575221238938
20230719093003690,7.06,7.06,7.045575221238938
20230719093003700,7.06,7.06,7.045575221238938
20230719093003710,7.06,7.06,7.045575221238938
20230719093003720,7.06,7.06,7.045575221238938
20230719093003730,7.06,7.06,7.045575221238938
20230719093003740,7.06,7.06,7.045575221238938
20230719093003750,7.06,7.06,7.045575221238938
20230719093003790,7.06,7.06,7.045575221238938
20230719093003830,7.06,7.06,7.045575221238938
20230719093003840,7.06,7.06,7.045575221238938
20230719093003880,7.06,7.06,7.045575221238938
20230719093003930,7.06,7.06,7.045575221238938
20230719093003950,7.06,7.06,7.045575221238938
20230719093003960,7.06,7.06,7.045575221238938
20230719093003970,7.06,7.05,7.044984126984127
20230719093003990,7.06,7.05,7.044984126984127
20230719093004020,7.06,7.05,7.044984126984127
20230719093004030,7.06,7.05,7.044984126984127
20230719093004050,7.06,7.05,7.044984126984127
20230719093004080,7.06,7.05,7.044984126984127
20230719093004090,7.06,7.05,7.044984126984127
20230719093004130,7.06,7.05,7.044984126984127
20230719093004150,7.06,7.05,7.044984126984127
20230719093004160,7.06,7.05,7.044984126984127
20230719093004180,7.06,7.05,7.044984126984127
20230719093004190,7.06,7.05,7.044984126984127
20230719093004210,7.06,7.05,7.044984126984127
20230719093004280,7.06,7.05,7.044984126984127
20230719093004300,7.06,7.05,7.044984126984127
20230719093004320,7.06,7.05,7.044984126984127
20230719093004330,7.06,7.05,7.044984126984127
20230719093004340,7.06,7.05,7.044984126984127
20230719093004350,7.06,7.05,7.044984126984127
20230719093004360,7.06,7.05,7.044984126984127
20230719093004400,7.06,7.05,7.044497354497355
20230719093004420,7.06,7.05,7.044497354497355
20230719093004430,7.06,7.05,7.044497354497355
20230719093006980,7.05,7.05,7.044497354497355
20230719093007110,7.06,7.05,7.044511873350923
20230719093007150,7.06,7.05,7.044511873350923
20230719093007170,7.06,7.05,7.044511873350923
20230719093007190,7.06,7.05,7.044511873350923
20230719093007230,7.06,7.05,7.044511873350923
20230719093007300,7.06,7.05,7.044511873350923
20230719093007330,7.06,7.05,7.044511873350923
20230719093007350,7.06,7.05,7.044511873350923
20230719093007460,7.06,7.05,7.044511873350923
20230719093007590,7.06,7.05,7.044511873350923
20230719093007640,7.06,7.05,7.044511873350923
20230719093007840,7.06,7.05,7.045762711864406
20230719093007850,7.06,7.05,7.045762711864406
20230719093007870,7.06,7.05,7.045762711864406
20230719093007920,7.06,7.05,7.045772946859904
20230719093008020,7.06,7.05,7.045772946859904
20230719093008150,7.06,7.05,7.045772946859904
20230719093008160,7.06,7.05,7.045772946859904
20230719093008440,7.06,7.05,7.045772946859904
20230719093009090,7.06,7.05,7.045772946859904
20230719093009160,7.06,7.05,7.045772946859904
20230719093009660,7.06,7.05,7.045772946859904
20230719093009970,7.06,7.05,7.045772946859904
20230719093010090,7.05,7.05,7.045872641509434
20230719093010120,7.05,7.05,7.045920745920746
20230719093010150,7.05,7.05,7.0459584295612006
20230719093013610,7.05,7.05,7.0459584295612006
20230719093013670,7.05,7.05,7.0459584295612006
20230719093013680,7.05,7.05,7.0459584295612006
20230719093013720,7.05,7.05,7.0459584295612006
20230719093013740,7.05,7.05,7.0459584295612006
20230719093013750,7.05,7.05,7.0459584295612006
20230719093013760,7.05,7.05,7.0459584295612006
20230719093013770,7.05,7.05,7.0459584295612006
20230719093013960,7.05,7.05,7.0459584295612006
20230719093013980,7.05,7.05,7.0459584295612006
20230719093014220,7.05,7.05,7.0459584295612006
20230719093014390,7.05,7.05,7.0459584295612006
20230719093014490,7.05,7.05,7.0459584295612006
20230719093014610,7.05,7.05,7.0459584295612006
20230719093014740,7.05,7.05,7.0459584295612006
20230719093015220,7.05,7.05,7.0459584295612006
20230719093016820,7.05,7.05,7.0459584295612006
20230719093016870,7.05,7.05,7.0459584295612006
20230719093017040,7.05,7.06,7.0459584295612006
20230719093017650,7.05,7.06,7.0459584295612006
20230719093017680,7.05,7.06,7.0459584295612006
20230719093017720,7.05,7.06,7.0459584295612006
20230719093017770,7.05,7.06,7.0459584295612006
20230719093017780,7.05,7.06,7.0459584295612006
20230719093017790,7.05,7.06,7.0459584295612006
20230719093017820,7.05,7.06,7.0459584295612006
20230719093017840,7.05,7.06,7.0459584295612006
20230719093017910,7.05,7.06,7.0459584295612006
20230719093019600,7.05,7.06,7.0459584295612006
20230719093019730,7.06,7.05,7.0459584295612006
20230719093019910,7.06,7.05,7.0459584295612006
20230719093019990,7.06,7.05,7.0459584295612006
20230719093020000,7.06,7.05,7.0459584295612006
20230719093020020,7.06,7.06,7.0459584295612006
20230719093020080,7.06,7.05,7.0459584295612006
20230719093020120,7.06,7.06,7.0459584295612006
20230719093020330,7.06,7.06,7.0459584295612006
20230719093020390,7.06,7.06,7.0459584295612006
20230719093022130,7.06,7.06,7.0459584295612006
20230719093022150,7.06,7.06,7.0459584295612006
20230719093022460,7.06,7.06,7.0459584295612006
20230719093022500,7.06,7.06,7.0459584295612006
20230719093022620,7.06,7.06,7.0459584295612006
20230719093022700,7.06,7.06,7.0459584295612006
20230719093022950,7.06,7.06,7.049071038251366
20230719093023090,7.06,7.06,7.049071038251366
20230719093023170,7.06,7.06,7.049071038251366
20230719093024820,7.06,7.06,7.049071038251366
20230719093024840,7.06,7.06,7.049071038251366
20230719093025080,7.06,7.06,7.049071038251366
20230719093025450,7.06,7.06,7.049071038251366
20230719093025610,7.06,7.06,7.049071038251366
20230719093025670,7.06,7.06,7.049071038251366
20230719093025700,7.06,7.06,7.049071038251366
20230719093025770,7.06,7.06,7.049071038251366
20230719093025820,7.06,7.05,7.0493992932862195
20230719093025830,7.06,7.05,7.0493992932862195
20230719093026040,7.06,7.05,7.0493992932862195
20230719093026060,7.06,7.06,7.0493992932862195
20230719093027570,7.06,7.06,7.049881556683587
20230719093027600,7.06,7.06,7.05005033557047
20230719093027650,7.06,7.06,7.05005033557047
20230719093028040,7.06,7.06,7.05005033557047
20230719093028150,7.06,7.06,7.05005033557047
20230719093028260,7.06,7.06,7.05005033557047
20230719093028330,7.06,7.06,7.05005033557047
20230719093028420,7.06,7.06,7.05005033557047
20230719093028440,7.06,7.06,7.05005033557047
20230719093028460,7.06,7.06,7.05005033557047
20230719093028700,7.06,7.06,7.05005033557047
20230719093030240,7.06,7.06,7.05005033557047
20230719093030300,7.06,7.06,7.05005033557047
20230719093030600,7.06,7.07,7.05005033557047
20230719093030610,7.06,7.07,7.05005033557047
20230719093030720,7.06,7.07,7.05005033557047
20230719093030860,7.06,7.07,7.05005033557047
20230719093030910,7.06,7.07,7.05005033557047
20230719093031100,7.06,7.07,7.050571895424836
20230719093031110,7.06,7.07,7.050571895424836
20230719093031120,7.06,7.07,7.051126984126984
20230719093031220,7.06,7.07,7.051126984126984
20230719093031230,7.06,7.07,7.051156893819335
20230719093031280,7.06,7.07,7.051202531645569
20230719093031390,7.06,7.07,7.051202531645569
20230719093033090,7.06,7.06,7.051666666666667
20230719093033110,7.06,7.07,7.051666666666667
20230719093033170,7.06,7.07,7.051666666666667
20230719093033280,7.06,7.07,7.051666666666667
20230719093033310,7.06,7.07,7.051666666666667
20230719093033690,7.06,7.07,7.051666666666667
20230719093033710,7.06,7.06,7.051666666666667
20230719093033740,7.06,7.07,7.051666666666667
20230719093033760,7.06,7.07,7.051666666666667
20230719093033870,7.06,7.07,7.051666666666667
20230719093033930,7.06,7.07,7.051666666666667
20230719093034160,7.06,7.07,7.053190883190883
20230719093036050,7.06,7.07,7.053190883190883
20230719093036460,7.06,7.06,7.053190883190883
20230719093036580,7.06,7.06,7.053190883190883
20230719093036620,7.06,7.06,7.053190883190883
20230719093038480,7.06,7.06,7.053190883190883
20230719093038700,7.06,7.06,7.053190883190883
20230719093038790,7.06,7.06,7.053190883190883
20230719093038850,7.06,7.06,7.053190883190883
20230719093038870,7.06,7.06,7.053190883190883
20230719093038970,7.06,7.06,7.053190883190883
20230719093038990,7.06,7.06,7.053190883190883
20230719093039010,7.06,7.07,7.053190883190883
20230719093039210,7.06,7.07,7.053190883190883
20230719093039360,7.06,7.07,7.053190883190883
20230719093039470,7.06,7.07,7.053190883190883
20230719093041120,7.06,7.07,7.053190883190883
20230719093041150,7.06,7.07,7.053190883190883
20230719093041180,7.06,7.07,7.053190883190883
20230719093041370,7.06,7.07,7.053190883190883
20230719093041410,7.06,7.07,7.053190883190883
20230719093041420,7.07,7.06,7.058543689320389
20230719093041430,7.07,7.06,7.058543689320389
20230719093041620,7.07,7.06,7.058543689320389
20230719093041700,7.07,7.07,7.058543689320389
20230719093041760,7.07,7.07,7.058543689320389
20230719093041780,7.07,7.07,7.058543689320389
20230719093041790,7.07,7.07,7.060367346938776
20230719093041800,7.07,7.07,7.0603752039151715
20230719093041810,7.07,7.07,7.060383048084759
20230719093041820,7.07,7.07,7.0603908794788275
20230719093041830,7.07,7.07,7.06039869812856
20230719093041840,7.07,7.07,7.060406504065041
20230719093041850,7.07,7.07,7.060406504065041
20230719093041990,7.07,7.07,7.0604142973192525
20230719093043720,7.07,7.07,7.0604142973192525
20230719093043920,7.07,7.07,7.0604142973192525
20230719093043980,7.07,7.07,7.0604142973192525
20230719093044010,7.07,7.07,7.0604142973192525
20230719093044040,7.07,7.07,7.0604142973192525
20230719093044070,7.07,7.07,7.060453074433657
20230719093044080,7.07,7.07,7.060453074433657
20230719093044090,7.07,7.07,7.060453074433657
20230719093044140,7.07,7.07,7.060453074433657
20230719093044410,7.07,7.07,7.060453074433657
20230719093044710,7.07,7.07,7.060453074433657
20230719093044900,7.07,7.07,7.060453074433657
20230719093044910,7.07,7.07,7.060453074433657
20230719093046470,7.07,7.07,7.060453074433657
20230719093046660,7.07,7.07,7.060453074433657
20230719093046670,7.07,7.07,7.060453074433657
20230719093046700,7.07,7.07,7.060453074433657
20230719093046770,7.07,7.07,7.060453074433657
20230719093046840,7.07,7.07,7.060453074433657
20230719093046940,7.07,7.07,7.060453074433657
20230719093047160,7.07,7.07,7.060453074433657
20230719093047190,7.07,7.07,7.060453074433657
20230719093047320,7.07,7.07,7.060453074433657
20230719093047350,7.07,7.07,7.060453074433657
20230719093047430,7.07,7.07,7.060453074433657
20230719093047460,7.07,7.07,7.060453074433657
20230719093047500,7.07,7.07,7.060453074433657
20230719093047590,7.07,7.07,7.060453074433657
20230719093047680,7.07,7.07,7.060453074433657
20230719093049240,7.07,7.07,7.060453074433657
20230719093049340,7.07,7.07,7.060453074433657
20230719093049400,7.07,7.07,7.060453074433657
20230719093049560,7.07,7.07,7.060453074433657
20230719093049680,7.07,7.07,7.060453074433657
20230719093049840,7.07,7.07,7.060453074433657
20230719093049860,7.07,7.07,7.060453074433657
20230719093049890,7.07,7.07,7.060453074433657
20230719093049930,7.07,7.07,7.060453074433657
20230719093050010,7.07,7.07,7.060453074433657
20230719093050110,7.07,7.07,7.060453074433657
20230719093050140,7.07,7.07,7.060453074433657
20230719093050280,7.07,7.07,7.060453074433657
20230719093050300,7.07,7.07,7.060453074433657
20230719093051850,7.07,7.07,7.060453074433657
20230719093052080,7.07,7.07,7.0612968515742125
20230719093052090,7.07,7.07,7.0612968515742125
20230719093052120,7.07,7.07,7.0612968515742125
20230719093052290,7.07,7.07,7.0612968515742125
20230719093052300,7.08,7.07,7.0612968515742125
20230719093052370,7.08,7.07,7.0612968515742125
20230719093052430,7.08,7.08,7.063278253814339
20230719093052460,7.08,7.08,7.063278253814339
20230719093052640,7.08,7.08,7.063278253814339
20230719093052690,7.08,7.08,7.063278253814339
20230719093052700,7.08,7.08,7.0636027399918495
20230719093052710,7.08,7.08,7.0636027399918495
20230719093052720,7.08,7.08,7.06365560061638
20230719093052730,7.08,7.08,7.06365560061638
20230719093052950,7.08,7.08,7.06365560061638
20230719093054940,7.08,7.08,7.06365560061638
20230719093054960,7.08,7.08,7.06365560061638
20230719093055080,7.08,7.08,7.06365560061638
20230719093055270,7.08,7.08,7.06365560061638
20230719093055360,7.08,7.08,7.06365560061638
20230719093055420,7.08,7.08,7.063801813430118
20230719093055590,7.08,7.08,7.063801813430118
20230719093055680,7.08,7.08,7.063801813430118
20230719093055700,7.08,7.08,7.063801813430118
20230719093057310,7.08,7.08,7.063801813430118
20230719093057330,7.08,7.08,7.063801813430118
20230719093057440,7.08,7.08,7.063801813430118
20230719093057710,7.08,7.08,7.063801813430118
20230719093057760,7.08,7.08,7.063801813430118
20230719093058100,7.08,7.08,7.063801813430118
20230719093058170,7.08,7.08,7.064492836464883
20230719093058330,7.08,7.08,7.064492836464883
20230719093058480,7.08,7.08,7.064492836464883
20230719093100040,7.08,7.08,7.064492836464883
20230719093100080,7.08,7.08,7.064492836464883
20230719093100370,7.08,7.08,7.064492836464883
20230719093100380,7.08,7.08,7.064492836464883
20230719093100390,7.08,7.08,7.064502361808119
20230719093100440,7.08,7.08,7.064502361808119
20230719093100750,7.08,7.08,7.064502361808119
20230719093100870,7.08,7.08,7.064502361808119
20230719093101080,7.08,7.08,7.064530867755167
20230719093102670,7.08,7.08,7.064593177939925
20230719093102710,7.08,7.08,7.064593177939925
20230719093102830,7.08,7.08,7.064593177939925
20230719093102880,7.08,7.08,7.064593177939925
20230719093103100,7.08,7.08,7.064593177939925
20230719093103140,7.08,7.08,7.064593177939925
20230719093103160,7.08,7.08,7.064593177939925
20230719093103270,7.08,7.08,7.064593177939925
20230719093103280,7.08,7.08,7.064593177939925
20230719093103350,7.08,7.08,7.064593177939925
20230719093103360,7.08,7.09,7.065544352821382
20230719093103570,7.08,7.09,7.065544352821382
20230719093103680,7.08,7.09,7.065544352821382
20230719093103710,7.08,7.09,7.065544352821382
20230719093103740,7.08,7.09,7.065544352821382
20230719093103750,7.08,7.09,7.065544352821382
20230719093103760,7.08,7.09,7.065544352821382
20230719093105490,7.08,7.09,7.065544352821382
20230719093105620,7.08,7.09,7.065544352821382
20230719093105990,7.08,7.09,7.065544352821382
20230719093106190,7.08,7.09,7.065544352821382
20230719093106220,7.08,7.09,7.065544352821382
20230719093106270,7.08,7.09,7.065544352821382
20230719093106430,7.08,7.09,7.065544352821382
20230719093108330,7.08,7.09,7.065626722280313
20230719093108420,7.08,7.09,7.065626722280313
20230719093108480,7.08,7.09,7.065626722280313
20230719093108650,7.08,7.09,7.065626722280313
20230719093108930,7.08,7.09,7.065626722280313
20230719093109090,7.08,7.09,7.065626722280313
20230719093111120,7.08,7.09,7.065626722280313
20230719093111130,7.08,7.09,7.065626722280313
20230719093111220,7.08,7.09,7.065626722280313
20230719093111240,7.08,7.08,7.065958280610147
20230719093111270,7.08,7.08,7.065958280610147
20230719093111280,7.08,7.08,7.065958280610147
20230719093111340,7.08,7.08,7.065958280610147
20230719093111350,7.08,7.08,7.065958280610147
20230719093111660,7.08,7.08,7.065958280610147
20230719093111720,7.08,7.08,7.065958280610147
20230719093111740,7.08,7.08,7.065958280610147
20230719093113600,7.08,7.08,7.065958280610147
20230719093113900,7.08,7.08,7.065958280610147
20230719093114430,7.08,7.08,7.065958280610147
20230719093114650,7.08,7.08,7.065958280610147
20230719093116150,7.08,7.08,7.066003118696746
20230719093116170,7.08,7.08,7.066003118696746
20230719093116240,7.08,7.08,7.066003118696746
20230719093116250,7.08,7.07,7.06607721586668
20230719093116490,7.08,7.07,7.06607721586668
20230719093116540,7.08,7.07,7.06607721586668
20230719093116880,7.08,7.07,7.06607721586668
20230719093116990,7.08,7.07,7.06607721586668
20230719093117190,7.08,7.07,7.06607721586668
20230719093117210,7.08,7.07,7.06607721586668
20230719093117300,7.08,7.07,7.06607721586668
20230719093117320,7.08,7.07,7.06607721586668
20230719093117330,7.08,7.07,7.06607721586668
20230719093118830,7.08,7.07,7.06607721586668
20230719093118910,7.08,7.07,7.06607721586668
20230719093119120,7.08,7.07,7.066091941258282
20230719093119230,7.08,7.07,7.066091941258282
20230719093119320,7.08,7.06,7.06613286237572
20230719093119350,7.08,7.06,7.06613286237572
20230719093119520,7.08,7.06,7.06613286237572
20230719093119620,7.08,7.06,7.06613286237572
20230719093119680,7.08,7.06,7.0661581788556935
20230719093119720,7.08,7.06,7.0661581788556935
20230719093119800,7.08,7.06,7.0661581788556935
20230719093121720,7.08,7.06,7.0661581788556935
20230719093121830,7.08,7.06,7.0661581788556935
20230719093121930,7.08,7.06,7.0661581788556935
20230719093122070,7.08,7.07,7.0661581788556935
20230719093122210,7.08,7.07,7.0661581788556935
20230719093122300,7.08,7.07,7.0661581788556935
20230719093122310,7.08,7.07,7.0661581788556935
20230719093122350,7.08,7.07,7.0661581788556935
20230719093122490,7.08,7.07,7.0661581788556935
20230719093122540,7.08,7.07,7.0661581788556935
20230719093122720,7.08,7.07,7.0661581788556935
20230719093124290,7.08,7.07,7.0661581788556935
20230719093124340,7.08,7.07,7.0661581788556935
20230719093124450,7.08,7.07,7.0661581788556935
20230719093124510,7.08,7.07,7.0661581788556935
20230719093124570,7.08,7.07,7.0661581788556935
20230719093124580,7.08,7.07,7.0661581788556935
20230719093124770,7.08,7.07,7.0661581788556935
20230719093124950,7.08,7.07,7.0661581788556935
20230719093125080,7.08,7.07,7.0661581788556935
20230719093125130,7.08,7.07,7.0661581788556935
20230719093125160,7.08,7.07,7.066224682675726
20230719093125190,7.08,7.07,7.066224682675726
20230719093125370,7.08,7.07,7.066224682675726
20230719093125380,7.08,7.07,7.066260259608779
20230719093125470,7.08,7.07,7.066260259608779
20230719093127060,7.08,7.07,7.066260259608779
20230719093127100,7.08,7.07,7.066260259608779
20230719093127180,7.08,7.07,7.066260259608779
20230719093127280,7.08,7.07,7.066260259608779
20230719093127410,7.08,7.07,7.067499941259122
20230719093127450,7.08,7.07,7.067499941259122
20230719093127540,7.08,7.07,7.067499941259122
20230719093127830,7.08,7.07,7.067499941259122
20230719093127920,7.08,7.07,7.067499941259122
20230719093127930,7.08,7.07,7.067499941259122
20230719093128050,7.08,7.07,7.067499941259122
20230719093128070,7.08,7.07,7.067499941259122
20230719093128080,7.08,7.07,7.067499941259122
20230719093128090,7.08,7.07,7.067499941259122
20230719093128120,7.08,7.07,7.067499941259122
20230719093128180,7.08,7.07,7.067499941259122
20230719093129690,7.08,7.07,7.067499941259122
20230719093129840,7.08,7.07,7.067499941259122
20230719093130010,7.08,7.07,7.067499941259122
20230719093130020,7.08,7.07,7.067499941259122
20230719093130030,7.08,7.07,7.067499941259122
20230719093130080,7.08,7.07,7.067499941259122
20230719093130110,7.08,7.07,7.06818297726778
20230719093130430,7.08,7.07,7.068343507202047
20230719093130500,7.08,7.07,7.068343507202047
20230719093130640,7.08,7.07,7.068343507202047
20230719093130650,7.08,7.07,7.068343507202047
20230719093130710,7.08,7.07,7.068519587913629
20230719093130840,7.08,7.07,7.068519587913629
20230719093132310,7.08,7.07,7.068519587913629
20230719093132390,7.08,7.08,7.068519587913629
20230719093132420,7.08,7.08,7.068519587913629
20230719093132460,7.08,7.08,7.068519587913629
20230719093132560,7.08,7.08,7.068519587913629
20230719093132790,7.08,7.08,7.068519587913629
20230719093132830,7.08,7.08,7.068519587913629
20230719093132980,7.08,7.08,7.068519587913629
20230719093133070,7.08,7.08,7.068519587913629
20230719093133100,7.08,7.08,7.068519587913629
20230719093133210,7.08,7.08,7.068519587913629
20230719093133220,7.08,7.08,7.068519587913629
20230719093133230,7.08,7.08,7.068519587913629
20230719093133280,7.08,7.08,7.068519587913629
20230719093133290,7.08,7.08,7.068519587913629
20230719093133410,7.08,7.08,7.068519587913629
20230719093135140,7.08,7.08,7.068519587913629
20230719093135170,7.08,7.08,7.068519587913629
20230719093135190,7.08,7.08,7.068519587913629
20230719093135440,7.08,7.08,7.068519587913629
20230719093135450,7.08,7.08,7.068519587913629
20230719093135580,7.08,7.08,7.068519587913629
20230719093135610,7.08,7.08,7.068519587913629
20230719093135760,7.08,7.08,7.068519587913629
20230719093135810,7.08,7.08,7.068519587913629
20230719093135850,7.08,7.08,7.068519587913629
20230719093135890,7.08,7.08,7.068519587913629
20230719093135950,7.08,7.08,7.068519587913629
20230719093136080,7.08,7.08,7.068519587913629
20230719093137820,7.08,7.08,7.068519587913629
20230719093137840,7.08,7.08,7.068519587913629
20230719093137900,7.08,7.08,7.068519587913629
20230719093137920,7.08,7.08,7.068519587913629
20230719093138070,7.08,7.09,7.068519587913629
20230719093138110,7.08,7.09,7.068519587913629
20230719093138230,7.08,7.09,7.068519587913629
20230719093138290,7.08,7.09,7.068519587913629
20230719093138490,7.08,7.08,7.068519587913629
20230719093138810,7.08,7.08,7.068519587913629
20230719093138830,7.08,7.08,7.068519587913629
20230719093138970,7.08,7.08,7.068519587913629
20230719093140420,7.08,7.08,7.068519587913629
20230719093140500,7.08,7.08,7.068519587913629
20230719093140520,7.08,7.08,7.068519587913629
20230719093140580,7.08,7.08,7.068519587913629
20230719093140630,7.08,7.08,7.068519587913629
20230719093140840,7.08,7.09,7.068519587913629
20230719093141020,7.08,7.09,7.068519587913629
20230719093141040,7.08,7.09,7.068519587913629
20230719093141110,7.08,7.09,7.068519587913629
20230719093141150,7.08,7.08,7.068519587913629
20230719093141230,7.08,7.08,7.068519587913629
20230719093141260,7.08,7.08,7.068519587913629
20230719093141600,7.04,7.08,7.068519587913629
20230719093141630,7.04,7.08,7.068519587913629
20230719093143550,7.04,7.09,7.068519587913629
20230719093143870,7.04,7.09,7.068519587913629
20230719093143890,7.04,7.09,7.068519587913629
20230719093143970,7.04,7.09,7.068519587913629
20230719093144160,7.04,7.09,7.068519587913629
20230719093145890,7.04,7.09,7.068519587913629
20230719093145940,7.04,7.09,7.068519587913629
20230719093145980,7.04,7.09,7.068519587913629
20230719093146010,7.04,7.09,7.068519587913629
20230719093146290,7.08,7.09,7.068519587913629
20230719093146430,7.08,7.09,7.068519587913629
20230719093146660,7.08,7.09,7.068519587913629
20230719093146770,7.08,7.09,7.068519587913629
20230719093146800,7.08,7.09,7.068519587913629
20230719093146830,7.08,7.09,7.068519587913629
20230719093146870,7.08,7.09,7.068519587913629
20230719093146980,7.08,7.09,7.068519587913629
20230719093148690,7.08,7.09,7.068519587913629
20230719093149170,7.08,7.09,7.068519587913629
20230719093149270,7.08,7.09,7.068519587913629
20230719093149330,7.08,7.09,7.068519587913629
20230719093149350,7.08,7.09,7.068519587913629
20230719093149380,7.08,7.09,7.068519587913629
20230719093149470,7.08,7.09,7.068519587913629
20230719093149560,7.08,7.09,7.068519587913629
20230719093149570,7.08,7.09,7.068519587913629
20230719093149630,7.08,7.09,7.068519587913629
20230719093149720,7.08,7.09,7.068519587913629
20230719093151260,7.08,7.09,7.068519587913629
20230719093151270,7.08,7.09,7.068519587913629
20230719093151360,7.08,7.09,7.068519587913629
20230719093151500,7.08,7.09,7.068519587913629
20230719093151730,7.08,7.09,7.068519587913629
20230719093151790,7.08,7.09,7.068519587913629
20230719093152010,7.08,7.09,7.068519587913629
20230719093152220,7.08,7.09,7.068519587913629
20230719093153960,7.08,7.09,7.068519587913629
20230719093154000,7.08,7.09,7.068519587913629
20230719093154010,7.08,7.09,7.068519587913629
20230719093154120,7.08,7.09,7.068519587913629
20230719093154190,7.08,7.09,7.068519587913629
20230719093154250,7.08,7.09,7.068519587913629
20230719093154520,7.08,7.09,7.068519587913629
20230719093154560,7.08,7.09,7.068519587913629
20230719093154930,7.08,7.09,7.068519587913629
20230719093154980,7.08,7.09,7.068519587913629
20230719093155020,7.08,7.09,7.068519587913629
20230719093155120,7.08,7.09,7.068519587913629
20230719093156940,7.08,7.09,7.068519587913629
20230719093156990,7.08,7.09,7.068519587913629
20230719093157470,7.08,7.09,7.068519587913629
20230719093157580,7.08,7.08,7.07097510889143
20230719093157760,7.08,7.08,7.07097510889143
20230719093157850,7.08,7.08,7.07097510889143
20230719093159400,7.08,7.08,7.07097510889143
20230719093159430,7.08,7.08,7.07097510889143
20230719093159510,7.08,7.08,7.07097510889143
20230719093159770,7.08,7.09,7.07097510889143
20230719093159790,7.08,7.09,7.07097510889143
20230719093159850,7.08,7.08,7.07097510889143
20230719093159930,7.08,7.08,7.07097510889143
20230719093200030,7.08,7.08,7.07097510889143
20230719093200080,7.08,7.08,7.07097510889143
20230719093200130,7.08,7.09,7.07097510889143
20230719093200340,7.08,7.09,7.07097510889143
20230719093200350,7.08,7.09,7.071246661302083
20230719093202230,7.08,7.09,7.071246661302083
20230719093202390,7.08,7.09,7.071246661302083
20230719093202400,7.08,7.09,7.071246661302083
20230719093202530,7.08,7.09,7.071344093916016
20230719093202570,7.08,7.08,7.071344093916016
20230719093202610,7.08,7.09,7.071344093916016
20230719093202810,7.08,7.09,7.071344093916016
20230719093202860,7.08,7.08,7.071344093916016
20230719093203140,7.08,7.08,7.071344093916016
20230719093204740,7.08,7.08,7.071344093916016
20230719093204860,7.08,7.08,7.071344093916016
20230719093204870,7.08,7.09,7.071344093916016
20230719093204930,7.08,7.09,7.071344093916016
20230719093204940,7.08,7.09,7.071344093916016
20230719093204960,7.08,7.09,7.071344093916016
20230719093205090,7.08,7.09,7.071344093916016
20230719093205190,7.08,7.09,7.071344093916016
20230719093205280,7.08,7.09,7.071344093916016
20230719093205290,7.08,7.09,7.071344093916016
20230719093205300,7.08,7.08,7.0727771733652185
20230719093205310,7.08,7.08,7.0727771733652185
20230719093205860,7.08,7.09,7.0727771733652185
20230719093205970,7.08,7.09,7.0727771733652185
20230719093207490,7.08,7.09,7.0727771733652185
20230719093207690,7.08,7.09,7.0727771733652185
20230719093207700,7.09,7.08,7.0727771733652185
20230719093208030,7.09,7.08,7.0727771733652185
20230719093208050,7.09,7.08,7.0727771733652185
20230719093208070,7.09,7.08,7.0727771733652185
20230719093208350,7.09,7.08,7.0727771733652185
20230719093208400,7.09,7.08,7.0727771733652185
20230719093208470,7.09,7.08,7.0727771733652185
20230719093208520,7.09,7.08,7.0727771733652185
20230719093208640,7.09,7.08,7.0727771733652185
20230719093210230,7.09,7.08,7.0727771733652185
20230719093210370,7.09,7.09,7.0727771733652185
20230719093210390,7.09,7.09,7.0727771733652185
20230719093210480,7.09,7.09,7.0727771733652185
20230719093210630,7.09,7.09,7.0727771733652185
20230719093210640,7.09,7.09,7.073400447802778
20230719093210780,7.09,7.09,7.073400447802778
20230719093210930,7.09,7.09,7.073489439576579
20230719093210960,7.09,7.09,7.073761085097352
20230719093211160,7.09,7.09,7.073761085097352
20230719093211230,7.09,7.09,7.073761085097352
20230719093211260,7.09,7.09,7.073814345078206
20230719093211290,7.09,7.09,7.073814345078206
20230719093211310,7.09,7.09,7.073814345078206
20230719093212910,7.09,7.09,7.073840844272574
20230719093213030,7.09,7.09,7.073846133702565
20230719093213080,7.09,7.09,7.073846133702565
20230719093213100,7.09,7.09,7.073846133702565
20230719093213160,7.09,7.09,7.073846133702565
20230719093213170,7.09,7.09,7.073846133702565
20230719093213380,7.09,7.09,7.073856702180903
20230719093213410,7.09,7.09,7.073856702180903
20230719093213460,7.09,7.09,7.073856702180903
20230719093213510,7.09,7.09,7.073856702180903
20230719093213530,7.09,7.09,7.0739928213238565
20230719093213660,7.09,7.09,7.0739928213238565
20230719093213790,7.09,7.09,7.0739928213238565
20230719093213820,7.09,7.09,7.0739928213238565
20230719093213970,7.09,7.09,7.0739928213238565
20230719093214000,7.09,7.09,7.0739928213238565
20230719093215600,7.09,7.09,7.0739928213238565
20230719093215670,7.09,7.09,7.0739928213238565
20230719093215890,7.09,7.09,7.0739928213238565
20230719093215920,7.09,7.09,7.0739928213238565
20230719093215930,7.09,7.09,7.0739928213238565
20230719093215940,7.09,7.09,7.074970343121195
20230719093215990,7.09,7.09,7.07501709181055
20230719093216110,7.09,7.09,7.07501709181055
20230719093216120,7.09,7.09,7.07501709181055
20230719093216140,7.09,7.09,7.075026406672075
20230719093216150,7.09,7.09,7.075026406672075
20230719093216160,7.09,7.09,7.075026406672075
20230719093216220,7.09,7.09,7.075026406672075
20230719093216270,7.09,7.09,7.075026406672075
20230719093216320,7.09,7.09,7.075026406672075
20230719093216380,7.09,7.09,7.075026406672075
20230719093216400,7.09,7.09,7.075026406672075
20230719093216720,7.09,7.09,7.075026406672075
20230719093216760,7.09,7.09,7.075026406672075
20230719093218220,7.09,7.09,7.075026406672075
20230719093218240,7.09,7.09,7.075026406672075
20230719093218370,7.09,7.09,7.075026406672075
20230719093218610,7.09,7.09,7.075026406672075
20230719093218790,7.09,7.09,7.075026406672075
20230719093218810,7.09,7.09,7.075026406672075
20230719093218870,7.09,7.09,7.075026406672075
20230719093219010,7.09,7.09,7.075026406672075
20230719093219070,7.09,7.09,7.075026406672075
20230719093219080,7.09,7.09,7.075348252065824
20230719093219110,7.09,7.09,7.075348252065824
20230719093219300,7.09,7.09,7.075348252065824
20230719093219320,7.09,7.09,7.075348252065824
20230719093219400,7.09,7.09,7.075348252065824
20230719093219430,7.09,7.09,7.075348252065824
20230719093219440,7.09,7.09,7.075348252065824
20230719093219460,7.09,7.09,7.075352746480817
20230719093220950,7.09,7.09,7.075352746480817
20230719093220990,7.09,7.09,7.075352746480817
20230719093221030,7.09,7.09,7.075352746480817
20230719093221080,7.09,7.09,7.075352746480817
20230719093221140,7.09,7.09,7.075352746480817
20230719093221150,7.09,7.09,7.075783591873393
20230719093221290,7.09,7.09,7.0758475722999465
20230719093221550,7.09,7.09,7.0758475722999465
20230719093221620,7.09,7.09,7.0758475722999465
20230719093221750,7.09,7.09,7.0758475722999465
20230719093221820,7.09,7.09,7.0758475722999465
20230719093221960,7.09,7.09,7.075864536603346
20230719093222030,7.09,7.09,7.075864536603346
20230719093222080,7.09,7.09,7.075864536603346
20230719093222110,7.09,7.09,7.076029750088542
20230719093223640,7.09,7.09,7.076029750088542
20230719093223670,7.09,7.09,7.076093784784163
20230719093223830,7.09,7.09,7.076093784784163
20230719093223930,7.09,7.09,7.076093784784163
20230719093223960,7.09,7.09,7.076093784784163
20230719093224060,7.09,7.09,7.076093784784163
20230719093224080,7.09,7.09,7.076093784784163
20230719093224300,7.09,7.09,7.076093784784163
20230719093224310,7.09,7.09,7.076093784784163
20230719093224370,7.09,7.09,7.076324850496204
20230719093224480,7.09,7.09,7.076324850496204
20230719093224560,7.09,7.09,7.076324850496204
20230719093224640,7.09,7.09,7.076324850496204
20230719093224690,7.09,7.09,7.076324850496204
20230719093224710,7.09,7.09,7.076324850496204
20230719093224760,7.09,7.09,7.076324850496204
20230719093224840,7.09,7.09,7.076324850496204
20230719093226370,7.09,7.09,7.076324850496204
20230719093226570,7.09,7.09,7.076324850496204
20230719093226580,7.09,7.09,7.076324850496204
20230719093226630,7.09,7.09,7.076324850496204
20230719093226640,7.09,7.09,7.076324850496204
20230719093227070,7.09,7.09,7.076324850496204
20230719093227450,7.09,7.09,7.076324850496204
20230719093227460,7.09,7.09,7.076324850496204
20230719093229130,7.09,7.09,7.076324850496204
20230719093229290,7.09,7.09,7.076324850496204
20230719093229380,7.09,7.09,7.076324850496204
20230719093229400,7.09,7.09,7.076324850496204
20230719093229420,7.09,7.09,7.076345581861009
20230719093229610,7.09,7.09,7.076345581861009
20230719093229750,7.09,7.09,7.076345581861009
20230719093229810,7.09,7.09,7.076345581861009
20230719093229860,7.09,7.09,7.076345581861009
20230719093229880,7.09,7.09,7.076380053570544
20230719093229920,7.09,7.09,7.076400688412022
20230719093229970,7.09,7.09,7.076400688412022
20230719093230010,7.09,7.09,7.076434999810991
20230719093230080,7.09,7.09,7.076448696450731
20230719093230180,7.09,7.09,7.076448696450731
20230719093230190,7.09,7.09,7.076476042020441
20230719093231800,7.09,7.09,7.076476042020441
20230719093231820,7.09,7.09,7.076476042020441
20230719093231850,7.09,7.09,7.076476042020441
20230719093232140,7.09,7.09,7.076476042020441
20230719093232330,7.09,7.09,7.076476042020441
20230719093232410,7.09,7.09,7.076476042020441
20230719093232600,7.09,7.09,7.076476042020441
20230719093232770,7.09,7.09,7.076476042020441
20230719093232810,7.09,7.09,7.076503324161566
20230719093234440,7.09,7.09,7.076503324161566
20230719093234480,7.09,7.09,7.076503324161566
20230719093234680,7.09,7.09,7.0765237442750415
20230719093234770,7.09,7.09,7.0765237442750415
20230719093235070,7.09,7.09,7.0765237442750415
20230719093235250,7.09,7.09,7.0765237442750415
20230719093235300,7.09,7.09,7.0765237442750415
20230719093235400,7.09,7.09,7.0765237442750415
20230719093235420,7.09,7.09,7.0765237442750415
20230719093235640,7.09,7.09,7.0765237442750415
20230719093237120,7.09,7.09,7.076537337977237
20230719093237150,7.09,7.09,7.076537337977237
20230719093237170,7.09,7.09,7.076537337977237
20230719093237580,7.09,7.09,7.076550915945937
20230719093237650,7.09,7.09,7.076550915945937
20230719093237880,7.09,7.09,7.076550915945937
20230719093237930,7.09,7.09,7.076652251951172
20230719093238170,7.09,7.09,7.076652251951172
20230719093238300,7.09,7.09,7.076652251951172
20230719093239920,7.09,7.09,7.076652251951172
20230719093240050,7.09,7.09,7.076652251951172
20230719093240780,7.09,7.09,7.076652251951172
20230719093240890,7.09,7.09,7.076652251951172
20230719093240920,7.09,7.09,7.076652251951172
20230719093241020,7.09,7.09,7.076652251951172
20230719093241060,7.09,7.09,7.076652251951172
20230719093242570,7.09,7.09,7.076652251951172
20230719093242920,7.09,7.09,7.076652251951172
20230719093243090,7.09,7.09,7.076652251951172
20230719093243100,7.09,7.09,7.076652251951172
20230719093243120,7.09,7.09,7.076652251951172
20230719093243310,7.09,7.09,7.076652251951172
20230719093243330,7.09,7.09,7.076652251951172
20230719093243460,7.09,7.09,7.076652251951172
20230719093243520,7.09,7.09,7.076652251951172
20230719093243550,7.09,7.09,7.076652251951172
20230719093243660,7.09,7.09,7.076652251951172
20230719093243770,7.09,7.09,7.076652251951172
20230719093245320,7.09,7.09,7.076652251951172
20230719093245380,7.09,7.09,7.076652251951172
20230719093245400,7.09,7.09,7.076652251951172
20230719093245450,7.09,7.09,7.076652251951172
20230719093245500,7.09,7.09,7.076652251951172
20230719093245600,7.09,7.09,7.076746045182339
20230719093245750,7.09,7.09,7.076746045182339
20230719093245990,7.09,7.09,7.076746045182339
20230719093246100,7.09,7.09,7.076746045182339
20230719093246150,7.09,7.09,7.076746045182339
20230719093246190,7.09,7.09,7.076746045182339
20230719093246280,7.09,7.09,7.076845705273444
20230719093246320,7.09,7.09,7.076845705273444
20230719093248020,7.09,7.09,7.076845705273444
20230719093248310,7.09,7.09,7.076845705273444
20230719093248320,7.09,7.09,7.076845705273444
20230719093248490,7.09,7.09,7.076845705273444
20230719093248760,7.09,7.09,7.076845705273444
20230719093248830,7.09,7.09,7.076845705273444
20230719093248900,7.09,7.09,7.076845705273444
20230719093248920,7.09,7.09,7.076845705273444
20230719093249110,7.09,7.09,7.076845705273444
20230719093250660,7.09,7.09,7.076845705273444
20230719093250700,7.09,7.09,7.076845705273444
20230719093250740,7.09,7.09,7.076845705273444
20230719093250860,7.09,7.09,7.076845705273444
20230719093250960,7.09,7.09,7.076845705273444
20230719093251040,7.09,7.09,7.076845705273444
20230719093251320,7.09,7.09,7.076845705273444
20230719093251350,7.09,7.09,7.076845705273444
20230719093251870,7.09,7.09,7.076845705273444
20230719093253360,7.09,7.09,7.077894034156381
20230719093253370,7.09,7.08,7.080546132697833
20230719093253380,7.09,7.08,7.080546132697833
20230719093253440,7.09,7.08,7.080546132697833
20230719093253460,7.09,7.08,7.080546132697833
20230719093253480,7.09,7.08,7.080546132697833
20230719093253720,7.09,7.08,7.080546132697833
20230719093253820,7.09,7.08,7.080546132697833
20230719093253910,7.09,7.08,7.080575377552851
20230719093253960,7.09,7.08,7.080575377552851
20230719093254010,7.09,7.08,7.080575377552851
20230719093254020,7.09,7.08,7.080575377552851
20230719093254050,7.09,7.08,7.080592837778587
20230719093254130,7.09,7.08,7.080592837778587
20230719093254150,7.09,7.08,7.080592837778587
20230719093254160,7.09,7.08,7.080592837778587
20230719093254350,7.09,7.08,7.080592837778587
20230719093254410,7.09,7.08,7.080592837778587
20230719093254440,7.09,7.08,7.080592837778587
20230719093256060,7.09,7.08,7.080592837778587
20230719093256220,7.09,7.08,7.080592837778587
20230719093256310,7.09,7.08,7.080592837778587
20230719093256660,7.09,7.08,7.080592837778587
20230719093256680,7.09,7.08,7.080592837778587
20230719093256750,7.09,7.08,7.080592837778587
20230719093256770,7.09,7.08,7.080592837778587
20230719093256890,7.09,7.08,7.080592837778587
20230719093256960,7.09,7.08,7.0806198699094205
20230719093256980,7.09,7.08,7.0806198699094205
20230719093256990,7.09,7.08,7.0806198699094205
20230719093257000,7.09,7.08,7.080652486505392
20230719093257080,7.09,7.09,7.080662036497827
20230719093257090,7.09,7.09,7.080662036497827
20230719093257130,7.09,7.09,7.080662036497827
20230719093257210,7.09,7.09,7.080662036497827
20230719093259060,7.09,7.09,7.080662036497827
20230719093259310,7.09,7.09,7.080662036497827
20230719093259590,7.09,7.09,7.080662036497827
20230719093259760,7.09,7.09,7.080662036497827
20230719093259890,7.09,7.09,7.080662036497827
20230719093259910,7.09,7.09,7.080662036497827
20230719093301430,7.09,7.09,7.080662036497827
20230719093301470,7.09,7.08,7.080662036497827
20230719093301500,7.09,7.08,7.080662036497827
20230719093301620,7.09,7.08,7.080662036497827
20230719093301720,7.09,7.09,7.080662036497827
20230719093301960,7.09,7.09,7.080662036497827
20230719093302120,7.09,7.09,7.080662036497827
20230719093302170,7.09,7.09,7.080662036497827
20230719093302310,7.09,7.09,7.080662036497827
20230719093302420,7.09,7.09,7.080662036497827
20230719093302550,7.09,7.09,7.080662036497827
20230719093302560,7.09,7.09,7.080662036497827
20230719093304340,7.09,7.09,7.080662036497827
20230719093304350,7.09,7.09,7.080662036497827
20230719093304370,7.09,7.09,7.080662036497827
20230719093304390,7.09,7.09,7.080662036497827
20230719093304430,7.09,7.09,7.080662036497827
20230719093304450,7.09,7.09,7.080662036497827
20230719093304460,7.09,7.09,7.080662036497827
20230719093304530,7.09,7.09,7.080662036497827
20230719093304550,7.09,7.09,7.080662036497827
20230719093304560,7.09,7.09,7.080662036497827
20230719093304640,7.09,7.09,7.080662036497827
20230719093304680,7.09,7.09,7.080662036497827
20230719093304730,7.09,7.09,7.080662036497827
20230719093304760,7.09,7.09,7.080732401567055
20230719093304880,7.09,7.09,7.080732401567055
20230719093304890,7.09,7.09,7.080732401567055
20230719093304900,7.09,7.09,7.080732401567055
20230719093305080,7.09,7.09,7.080732401567055
20230719093307060,7.09,7.09,7.080732401567055
20230719093307070,7.09,7.09,7.080732401567055
20230719093307310,7.09,7.09,7.080732401567055
20230719093307370,7.09,7.09,7.080732401567055
20230719093307620,7.09,7.09,7.080732401567055
20230719093307860,7.09,7.09,7.080732401567055
20230719093307930,7.09,7.09,7.080732401567055
20230719093308000,7.09,7.09,7.080732401567055
20230719093308050,7.09,7.09,7.080732401567055
20230719093309640,7.09,7.09,7.080732401567055
20230719093309680,7.09,7.09,7.080732401567055
20230719093309740,7.09,7.09,7.0807342814082785
20230719093309790,7.09,7.09,7.0807342814082785
20230719093309850,7.09,7.09,7.0807342814082785
20230719093309980,7.09,7.09,7.0807342814082785
20230719093310080,7.09,7.09,7.080812551915832
20230719093310160,7.09,7.09,7.080812551915832
20230719093310200,7.09,7.09,7.080812551915832
20230719093310480,7.09,7.09,7.080812551915832
20230719093310540,7.09,7.09,7.080821781840028
20230719093310580,7.09,7.09,7.080821781840028
20230719093310600,7.09,7.09,7.080821781840028
20230719093310630,7.09,7.09,7.080823625599891
20230719093310640,7.09,7.09,7.080823625599891
20230719093310680,7.09,7.09,7.080823625599891
20230719093312320,7.09,7.09,7.080823625599891
20230719093312370,7.09,7.09,7.080823625599891
20230719093312380,7.09,7.09,7.080823625599891
20230719093312490,7.09,7.09,7.080823625599891
20230719093312500,7.09,7.09,7.080823625599891
20230719093312730,7.09,7.09,7.08086217415918
20230719093312740,7.09,7.09,7.08086217415918
20230719093312890,7.09,7.09,7.08086217415918
20230719093312900,7.09,7.09,7.08086217415918
20230719093312910,7.09,7.09,7.08086217415918
20230719093312980,7.09,7.09,7.08086217415918
20230719093313000,7.09,7.09,7.08086217415918
20230719093313060,7.09,7.09,7.08086217415918
20230719093313100,7.09,7.09,7.08086217415918
20230719093313130,7.09,7.09,7.08086217415918
20230719093313200,7.09,7.09,7.08086217415918
20230719093313270,7.09,7.09,7.08086217415918
20230719093313410,7.09,7.09,7.0809239040808745
20230719093313450,7.09,7.09,7.0809239040808745
20230719093315050,7.09,7.09,7.0809239040808745
20230719093315250,7.09,7.09,7.0809239040808745
20230719093315260,7.09,7.09,7.0809239040808745
20230719093315280,7.09,7.09,7.0809239040808745
20230719093315400,7.09,7.09,7.082023546381813
20230719093315410,7.09,7.09,7.082023546381813
20230719093315490,7.09,7.09,7.082023546381813
20230719093315530,7.09,7.09,7.082023546381813
20230719093315650,7.09,7.09,7.082023546381813
20230719093315680,7.09,7.09,7.082023546381813
20230719093315730,7.09,7.09,7.082023546381813
20230719093315830,7.09,7.09,7.082023546381813
20230719093315850,7.09,7.09,7.082023546381813
20230719093316160,7.09,7.09,7.082023546381813
20230719093317710,7.09,7.09,7.082023546381813
20230719093317910,7.09,7.09,7.082023546381813
20230719093317980,7.09,7.09,7.082023546381813
20230719093318270,7.09,7.09,7.082023546381813
20230719093318310,7.09,7.09,7.082023546381813
20230719093318600,7.09,7.09,7.082023546381813
20230719093318690,7.09,7.09,7.082023546381813
20230719093318700,7.09,7.09,7.082023546381813
20230719093318710,7.09,7.08,7.082023546381813
20230719093318730,7.09,7.08,7.082023546381813
20230719093318800,7.09,7.09,7.082023546381813
20230719093320320,7.09,7.09,7.082023546381813
20230719093320630,7.09,7.09,7.082023546381813
20230719093320710,7.09,7.09,7.082023546381813
20230719093320860,7.09,7.09,7.082023546381813
20230719093321010,7.09,7.09,7.082285666640686
20230719093321030,7.09,7.09,7.08228985922076
20230719093321080,7.09,7.09,7.082292651743303
20230719093321090,7.09,7.09,7.082292651743303
20230719093321100,7.09,7.09,7.082292651743303
20230719093321110,7.09,7.09,7.082292651743303
20230719093321140,7.09,7.09,7.082299062815102
20230719093321220,7.09,7.09,7.082299062815102
20230719093321230,7.09,7.09,7.082299062815102
20230719093321250,7.09,7.09,7.082299062815102
20230719093321350,7.09,7.09,7.082299062815102
20230719093321480,7.09,7.09,7.082299062815102
20230719093321510,7.09,7.09,7.082299062815102
20230719093323190,7.09,7.09,7.082299062815102
20230719093323350,7.09,7.09,7.082299062815102
20230719093323360,7.09,7.09,7.082299062815102
20230719093323440,7.09,7.09,7.082302266610437
20230719093323470,7.09,7.09,7.082343838602769
20230719093323520,7.09,7.09,7.082343838602769
20230719093323680,7.09,7.09,7.082343838602769
20230719093323830,7.09,7.09,7.082343838602769
20230719093324200,7.09,7.09,7.082343838602769
20230719093324260,7.09,7.09,7.082352099176585
20230719093325730,7.09,7.09,7.082352099176585
20230719093325910,7.09,7.09,7.082352099176585
20230719093325990,7.09,7.09,7.082352099176585
20230719093326270,7.09,7.09,7.082352099176585
20230719093326340,7.09,7.09,7.082352099176585
20230719093326440,7.09,7.09,7.082352099176585
20230719093326460,7.09,7.09,7.082352099176585
20230719093326890,7.09,7.09,7.0823548487414145
20230719093326920,7.09,7.09,7.0823548487414145
20230719093328740,7.09,7.09,7.0823548487414145
20230719093328930,7.09,7.09,7.0823548487414145
20230719093328950,7.09,7.09,7.0823548487414145
20230719093329120,7.09,7.09,7.0823548487414145
20230719093329280,7.09,7.09,7.0823548487414145
20230719093329440,7.09,7.09,7.0823548487414145
20230719093329540,7.09,7.09,7.0823548487414145
20230719093329550,7.09,7.09,7.0823548487414145
20230719093329580,7.09,7.09,7.0823548487414145
20230719093331220,7.09,7.09,7.0823548487414145
20230719093331260,7.09,7.09,7.082358020053954
20230719093331470,7.09,7.09,7.082358020053954
20230719093331480,7.09,7.09,7.082368992047725
20230719093331520,7.09,7.09,7.082368992047725
20230719093331790,7.09,7.09,7.082368992047725
20230719093331810,7.09,7.09,7.0824371589180934
20230719093331830,7.09,7.09,7.0824371589180934
20230719093332090,7.09,7.09,7.0824371589180934
20230719093332290,7.09,7.09,7.0824371589180934
20230719093333920,7.09,7.09,7.082440289554883
20230719093333930,7.09,7.09,7.082440289554883
20230719093333980,7.09,7.09,7.082440289554883
20230719093334100,7.09,7.09,7.082440289554883
20230719093334240,7.09,7.09,7.082440289554883
20230719093334320,7.09,7.09,7.082440289554883
20230719093334360,7.09,7.09,7.082440289554883
20230719093334440,7.09,7.09,7.082440289554883
20230719093334540,7.09,7.09,7.082459049962695
20230719093334570,7.09,7.09,7.082459049962695
20230719093334750,7.09,7.09,7.082626106924351
20230719093334790,7.09,7.09,7.082626106924351
20230719093334960,7.09,7.09,7.082626106924351
20230719093335030,7.09,7.09,7.082626106924351
20230719093336560,7.09,7.09,7.082626106924351
20230719093336640,7.09,7.09,7.082626106924351
20230719093336820,7.09,7.09,7.082626106924351
20230719093336940,7.09,7.09,7.082626106924351
20230719093337120,7.09,7.09,7.082626106924351
20230719093337170,7.09,7.09,7.082626106924351
20230719093337190,7.09,7.09,7.082626106924351
20230719093337350,7.09,7.09,7.082626106924351
20230719093337360,7.09,7.09,7.082626106924351
20230719093337400,7.09,7.09,7.082626106924351
20230719093337410,7.09,7.09,7.082626106924351
20230719093337580,7.09,7.09,7.082626106924351
20230719093337680,7.09,7.09,7.082626106924351
20230719093339290,7.09,7.09,7.082626106924351
20230719093339370,7.09,7.09,7.082626106924351
20230719093339420,7.09,7.09,7.082626106924351
20230719093339670,7.09,7.09,7.082626106924351
20230719093339730,7.09,7.09,7.082626106924351
20230719093339770,7.09,7.09,7.082626106924351
20230719093340310,7.09,7.09,7.082626106924351
20230719093341920,7.09,7.09,7.082626106924351
20230719093342240,7.09,7.09,7.082905293648969
20230719093342410,7.09,7.09,7.082905293648969
20230719093342790,7.09,7.08,7.082905293648969
20230719093342830,7.09,7.08,7.082905293648969
20230719093343100,7.09,7.08,7.082905293648969
20230719093344610,7.09,7.08,7.082905293648969
20230719093344650,7.09,7.08,7.082905293648969
20230719093344750,7.09,7.08,7.082905293648969
20230719093344910,7.09,7.08,7.082905293648969
20230719093344930,7.09,7.08,7.082905293648969
20230719093345000,7.09,7.08,7.082905293648969
20230719093345070,7.09,7.08,7.082905293648969
20230719093345540,7.09,7.08,7.082905293648969
20230719093345600,7.09,7.08,7.082905293648969
20230719093345700,7.09,7.08,7.082905293648969
20230719093345740,7.09,7.08,7.082905293648969
20230719093347850,7.09,7.08,7.082905293648969
20230719093348040,7.09,7.08,7.082905293648969
20230719093348060,7.09,7.08,7.082905293648969
20230719093348070,7.09,7.08,7.082905293648969
20230719093348100,7.09,7.08,7.082905293648969
20230719093348270,7.09,7.08,7.082905293648969
20230719093348320,7.09,7.08,7.082905293648969
20230719093348430,7.09,7.09,7.082905293648969
20230719093348560,7.09,7.09,7.082905293648969
20230719093350050,7.09,7.09,7.082905293648969
20230719093350520,7.09,7.09,7.082905293648969
20230719093350680,7.09,7.09,7.082905293648969
20230719093350770,7.09,7.09,7.082905293648969
20230719093350810,7.09,7.09,7.082905293648969
20230719093350920,7.09,7.09,7.082905293648969
20230719093352890,7.09,7.09,7.082905293648969
20230719093353240,7.09,7.08,7.0833098876143445
20230719093353250,7.09,7.08,7.0833098876143445
20230719093353300,7.09,7.08,7.0833098876143445
20230719093353320,7.09,7.08,7.0833098876143445
20230719093353560,7.09,7.08,7.0833098876143445
20230719093353680,7.09,7.08,7.0833098876143445
20230719093353730,7.09,7.08,7.0833098876143445
20230719093353800,7.09,7.08,7.0833098876143445
20230719093355570,7.09,7.08,7.0833098876143445
20230719093355990,7.09,7.08,7.0833098876143445
20230719093356070,7.09,7.08,7.0833098876143445
20230719093356180,7.09,7.08,7.0833098876143445
20230719093356210,7.09,7.08,7.0833098876143445
20230719093356380,7.09,7.08,7.083575810802531
20230719093356450,7.09,7.08,7.083575810802531
20230719093356460,7.09,7.08,7.083575810802531
20230719093356500,7.09,7.08,7.083575810802531
20230719093356630,7.09,7.08,7.083575810802531
20230719093358370,7.09,7.08,7.0836288619957335
20230719093358810,7.09,7.08,7.0836288619957335
20230719093358870,7.09,7.09,7.083709236475748
20230719093358930,7.09,7.09,7.083711171502879
20230719093359040,7.09,7.09,7.083711171502879
20230719093359050,7.09,7.09,7.083737146840392
20230719093359080,7.09,7.09,7.083740030294706
20230719093359330,7.09,7.09,7.083740030294706
20230719093400980,7.09,7.09,7.083740030294706
20230719093401010,7.09,7.09,7.083740030294706
20230719093401050,7.09,7.09,7.083740030294706
20230719093401070,7.09,7.09,7.083740030294706
20230719093401210,7.09,7.09,7.083740030294706
20230719093401220,7.09,7.09,7.083740030294706
20230719093401340,7.09,7.09,7.083740030294706
20230719093401370,7.09,7.09,7.083740030294706
20230719093401430,7.09,7.09,7.083740030294706
20230719093401500,7.09,7.09,7.083744830156157
20230719093401540,7.09,7.09,7.083744830156157
20230719093401600,7.09,7.09,7.083744830156157
20230719093401680,7.09,7.09,7.083744830156157
20230719093401700,7.09,7.09,7.083744830156157
20230719093401730,7.09,7.09,7.083744830156157
20230719093401890,7.09,7.09,7.083744830156157
20230719093403530,7.09,7.09,7.083792427016324
20230719093403550,7.09,7.09,7.083792427016324
20230719093403960,7.09,7.08,7.083930968503152
20230719093403970,7.09,7.09,7.083930968503152
20230719093404010,7.09,7.09,7.083930968503152
20230719093404040,7.09,7.09,7.083930968503152
20230719093404060,7.09,7.09,7.083930968503152
20230719093404080,7.09,7.09,7.083990560788903
20230719093404090,7.09,7.09,7.084030625689129
20230719093404120,7.09,7.09,7.084030625689129
20230719093404320,7.09,7.09,7.084030625689129
20230719093404340,7.09,7.09,7.084044404652168
20230719093404440,7.09,7.09,7.084053147464984
20230719093404470,7.09,7.09,7.084053147464984
20230719093404630,7.09,7.09,7.084053147464984
20230719093406220,7.09,7.09,7.084053147464984
20230719093406290,7.09,7.09,7.084053147464984
20230719093406360,7.09,7.09,7.084053147464984
20230719093406390,7.09,7.09,7.084054020334684
20230719093406590,7.09,7.09,7.084054892948185
20230719093406620,7.09,7.09,7.084054892948185
20230719093406660,7.09,7.09,7.084060994078572
20230719093406900,7.09,7.09,7.084060994078572
20230719093406920,7.09,7.09,7.084060994078572
20230719093406950,7.09,7.09,7.084060994078572
20230719093406990,7.09,7.09,7.084060994078572
20230719093407080,7.09,7.09,7.084060994078572
20230719093407090,7.09,7.09,7.084060994078572
20230719093407200,7.09,7.09,7.084060994078572
20230719093407390,7.09,7.09,7.084060994078572
20230719093409170,7.09,7.09,7.084060994078572
20230719093409180,7.09,7.09,7.084060994078572
20230719093409300,7.09,7.09,7.084063605017006
20230719093409530,7.09,7.09,7.084063605017006
20230719093409540,7.09,7.09,7.084063605017006
20230719093409680,7.09,7.09,7.084063605017006
20230719093409920,7.09,7.09,7.084063605017006
20230719093409930,7.09,7.09,7.084063605017006
20230719093409980,7.09,7.09,7.084063605017006
20230719093409990,7.09,7.09,7.084102495417812
20230719093410070,7.09,7.09,7.084102495417812
20230719093410080,7.09,7.09,7.084120470421582
20230719093410090,7.09,7.09,7.084150186498464
20230719093410140,7.09,7.09,7.084167872398319
20230719093411650,7.09,7.09,7.084167872398319
20230719093411780,7.09,7.09,7.084167872398319
20230719093412100,7.09,7.09,7.084167872398319
20230719093412140,7.09,7.09,7.084167872398319
20230719093412150,7.09,7.09,7.084167872398319
20230719093412230,7.09,7.09,7.084167872398319
20230719093412380,7.09,7.09,7.084167872398319
20230719093412510,7.09,7.09,7.084167872398319
20230719093412570,7.09,7.09,7.084167872398319
20230719093412580,7.09,7.09,7.084167872398319
20230719093412600,7.09,7.09,7.084167872398319
20230719093412610,7.09,7.09,7.084167872398319
20230719093414320,7.09,7.09,7.084167872398319
20230719093414600,7.09,7.09,7.084167872398319
20230719093414780,7.09,7.09,7.084167872398319
20230719093414820,7.09,7.09,7.084177093829371
20230719093414880,7.09,7.09,7.084177093829371
20230719093414970,7.09,7.09,7.084177093829371
20230719093415020,7.09,7.09,7.0841793678921645
20230719093415110,7.09,7.09,7.0841793678921645
20230719093415140,7.09,7.09,7.0841793678921645
20230719093415190,7.09,7.09,7.0841793678921645
20230719093415230,7.09,7.09,7.084181040490001
20230719093415400,7.09,7.09,7.084181040490001
20230719093415420,7.09,7.09,7.084181040490001
20230719093415470,7.09,7.09,7.084181040490001
20230719093415490,7.09,7.09,7.084203736303782
20230719093417130,7.09,7.09,7.084205399032414
20230719093417360,7.09,7.09,7.084205399032414
20230719093417410,7.09,7.09,7.084205399032414
20230719093417630,7.09,7.09,7.084205399032414
20230719093417690,7.09,7.09,7.084205399032414
20230719093417720,7.09,7.09,7.084205399032414
20230719093417830,7.09,7.09,7.084205399032414
20230719093417850,7.09,7.09,7.084205399032414
20230719093418000,7.09,7.09,7.084205399032414
20230719093418050,7.09,7.09,7.084205399032414
20230719093418110,7.09,7.09,7.084205399032414
20230719093418190,7.09,7.09,7.084205399032414
20230719093419730,7.09,7.09,7.084205399032414
20230719093420300,7.09,7.09,7.084205399032414
20230719093420360,7.09,7.09,7.084205399032414
20230719093420410,7.09,7.09,7.084332438976879
20230719093420520,7.09,7.09,7.084332438976879
20230719093420940,7.09,7.09,7.084332438976879
20230719093422420,7.09,7.09,7.084368910768778
20230719093422470,7.09,7.09,7.084368910768778
20230719093422510,7.09,7.09,7.084368910768778
20230719093422560,7.09,7.09,7.084368910768778
20230719093422960,7.09,7.09,7.084368910768778
20230719093423230,7.09,7.09,7.084368910768778
20230719093423290,7.09,7.09,7.084368910768778
20230719093423520,7.09,7.09,7.084368910768778
20230719093423640,7.09,7.09,7.084368910768778
20230719093425180,7.09,7.09,7.084368910768778
20230719093425220,7.09,7.09,7.084368910768778
20230719093425290,7.09,7.09,7.084368910768778
20230719093425450,7.09,7.09,7.084368910768778
20230719093425500,7.09,7.09,7.084368910768778
20230719093425520,7.09,7.09,7.084368910768778
20230719093425550,7.09,7.09,7.084368910768778
20230719093425750,7.09,7.09,7.084368910768778
20230719093426110,7.09,7.09,7.084368910768778
20230719093426170,7.09,7.09,7.084368910768778
20230719093426220,7.09,7.09,7.084368910768778
20230719093427810,7.09,7.09,7.084368910768778
20230719093428160,7.09,7.09,7.084368910768778
20230719093428200,7.09,7.09,7.084368910768778
20230719093428430,7.09,7.09,7.084368910768778
20230719093428490,7.09,7.09,7.084368910768778
20230719093428580,7.09,7.09,7.084368910768778
20230719093428620,7.09,7.09,7.084368910768778
20230719093428930,7.09,7.09,7.084368910768778
20230719093428970,7.09,7.08,7.084759503634195
20230719093429020,7.09,7.08,7.084759503634195
20230719093430610,7.09,7.08,7.084759503634195
20230719093430790,7.09,7.08,7.084759503634195
20230719093430810,7.09,7.08,7.084759503634195
20230719093431020,7.09,7.08,7.084759503634195
20230719093431250,7.09,7.08,7.084759503634195
20230719093431400,7.09,7.08,7.084759503634195
20230719093431670,7.09,7.08,7.084759503634195
20230719093433230,7.09,7.08,7.084759503634195
20230719093433260,7.09,7.08,7.084759503634195
20230719093433290,7.09,7.08,7.084759503634195
20230719093433780,7.09,7.08,7.084759503634195
20230719093433830,7.09,7.08,7.084759503634195
20230719093433950,7.09,7.08,7.084759503634195
20230719093434080,7.09,7.08,7.084759503634195
20230719093434210,7.09,7.08,7.084759503634195
20230719093434220,7.09,7.09,7.084759503634195
20230719093436440,7.09,7.09,7.084759503634195
20230719093436450,7.09,7.09,7.084759503634195
20230719093436750,7.09,7.09,7.084759503634195
20230719093436920,7.09,7.08,7.084759503634195
20230719093437140,7.09,7.09,7.084759503634195
20230719093438610,7.09,7.09,7.084759503634195
20230719093438730,7.09,7.09,7.084759503634195
20230719093438790,7.09,7.09,7.084759503634195
20230719093439010,7.09,7.09,7.084759503634195
20230719093439070,7.09,7.09,7.084759503634195
20230719093439140,7.09,7.09,7.084759503634195
20230719093439210,7.09,7.09,7.084759503634195
20230719093439240,7.09,7.08,7.084858885697347
20230719093439320,7.09,7.08,7.084858885697347
20230719093439460,7.09,7.08,7.084858885697347
20230719093441330,7.09,7.08,7.084858885697347
20230719093441620,7.09,7.09,7.084858885697347
20230719093441830,7.09,7.09,7.084858885697347
20230719093441890,7.09,7.09,7.084858885697347
20230719093441940,7.09,7.09,7.084858885697347
20230719093442100,7.09,7.09,7.084858885697347
20230719093442230,7.09,7.09,7.084858885697347
20230719093442330,7.09,7.09,7.084858885697347
20230719093444140,7.09,7.09,7.084858885697347
20230719093444360,7.09,7.09,7.084858885697347
20230719093444400,7.09,7.09,7.084858885697347
20230719093444540,7.09,7.09,7.084858885697347
20230719093444600,7.09,7.09,7.084858885697347
20230719093444630,7.09,7.09,7.084858885697347
20230719093446860,7.09,7.09,7.084858885697347
20230719093446870,7.09,7.09,7.084858885697347
20230719093446900,7.09,7.09,7.084858885697347
20230719093447020,7.09,7.09,7.084858885697347
20230719093447050,7.09,7.09,7.084858885697347
20230719093447080,7.09,7.09,7.084858885697347
20230719093447290,7.09,7.09,7.084858885697347
20230719093447450,7.09,7.09,7.085490451196622
20230719093447520,7.09,7.09,7.085490451196622
20230719093447730,7.09,7.09,7.085490451196622
20230719093447930,7.09,7.09,7.085490451196622
20230719093449580,7.09,7.09,7.085490451196622
20230719093450030,7.09,7.09,7.085490451196622
20230719093450130,7.09,7.09,7.085490451196622
20230719093450180,7.09,7.09,7.085490451196622
20230719093450350,7.09,7.09,7.085490451196622
20230719093450570,7.09,7.09,7.085490451196622
20230719093452150,7.09,7.09,7.085490451196622
20230719093452220,7.09,7.09,7.085490451196622
20230719093452370,7.09,7.09,7.085490451196622
20230719093452490,7.09,7.09,7.085490451196622
20230719093452590,7.09,7.09,7.085490451196622
20230719093452700,7.09,7.09,7.085490451196622
20230719093453110,7.09,7.09,7.085490451196622
20230719093453130,7.09,7.09,7.085490451196622
20230719093453340,7.09,7.09,7.085490451196622
20230719093455160,7.09,7.09,7.085490451196622
20230719093455250,7.09,7.09,7.085490451196622
20230719093455300,7.09,7.09,7.085490451196622
20230719093455310,7.09,7.08,7.085526686160309
20230719093457610,7.09,7.08,7.085526686160309
20230719093457650,7.09,7.08,7.085526686160309
20230719093457740,7.09,7.08,7.085526686160309
20230719093457750,7.09,7.08,7.085526686160309
20230719093457760,7.09,7.08,7.085526686160309
20230719093457800,7.09,7.08,7.085526686160309
20230719093457840,7.09,7.08,7.085526686160309
20230719093458060,7.09,7.08,7.085526686160309
20230719093458080,7.09,7.09,7.085526686160309
20230719093458100,7.09,7.09,7.085526686160309
20230719093458160,7.11,7.09,7.087714901824364
20230719093458170,7.11,7.09,7.0891461150863435
20230719093458180,7.11,7.09,7.0891461150863435
20230719093458210,7.11,7.09,7.0891461150863435
20230719093458220,7.1,7.09,7.0891461150863435
20230719093458230,7.11,7.09,7.089271654841745
20230719093458240,7.11,7.1,7.089272153162853
20230719093458280,7.11,7.1,7.089272153162853
20230719093458290,7.11,7.1,7.089272153162853
20230719093458320,7.11,7.1,7.089272153162853
20230719093458390,7.11,7.1,7.089272153162853
20230719093458460,7.11,7.1,7.089272153162853
20230719093458550,7.11,7.1,7.089272153162853
20230719093458580,7.11,7.1,7.089272153162853
20230719093458660,7.11,7.1,7.089272153162853
20230719093458700,7.11,7.1,7.089272153162853
20230719093500230,7.11,7.1,7.089272153162853
20230719093500240,7.11,7.11,7.089331674615974
20230719093500250,7.11,7.11,7.089331674615974
20230719093500390,7.11,7.11,7.0893335889719715
20230719093500440,7.11,7.1,7.089426140323331
20230719093500470,7.11,7.1,7.089426140323331
20230719093500580,7.11,7.1,7.089426140323331
20230719093500650,7.11,7.1,7.089426140323331
20230719093500980,7.11,7.1,7.089426140323331
20230719093501030,7.11,7.1,7.089426140323331
20230719093501070,7.11,7.1,7.089426140323331
20230719093501080,7.11,7.1,7.089493581127756
20230719093501110,7.11,7.1,7.089495457202742
20230719093501120,7.11,7.1,7.089495457202742
20230719093501160,7.11,7.1,7.089495457202742
20230719093501180,7.11,7.1,7.089576437623315
20230719093501190,7.11,7.1,7.089576437623315
20230719093501210,7.11,7.1,7.089576437623315
20230719093501230,7.11,7.1,7.089576437623315
20230719093501400,7.11,7.1,7.089576437623315
20230719093503140,7.11,7.1,7.089576437623315
20230719093503150,7.11,7.1,7.089576437623315
20230719093503190,7.11,7.1,7.089576437623315
20230719093503410,7.11,7.1,7.089576437623315
20230719093503440,7.11,7.1,7.089576437623315
20230719093503470,7.11,7.1,7.089576437623315
20230719093503480,7.11,7.1,7.089576437623315
20230719093503560,7.11,7.1,7.089576437623315
20230719093503780,7.11,7.1,7.089576437623315
20230719093503850,7.11,7.1,7.089576437623315
20230719093504070,7.11,7.1,7.089576437623315
20230719093504150,7.11,7.1,7.089576437623315
20230719093505620,7.11,7.1,7.089576437623315
20230719093505680,7.11,7.1,7.089576437623315
20230719093505770,7.11,7.1,7.089576437623315
20230719093505820,7.11,7.1,7.089576437623315
20230719093506170,7.11,7.1,7.089576437623315
20230719093506190,7.11,7.1,7.089576437623315
20230719093506200,7.11,7.1,7.089576437623315
20230719093506220,7.11,7.1,7.089576437623315
20230719093506290,7.11,7.1,7.089846421322021
20230719093506380,7.11,7.1,7.089846421322021
20230719093506420,7.11,7.1,7.089888491108115
20230719093506450,7.11,7.1,7.0898893824226565
20230719093506650,7.11,7.1,7.0898893824226565
20230719093508390,7.11,7.1,7.0898893824226565
20230719093508540,7.11,7.1,7.0898893824226565
20230719093508880,7.11,7.1,7.0898893824226565
20230719093509210,7.11,7.1,7.0898893824226565
20230719093509240,7.11,7.1,7.0898893824226565
20230719093509260,7.11,7.1,7.0898893824226565
20230719093509420,7.11,7.1,7.089995191587643
20230719093509440,7.11,7.1,7.089995191587643
20230719093511050,7.11,7.1,7.089995191587643
20230719093511060,7.11,7.1,7.089995191587643
20230719093511100,7.11,7.1,7.089995191587643
20230719093511140,7.11,7.1,7.089995191587643
20230719093511150,7.11,7.1,7.089995191587643
20230719093511380,7.11,7.1,7.089995191587643
20230719093511400,7.11,7.1,7.089995191587643
20230719093511470,7.11,7.1,7.089995191587643
20230719093511660,7.11,7.09,7.089995191587643
20230719093511750,7.11,7.09,7.089995191587643
20230719093511800,7.11,7.09,7.089995191587643
20230719093512120,7.11,7.09,7.089995191587643
20230719093512150,7.11,7.09,7.089995191587643
20230719093513820,7.11,7.09,7.0902223077846145
20230719093514330,7.11,7.09,7.0902223077846145
20230719093514470,7.11,7.09,7.0902223077846145
20230719093514550,7.11,7.09,7.0902223077846145
20230719093514580,7.11,7.09,7.0902223077846145
20230719093514700,7.11,7.09,7.0902223077846145
20230719093514800,7.11,7.09,7.0902223077846145
20230719093514890,7.11,7.09,7.0902223077846145
20230719093514900,7.11,7.09,7.0902223077846145
20230719093516420,7.11,7.09,7.0902223077846145
20230719093516600,7.11,7.09,7.0902223077846145
20230719093517440,7.11,7.09,7.0902223077846145
20230719093519200,7.11,7.1,7.0902223077846145
20230719093519300,7.11,7.1,7.0902223077846145
20230719093519370,7.11,7.1,7.0902223077846145
20230719093519380,7.11,7.1,7.0902223077846145
20230719093520050,7.11,7.1,7.0902223077846145
20230719093520180,7.11,7.09,7.0902223077846145
20230719093520210,7.11,7.09,7.0902223077846145
20230719093520270,7.11,7.09,7.0902223077846145
20230719093520330,7.11,7.1,7.0902223077846145
20230719093521800,7.11,7.1,7.09069399548804
20230719093522020,7.11,7.1,7.09069399548804
20230719093522040,7.11,7.1,7.09069399548804
20230719093522110,7.11,7.1,7.09069399548804
20230719093522170,7.11,7.1,7.09069399548804
20230719093522240,7.11,7.1,7.09069399548804
20230719093522280,7.11,7.1,7.09069399548804
20230719093522390,7.11,7.1,7.09069399548804
20230719093522680,7.11,7.1,7.09069399548804
20230719093522780,7.11,7.1,7.09069399548804
20230719093522930,7.11,7.1,7.09069399548804
20230719093523010,7.11,7.1,7.09069399548804
20230719093523040,7.11,7.1,7.09069399548804
20230719093524550,7.11,7.1,7.09069399548804
20230719093524570,7.11,7.1,7.09069399548804
20230719093524710,7.11,7.1,7.09069399548804
20230719093524780,7.11,7.1,7.09069399548804
20230719093524920,7.11,7.1,7.09069399548804
20230719093525020,7.11,7.1,7.09069399548804
20230719093525060,7.11,7.1,7.09069399548804
20230719093525110,7.11,7.1,7.09069399548804
20230719093525130,7.11,7.1,7.09069399548804
20230719093525150,7.11,7.1,7.09069399548804
20230719093525160,7.11,7.1,7.09069399548804
20230719093525190,7.11,7.1,7.09069399548804
20230719093525740,7.11,7.1,7.09069399548804
20230719093527190,7.11,7.1,7.09069399548804
20230719093527210,7.11,7.1,7.09069399548804
20230719093527530,7.11,7.1,7.09069399548804
20230719093527900,7.11,7.1,7.09069399548804
20230719093527990,7.11,7.1,7.09069399548804
20230719093528240,7.11,7.1,7.09069399548804
20230719093528290,7.11,7.1,7.09069399548804
20230719093528450,7.11,7.1,7.09069399548804
20230719093530040,7.11,7.1,7.09069399548804
20230719093530080,7.11,7.1,7.09069399548804
20230719093530090,7.11,7.1,7.09069399548804
20230719093530270,7.11,7.1,7.09069399548804
20230719093530420,7.11,7.1,7.09069399548804
20230719093530540,7.11,7.1,7.09069399548804
20230719093530590,7.11,7.1,7.09069399548804
20230719093530650,7.11,7.1,7.09069399548804
20230719093530730,7.11,7.1,7.09069399548804
20230719093530960,7.11,7.1,7.09069399548804
20230719093531110,7.11,7.1,7.09069399548804
20230719093532770,7.11,7.1,7.09069399548804
20230719093532880,7.11,7.1,7.09069399548804
20230719093533160,7.11,7.1,7.09069399548804
20230719093533230,7.11,7.1,7.090764332212877
20230719093533240,7.11,7.1,7.090765925824055
20230719093533300,7.11,7.1,7.090765925824055
20230719093533460,7.11,7.1,7.090765925824055
20230719093533550,7.11,7.1,7.090765925824055
20230719093533680,7.11,7.1,7.090765925824055
20230719093533750,7.11,7.1,7.090765925824055
20230719093535310,7.11,7.1,7.090765925824055
20230719093535500,7.11,7.09,7.091027579816929
20230719093535510,7.11,7.1,7.091027579816929
20230719093535590,7.11,7.1,7.091027579816929
20230719093535910,7.11,7.1,7.091027579816929
20230719093535940,7.11,7.1,7.091027579816929
20230719093536000,7.11,7.1,7.091027579816929
20230719093536160,7.11,7.1,7.091027579816929
20230719093536240,7.11,7.1,7.09103479673018
20230719093536430,7.11,7.1,7.09103479673018
20230719093536460,7.11,7.1,7.09103479673018
20230719093536470,7.11,7.1,7.09103479673018
20230719093538090,7.11,7.1,7.09103479673018
20230719093538480,7.11,7.1,7.09103479673018
20230719093538740,7.11,7.1,7.09103479673018
20230719093538960,7.11,7.1,7.0910804502150055
20230719093539040,7.11,7.1,7.0910804502150055
20230719093540840,7.11,7.1,7.0910804502150055
20230719093540960,7.11,7.1,7.0910804502150055
20230719093541230,7.11,7.1,7.0910804502150055
20230719093541380,7.11,7.1,7.0910804502150055
20230719093541450,7.11,7.1,7.0910804502150055
20230719093541490,7.11,7.1,7.091110763958152
20230719093541610,7.1,7.1,7.091117879622077
20230719093541670,7.1,7.1,7.091117879622077
20230719093541790,7.1,7.1,7.091117879622077
20230719093541910,7.1,7.1,7.0911370351348175
20230719093543460,7.1,7.1,7.0911370351348175
20230719093543540,7.1,7.1,7.091140573388617
20230719093543870,7.1,7.1,7.091140573388617
20230719093543960,7.1,7.1,7.091140573388617
20230719093544030,7.1,7.1,7.091140573388617
20230719093544040,7.1,7.1,7.091140573388617
20230719093544060,7.1,7.1,7.091140573388617
20230719093544080,7.1,7.1,7.091140573388617
20230719093544350,7.1,7.1,7.091140573388617
20230719093544420,7.1,7.1,7.091140573388617
20230719093546210,7.1,7.1,7.091140573388617
20230719093546220,7.1,7.1,7.091140573388617
20230719093546380,7.1,7.1,7.091140573388617
20230719093546390,7.1,7.1,7.091140573388617
20230719093546400,7.1,7.1,7.091140573388617
20230719093546420,7.1,7.1,7.091140573388617
20230719093546470,7.1,7.1,7.091140573388617
20230719093546730,7.1,7.1,7.091140573388617
20230719093546740,7.1,7.1,7.091140573388617
20230719093546750,7.1,7.1,7.091140573388617
20230719093546950,7.1,7.1,7.091140573388617
20230719093547120,7.1,7.1,7.091140573388617
20230719093547240,7.1,7.1,7.091140573388617
20230719093547250,7.1,7.1,7.091140573388617
20230719093547270,7.1,7.1,7.091169709004507
20230719093549130,7.1,7.1,7.091169709004507
20230719093549530,7.1,7.1,7.091169709004507
20230719093549670,7.1,7.1,7.091169709004507
20230719093549890,7.1,7.1,7.091169709004507
20230719093549990,7.1,7.1,7.091169709004507
20230719093551770,7.1,7.1,7.091169709004507
20230719093551870,7.1,7.1,7.091169709004507
20230719093552060,7.1,7.1,7.091169709004507
20230719093552120,7.1,7.1,7.091169709004507
20230719093552150,7.1,7.1,7.091169709004507
20230719093552240,7.1,7.1,7.091169709004507
20230719093552480,7.1,7.1,7.091169709004507
20230719093552490,7.1,7.1,7.091169709004507
20230719093552510,7.1,7.1,7.091169709004507
20230719093552570,7.1,7.1,7.091169709004507
20230719093554580,7.1,7.1,7.091169709004507
20230719093554590,7.1,7.1,7.091169709004507
20230719093554790,7.1,7.1,7.091169709004507
20230719093554800,7.1,7.1,7.091169709004507
20230719093554930,7.1,7.1,7.091169709004507
20230719093554980,7.1,7.1,7.091169709004507
20230719093555220,7.1,7.1,7.091169709004507
20230719093555340,7.1,7.1,7.091169709004507
20230719093555370,7.1,7.1,7.091169709004507
20230719093555390,7.1,7.1,7.091200643937801
20230719093556880,7.1,7.1,7.091200643937801
20230719093557000,7.1,7.1,7.091200643937801
20230719093557020,7.1,7.1,7.091200643937801
20230719093557160,7.11,7.1,7.091292714003487
20230719093557480,7.11,7.1,7.091292714003487
20230719093557510,7.11,7.1,7.091292714003487
20230719093557550,7.11,7.1,7.091292714003487
20230719093557660,7.11,7.1,7.091292714003487
20230719093557780,7.11,7.1,7.091312964948108
20230719093557840,7.11,7.1,7.091312964948108
20230719093600030,7.11,7.1,7.091312964948108
20230719093600040,7.11,7.1,7.091312964948108
20230719093600090,7.11,7.1,7.091312964948108
20230719093600170,7.11,7.1,7.091312964948108
20230719093600230,7.11,7.1,7.091312964948108
20230719093600510,7.11,7.1,7.091319811877685
20230719093600700,7.11,7.1,7.091319811877685
20230719093600730,7.11,7.1,7.091319811877685
20230719093600780,7.11,7.1,7.091319811877685
20230719093602390,7.11,7.1,7.091319811877685
20230719093602550,7.11,7.1,7.091319811877685
20230719093602610,7.11,7.1,7.091319811877685
20230719093602710,7.11,7.1,7.091319811877685
20230719093602820,7.11,7.1,7.091319811877685
20230719093602840,7.11,7.1,7.091319811877685
20230719093603060,7.11,7.1,7.091319811877685
20230719093603290,7.11,7.1,7.091319811877685
20230719093603500,7.11,7.1,7.091400782558342
20230719093603540,7.11,7.1,7.091400782558342
20230719093605160,7.11,7.1,7.091400782558342
20230719093605240,7.11,7.1,7.091400782558342
20230719093605260,7.11,7.1,7.091400782558342
20230719093605330,7.11,7.1,7.091400782558342
20230719093605540,7.11,7.1,7.091400782558342
20230719093605580,7.11,7.1,7.091400782558342
20230719093605850,7.11,7.1,7.091400782558342
20230719093605860,7.11,7.1,7.091400782558342
20230719093606130,7.11,7.1,7.091400782558342
20230719093606150,7.11,7.1,7.091400782558342
20230719093607740,7.11,7.1,7.091400782558342
20230719093607850,7.11,7.1,7.091400782558342
20230719093608120,7.11,7.1,7.091400782558342
20230719093608130,7.11,7.1,7.091400782558342
20230719093608170,7.1,7.1,7.091400782558342
20230719093608310,7.1,7.1,7.091400782558342
20230719093608330,7.11,7.1,7.091400782558342
20230719093608570,7.11,7.1,7.091400782558342
20230719093608660,7.11,7.1,7.091400782558342
20230719093608760,7.11,7.1,7.091400782558342
20230719093608840,7.11,7.1,7.091400782558342
20230719093608930,7.1,7.1,7.091400782558342
20230719093608940,7.1,7.1,7.091400782558342
20230719093608950,7.1,7.1,7.091400782558342
20230719093610500,7.1,7.1,7.091400782558342
20230719093610580,7.1,7.1,7.091400782558342
20230719093611000,7.1,7.1,7.091400782558342
20230719093611370,7.1,7.1,7.091400782558342
20230719093611380,7.1,7.1,7.091400782558342
20230719093613150,7.1,7.1,7.091400782558342
20230719093613200,7.1,7.1,7.091400782558342
20230719093613290,7.1,7.1,7.091400782558342
20230719093613380,7.1,7.1,7.091400782558342
20230719093613480,7.1,7.1,7.091400782558342
20230719093613670,7.1,7.1,7.091400782558342
20230719093614060,7.1,7.1,7.091400782558342
20230719093614090,7.1,7.1,7.091400782558342
20230719093614110,7.1,7.1,7.091400782558342
20230719093614170,7.1,7.1,7.091400782558342
20230719093614350,7.1,7.1,7.091400782558342
20230719093616130,7.1,7.1,7.091400782558342
20230719093616160,7.1,7.1,7.091400782558342
20230719093616330,7.1,7.1,7.091400782558342
20230719093616410,7.1,7.1,7.091400782558342
20230719093616510,7.1,7.1,7.091400782558342
20230719093616860,7.1,7.1,7.091400782558342
20230719093618500,7.1,7.1,7.091400782558342
20230719093618750,7.1,7.1,7.091400782558342
20230719093618790,7.1,7.1,7.091400782558342
20230719093619300,7.1,7.1,7.091400782558342
20230719093619500,7.1,7.1,7.091400782558342
20230719093619590,7.1,7.1,7.091400782558342
20230719093621290,7.1,7.1,7.091400782558342
20230719093621370,7.1,7.1,7.091400782558342
20230719093621430,7.1,7.1,7.091400782558342
20230719093621830,7.1,7.1,7.091400782558342
20230719093622080,7.1,7.1,7.091400782558342
20230719093622140,7.1,7.1,7.091475011810116
20230719093622190,7.1,7.1,7.091475011810116
20230719093622250,7.1,7.1,7.091475011810116
20230719093623930,7.1,7.1,7.091475011810116
20230719093623960,7.1,7.1,7.091475011810116
20230719093624000,7.1,7.1,7.091475011810116
20230719093624060,7.1,7.1,7.091475011810116
20230719093624210,7.1,7.1,7.091475011810116
20230719093624430,7.1,7.1,7.091475011810116
20230719093624440,7.1,7.1,7.091475011810116
20230719093624490,7.1,7.1,7.091475011810116
20230719093624620,7.1,7.1,7.091475215349293
20230719093624670,7.1,7.1,7.091475215349293
20230719093624880,7.1,7.1,7.091475215349293
20230719093625120,7.1,7.1,7.091475215349293
20230719093626880,7.1,7.1,7.091475215349293
20230719093627200,7.1,7.1,7.091475215349293
20230719093627240,7.1,7.1,7.091475215349293
20230719093627300,7.1,7.1,7.091475215349293
20230719093627510,7.1,7.1,7.091475215349293
20230719093627800,7.1,7.1,7.091475215349293
20230719093627810,7.1,7.1,7.091475215349293
20230719093629360,7.1,7.1,7.091475215349293
20230719093629470,7.1,7.1,7.091475215349293
20230719093629610,7.1,7.1,7.091475215349293
20230719093629690,7.1,7.1,7.091475215349293
20230719093629700,7.1,7.1,7.091475215349293
20230719093629780,7.1,7.1,7.091475215349293
20230719093629890,7.1,7.1,7.091477744043518
20230719093630010,7.1,7.1,7.091477744043518
20230719093630020,7.1,7.1,7.091477744043518
20230719093630090,7.1,7.1,7.091477744043518
20230719093630280,7.1,7.1,7.091477744043518
20230719093630320,7.1,7.1,7.091477744043518
20230719093632150,7.1,7.1,7.091477744043518
20230719093632160,7.1,7.1,7.091477744043518
20230719093632530,7.1,7.1,7.091477744043518
20230719093632890,7.1,7.1,7.091477744043518
20230719093632970,7.1,7.1,7.091477744043518
20230719093632980,7.1,7.1,7.091477744043518
20230719093633030,7.1,7.1,7.091477744043518
20230719093634680,7.1,7.1,7.091477744043518
20230719093634710,7.1,7.1,7.091477744043518
20230719093634740,7.1,7.1,7.091477744043518
20230719093634760,7.1,7.1,7.091477744043518
20230719093634780,7.1,7.1,7.091477744043518
20230719093634790,7.1,7.1,7.091477744043518
20230719093634830,7.1,7.1,7.091477744043518
20230719093635220,7.1,7.1,7.091477744043518
20230719093635460,7.1,7.1,7.091477744043518
20230719093635710,7.1,7.1,7.091477744043518
20230719093637500,7.1,7.1,7.091477744043518
20230719093637540,7.1,7.1,7.091477744043518
20230719093637620,7.1,7.1,7.091477744043518
20230719093637780,7.1,7.1,7.091477744043518
20230719093638460,7.1,7.1,7.091477744043518
20230719093638530,7.1,7.1,7.091477744043518
20230719093638560,7.1,7.1,7.091477744043518
20230719093640230,7.1,7.1,7.091477744043518
20230719093640410,7.1,7.1,7.091477744043518
20230719093640500,7.1,7.1,7.091477744043518
20230719093640950,7.1,7.1,7.091477744043518
20230719093640980,7.1,7.1,7.091477744043518
20230719093641020,7.1,7.1,7.091477744043518
20230719093641190,7.1,7.1,7.091477744043518
20230719093641200,7.1,7.1,7.091477744043518
20230719093643090,7.1,7.1,7.091477744043518
20230719093643370,7.1,7.1,7.091477744043518
20230719093643430,7.1,7.1,7.091477744043518
20230719093643910,7.1,7.1,7.091477744043518
20230719093644010,7.1,7.1,7.091477744043518
20230719093644040,7.1,7.1,7.091477744043518
20230719093646110,7.1,7.1,7.091477744043518
20230719093646220,7.1,7.1,7.091477744043518
20230719093646240,7.1,7.1,7.09150422900854
20230719093646320,7.1,7.1,7.09150422900854
20230719093648880,7.1,7.1,7.09150422900854
20230719093648970,7.1,7.1,7.09150422900854
20230719093649030,7.1,7.1,7.09150422900854
20230719093649080,7.1,7.1,7.09150422900854
20230719093649180,7.1,7.1,7.09150422900854
20230719093649410,7.1,7.1,7.09150422900854
20230719093649420,7.1,7.1,7.09150422900854
20230719093651330,7.1,7.1,7.09150422900854
20230719093651710,7.1,7.1,7.09150422900854
20230719093653610,7.1,7.1,7.09150422900854
20230719093653720,7.1,7.1,7.091531471210866
20230719093653730,7.1,7.1,7.091531471210866
20230719093653970,7.1,7.1,7.091531471210866
20230719093654070,7.1,7.1,7.091531471210866
20230719093654080,7.1,7.1,7.091531471210866
20230719093654320,7.1,7.1,7.091531471210866
20230719093654620,7.1,7.1,7.091531471210866
20230719093656320,7.1,7.1,7.091531471210866
20230719093656380,7.1,7.1,7.091531471210866
20230719093656410,7.1,7.1,7.091531471210866
20230719093656720,7.1,7.1,7.091531471210866
20230719093656780,7.1,7.1,7.091531471210866
20230719093657200,7.1,7.1,7.091531471210866
20230719093658970,7.1,7.1,7.091531471210866
20230719093659360,7.1,7.1,7.091534721214814
20230719093700050,7.1,7.1,7.091534721214814
20230719093700090,7.1,7.1,7.091534721214814
20230719093702290,7.1,7.1,7.091534721214814
20230719093702400,7.1,7.1,7.091534721214814
20230719093702550,7.1,7.1,7.091534721214814
20230719093702830,7.1,7.1,7.091536316342258
20230719093704740,7.1,7.1,7.091536316342258
20230719093704770,7.1,7.1,7.091536316342258
20230719093704920,7.1,7.1,7.091536316342258
20230719093705020,7.1,7.1,7.091536316342258
20230719093707260,7.1,7.1,7.091536316342258
20230719093707370,7.1,7.1,7.091536316342258
20230719093707460,7.1,7.1,7.091536316342258
20230719093707570,7.1,7.1,7.091536316342258
20230719093707580,7.1,7.1,7.091536316342258
20230719093707660,7.1,7.1,7.091536316342258
20230719093707760,7.1,7.1,7.091536316342258
20230719093708080,7.1,7.1,7.091536316342258
20230719093709800,7.1,7.1,7.091536316342258
20230719093710040,7.1,7.1,7.091536316342258
20230719093710050,7.1,7.1,7.091536316342258
20230719093710080,7.1,7.1,7.091536316342258
20230719093710190,7.1,7.1,7.091536316342258
20230719093710330,7.1,7.1,7.091536316342258
20230719093710480,7.1,7.1,7.091536316342258
20230719093710720,7.1,7.1,7.091536316342258
20230719093710760,7.1,7.1,7.091536316342258
20230719093712660,7.1,7.1,7.091536316342258
20230719093713280,7.1,7.1,7.091536316342258
20230719093713340,7.1,7.1,7.091536316342258
20230719093713360,7.1,7.1,7.091536316342258
20230719093713540,7.1,7.1,7.091536316342258
20230719093715270,7.1,7.1,7.091536316342258
20230719093715700,7.1,7.1,7.091536316342258
20230719093715720,7.1,7.1,7.091536316342258
20230719093715810,7.1,7.1,7.091536316342258
20230719093715830,7.1,7.1,7.091536316342258
20230719093715950,7.1,7.1,7.091536316342258
20230719093715970,7.1,7.1,7.091536316342258
20230719093715980,7.1,7.1,7.091536316342258
20230719093716170,7.1,7.1,7.091536316342258
20230719093716370,7.1,7.1,7.091536316342258
20230719093716400,7.1,7.1,7.091536316342258
20230719093718020,7.1,7.1,7.091536316342258
20230719093718160,7.1,7.1,7.091551752786671
20230719093718300,7.1,7.1,7.091551752786671
20230719093718520,7.1,7.1,7.091551752786671
20230719093719080,7.1,7.1,7.091547596069118
20230719093719110,7.1,7.1,7.091547596069118
20230719093720720,7.1,7.1,7.091547596069118
20230719093721270,7.1,7.1,7.091547596069118
20230719093721590,7.1,7.1,7.091547596069118
20230719093721620,7.1,7.1,7.091547596069118
20230719093721710,7.1,7.1,7.091547596069118
20230719093721780,7.1,7.1,7.091547596069118
20230719093723350,7.1,7.1,7.091547596069118
20230719093723380,7.1,7.1,7.091547596069118
20230719093723860,7.1,7.1,7.091547596069118
20230719093723970,7.1,7.1,7.091547596069118
20230719093724020,7.1,7.1,7.091547596069118
20230719093724180,7.1,7.1,7.091547596069118
20230719093724480,7.1,7.1,7.091547596069118
20230719093724520,7.1,7.1,7.091547596069118
20230719093726010,7.1,7.1,7.091547596069118
20230719093726030,7.1,7.1,7.091547596069118
20230719093727190,7.1,7.09,7.091514436159943
20230719093728670,7.1,7.09,7.091514436159943
20230719093728930,7.1,7.09,7.091514436159943
20230719093729040,7.1,7.09,7.091514436159943
20230719093729300,7.1,7.09,7.091514436159943
20230719093729480,7.1,7.09,7.091514436159943
20230719093729500,7.1,7.09,7.091514436159943
20230719093729780,7.1,7.09,7.091514436159943
20230719093729870,7.1,7.09,7.091514436159943
20230719093729890,7.1,7.09,7.091514436159943
20230719093729930,7.1,7.09,7.091514436159943
20230719093731770,7.1,7.09,7.091514436159943
20230719093732170,7.1,7.09,7.091514436159943
20230719093734120,7.1,7.09,7.091514436159943
20230719093734200,7.1,7.09,7.091514436159943
20230719093734660,7.1,7.09,7.091514436159943
20230719093734680,7.1,7.09,7.091514436159943
20230719093734970,7.1,7.09,7.091514436159943
20230719093735050,7.1,7.09,7.091514436159943
20230719093735240,7.1,7.09,7.091514436159943
20230719093736800,7.1,7.09,7.091514436159943
20230719093736880,7.1,7.09,7.091514436159943
20230719093737190,7.1,7.09,7.091514436159943
20230719093737200,7.1,7.09,7.091514436159943
20230719093737300,7.1,7.09,7.091514436159943
20230719093737460,7.1,7.09,7.091514436159943
20230719093737930,7.1,7.09,7.091514436159943
20230719093739590,7.1,7.09,7.0916201656063445
20230719093739630,7.1,7.09,7.0916201656063445
20230719093739970,7.1,7.09,7.0916201656063445
20230719093739990,7.1,7.09,7.0916201656063445
20230719093740060,7.1,7.09,7.0916201656063445
20230719093742580,7.1,7.09,7.0916201656063445
20230719093742860,7.1,7.09,7.0916201656063445
20230719093742940,7.1,7.09,7.0916201656063445
20230719093743040,7.1,7.09,7.0916201656063445
20230719093743240,7.1,7.09,7.0916201656063445
20230719093745090,7.1,7.09,7.0916201656063445
20230719093745210,7.1,7.09,7.091693047098883
20230719093745350,7.1,7.09,7.091693047098883
20230719093745380,7.1,7.09,7.091693047098883
20230719093745680,7.1,7.09,7.091693047098883
20230719093745840,7.1,7.09,7.091693047098883
20230719093745890,7.1,7.09,7.091693047098883
20230719093747610,7.1,7.09,7.091693047098883
20230719093747760,7.1,7.09,7.091693047098883
20230719093747780,7.1,7.09,7.091693047098883
20230719093748020,7.1,7.09,7.091693047098883
20230719093748060,7.1,7.09,7.091693047098883
20230719093748120,7.1,7.09,7.091916701792445
20230719093748270,7.1,7.09,7.091916701792445
20230719093748320,7.1,7.09,7.091916701792445
20230719093748380,7.1,7.09,7.091916701792445
20230719093748430,7.1,7.09,7.09193618999198
20230719093748490,7.1,7.09,7.09193618999198
20230719093748550,7.1,7.09,7.09193618999198
20230719093748810,7.1,7.09,7.09193618999198
20230719093750310,7.1,7.09,7.09193618999198
20230719093750920,7.1,7.09,7.09193618999198
20230719093751040,7.1,7.09,7.09193618999198
20230719093751240,7.1,7.09,7.09193618999198
20230719093751250,7.1,7.09,7.0919703526710345
20230719093751280,7.1,7.09,7.0919703526710345
20230719093751330,7.1,7.09,7.0919703526710345
20230719093751430,7.1,7.09,7.0919703526710345
20230719093751480,7.1,7.09,7.0919703526710345
20230719093753070,7.1,7.09,7.0919703526710345
20230719093753120,7.1,7.09,7.0919703526710345
20230719093753410,7.1,7.09,7.0919703526710345
20230719093753670,7.1,7.09,7.0919703526710345
20230719093753740,7.1,7.09,7.0919703526710345
20230719093753750,7.1,7.09,7.0919703526710345
20230719093753950,7.1,7.09,7.0919703526710345
20230719093754080,7.1,7.09,7.0919703526710345
20230719093755810,7.1,7.09,7.091971486442505
20230719093755840,7.1,7.09,7.091971486442505
20230719093755990,7.1,7.09,7.091971486442505
20230719093756170,7.1,7.09,7.091971486442505
20230719093756410,7.1,7.09,7.091971486442505
20230719093756560,7.1,7.09,7.091971486442505
20230719093756890,7.1,7.09,7.091976018328466
20230719093758590,7.1,7.09,7.092054506238957
20230719093758620,7.1,7.09,7.092054506238957
20230719093758800,7.1,7.09,7.092054506238957
20230719093758930,7.1,7.09,7.092054506238957
20230719093759180,7.1,7.09,7.092054506238957
20230719093759200,7.1,7.09,7.092054506238957
20230719093759220,7.1,7.09,7.092054506238957
20230719093759230,7.1,7.09,7.092054506238957
20230719093759310,7.1,7.09,7.092054506238957
20230719093759350,7.1,7.09,7.092054506238957
20230719093759600,7.1,7.09,7.092054506238957
20230719093759610,7.1,7.09,7.092051639317383
20230719093801110,7.1,7.09,7.092051639317383
20230719093801140,7.1,7.09,7.092051639317383
20230719093801170,7.1,7.09,7.092051639317383
20230719093801540,7.1,7.09,7.092030249615251
20230719093801690,7.1,7.09,7.092030249615251
20230719093801770,7.1,7.09,7.092030249615251
20230719093801790,7.1,7.09,7.092030249615251
20230719093801850,7.1,7.09,7.092030249615251
20230719093801870,7.1,7.09,7.092030249615251
20230719093802280,7.1,7.09,7.092030249615251
20230719093803850,7.1,7.09,7.092030249615251
20230719093803890,7.1,7.09,7.092030249615251
20230719093803970,7.1,7.09,7.092030249615251
20230719093804070,7.1,7.09,7.092030249615251
20230719093804700,7.1,7.09,7.092030249615251
20230719093804900,7.1,7.09,7.092030249615251
20230719093804910,7.1,7.09,7.092030249615251
20230719093804930,7.1,7.09,7.092030249615251
20230719093806520,7.1,7.09,7.092030249615251
20230719093806700,7.1,7.09,7.092030249615251
20230719093806920,7.1,7.09,7.092030249615251
20230719093806980,7.1,7.09,7.092030249615251
20230719093807130,7.11,7.09,7.092343773112278
20230719093807340,7.11,7.09,7.092343773112278
20230719093809260,7.11,7.09,7.092343773112278
20230719093809270,7.11,7.09,7.092343773112278
20230719093809350,7.11,7.09,7.092343773112278
20230719093809420,7.11,7.09,7.092343773112278
20230719093809430,7.11,7.09,7.092343773112278
20230719093809570,7.11,7.09,7.092343773112278
20230719093809630,7.11,7.09,7.092343773112278
20230719093809820,7.1,7.09,7.092343773112278
20230719093810080,7.1,7.09,7.092359073237114
20230719093810100,7.1,7.09,7.092359073237114
20230719093810110,7.1,7.09,7.092359073237114
20230719093810170,7.1,7.09,7.092359073237114
20230719093810360,7.1,7.09,7.092359073237114
20230719093812080,7.1,7.09,7.092359073237114
20230719093812180,7.1,7.09,7.09236301173481
20230719093812330,7.1,7.09,7.09236301173481
20230719093812480,7.1,7.09,7.09236301173481
20230719093812510,7.1,7.09,7.09236301173481
20230719093812800,7.1,7.09,7.09236301173481
20230719093813070,7.1,7.09,7.092372840238628
20230719093813080,7.1,7.09,7.092372840238628
20230719093813090,7.1,7.09,7.092375293413073
20230719093813100,7.1,7.09,7.092375293413073
20230719093813120,7.1,7.09,7.092370613319625
20230719093814840,7.1,7.09,7.092370613319625
20230719093815070,7.1,7.09,7.092370613319625
20230719093815100,7.1,7.09,7.092370613319625
20230719093815200,7.1,7.09,7.092371591227347
20230719093815510,7.1,7.09,7.092371591227347
20230719093815610,7.1,7.09,7.092371591227347
20230719093817300,7.1,7.09,7.092372080087205
20230719093817320,7.1,7.09,7.092372080087205
20230719093817670,7.1,7.09,7.092372080087205
20230719093818050,7.1,7.09,7.092372080087205
20230719093818150,7.1,7.09,7.092372080087205
20230719093818160,7.1,7.09,7.092372080087205
20230719093818230,7.1,7.09,7.092372080087205
20230719093818440,7.1,7.09,7.092372080087205
20230719093820280,7.1,7.09,7.092372080087205
20230719093820340,7.1,7.09,7.092372080087205
20230719093820420,7.1,7.09,7.092372080087205
20230719093820500,7.1,7.09,7.092372080087205
20230719093820690,7.1,7.09,7.092372080087205
20230719093820970,7.1,7.09,7.092372080087205
20230719093821020,7.1,7.09,7.092372080087205
20230719093821070,7.1,7.09,7.092372080087205
20230719093821090,7.1,7.09,7.092372080087205
20230719093822700,7.1,7.09,7.092372080087205
20230719093822760,7.1,7.09,7.092372080087205
20230719093823030,7.1,7.09,7.092372080087205
20230719093823260,7.1,7.09,7.092367262408561
20230719093825380,7.1,7.09,7.092367262408561
20230719093825780,7.1,7.09,7.092367262408561
20230719093825940,7.1,7.09,7.092367262408561
20230719093826000,7.1,7.09,7.092367262408561
20230719093826180,7.1,7.09,7.092367262408561
20230719093826190,7.1,7.09,7.092367262408561
20230719093826320,7.1,7.09,7.092367262408561
20230719093826460,7.1,7.09,7.092367262408561
20230719093826490,7.1,7.09,7.092367262408561
20230719093826610,7.1,7.09,7.092367262408561
20230719093828140,7.1,7.09,7.092367262408561
20230719093828310,7.1,7.09,7.092367262408561
20230719093828410,7.1,7.09,7.092367262408561
20230719093828550,7.1,7.09,7.092367262408561
20230719093828620,7.1,7.09,7.092367262408561
20230719093828810,7.1,7.09,7.092367262408561
20230719093828860,7.1,7.09,7.092367262408561
20230719093828970,7.1,7.09,7.092367262408561
20230719093829020,7.1,7.09,7.092367262408561
20230719093830800,7.1,7.09,7.092367262408561
20230719093831180,7.1,7.09,7.092367262408561
20230719093831250,7.1,7.09,7.092367262408561
20230719093831260,7.1,7.09,7.092367262408561
20230719093831270,7.1,7.09,7.092367262408561
20230719093831550,7.1,7.09,7.092367262408561
20230719093831670,7.1,7.09,7.092367262408561
20230719093831860,7.1,7.09,7.092395877614537
20230719093833500,7.1,7.09,7.092395877614537
20230719093833510,7.1,7.09,7.092395877614537
20230719093833570,7.1,7.09,7.092395877614537
20230719093833740,7.1,7.09,7.092395877614537
20230719093833990,7.1,7.09,7.092395877614537
20230719093834420,7.1,7.09,7.092395877614537
20230719093834550,7.1,7.09,7.092411636440184
20230719093834600,7.1,7.09,7.092411636440184
20230719093834730,7.1,7.09,7.092411636440184
20230719093836350,7.1,7.09,7.092411636440184
20230719093836650,7.1,7.09,7.092411636440184
20230719093836720,7.1,7.09,7.092411636440184
20230719093836840,7.1,7.09,7.092411636440184
20230719093837010,7.1,7.09,7.092411636440184
20230719093837150,7.1,7.09,7.092411636440184
20230719093839130,7.1,7.09,7.092411636440184
20230719093839170,7.1,7.09,7.09236945309965
20230719093839290,7.1,7.09,7.09236945309965
20230719093839420,7.1,7.09,7.09236945309965
20230719093839750,7.1,7.09,7.09236945309965
20230719093840020,7.1,7.09,7.09236945309965
20230719093841570,7.1,7.09,7.09236945309965
20230719093842180,7.1,7.09,7.09236945309965
20230719093842210,7.1,7.09,7.09236945309965
20230719093844310,7.1,7.09,7.09236945309965
20230719093844370,7.1,7.09,7.09236945309965
20230719093844410,7.1,7.09,7.092371828516533
20230719093844790,7.1,7.09,7.092370352717763
20230719093845100,7.1,7.09,7.092370352717763
20230719093845110,7.1,7.09,7.092370352717763
20230719093845120,7.1,7.09,7.092370352717763
20230719093846970,7.1,7.09,7.092370352717763
20230719093847170,7.1,7.09,7.092370352717763
20230719093847270,7.1,7.09,7.092370352717763
20230719093847680,7.1,7.09,7.092370352717763
20230719093847880,7.1,7.09,7.092370352717763
20230719093847900,7.1,7.09,7.092370352717763
20230719093847970,7.1,7.09,7.092370352717763
20230719093848150,7.1,7.09,7.092370352717763
20230719093850030,7.1,7.09,7.092370352717763
20230719093850830,7.1,7.09,7.092370352717763
20230719093850900,7.1,7.09,7.092370352717763
20230719093852390,7.1,7.09,7.092370352717763
20230719093852450,7.1,7.09,7.092370352717763
20230719093852600,7.1,7.09,7.092370352717763
20230719093852620,7.1,7.09,7.092370352717763
20230719093853000,7.1,7.09,7.092370352717763
20230719093853130,7.1,7.09,7.092370352717763
20230719093853320,7.1,7.09,7.092353366704782
20230719093853450,7.1,7.09,7.092353366704782
20230719093855070,7.1,7.09,7.092354311346435
20230719093855080,7.1,7.09,7.0923628026301415
20230719093855110,7.1,7.09,7.0923628026301415
20230719093855130,7.1,7.09,7.0923628026301415
20230719093855320,7.1,7.09,7.0923628026301415
20230719093855600,7.1,7.09,7.0923628026301415
20230719093855890,7.1,7.09,7.0923628026301415
20230719093857820,7.1,7.09,7.0923628026301415
20230719093857860,7.1,7.09,7.0923628026301415
20230719093858050,7.1,7.09,7.092382542467487
20230719093858060,7.1,7.09,7.09238301121997
20230719093858070,7.1,7.09,7.09238301121997
20230719093858100,7.1,7.09,7.09238301121997
20230719093858160,7.1,7.09,7.09238301121997
20230719093858260,7.1,7.09,7.09238301121997
20230719093858360,7.1,7.09,7.09238301121997
20230719093858610,7.1,7.09,7.092415385152633
20230719093900850,7.1,7.09,7.092415385152633
20230719093901080,7.1,7.09,7.092415385152633
20230719093901250,7.1,7.09,7.092414116606576
20230719093901350,7.1,7.09,7.092414116606576
20230719093901410,7.1,7.09,7.092414116606576
20230719093901600,7.1,7.09,7.092414116606576
20230719093901690,7.1,7.09,7.092414116606576
20230719093903220,7.1,7.09,7.092414116606576
20230719093903250,7.1,7.09,7.092414116606576
20230719093903340,7.1,7.09,7.092414116606576
20230719093904100,7.1,7.09,7.092414116606576
20230719093904120,7.1,7.09,7.092414116606576
20230719093904170,7.1,7.09,7.092414116606576
20230719093905950,7.1,7.09,7.092414116606576
20230719093905970,7.1,7.09,7.092414116606576
20230719093905980,7.1,7.09,7.092414116606576
20230719093906090,7.1,7.09,7.092414116606576
20230719093906540,7.1,7.09,7.092414116606576
20230719093906820,7.1,7.09,7.092414116606576
20230719093907080,7.1,7.09,7.092414116606576
20230719093908900,7.1,7.09,7.092414116606576
20230719093908930,7.1,7.09,7.092414116606576
20230719093908970,7.1,7.09,7.092414116606576
20230719093909040,7.1,7.09,7.092414116606576
20230719093909230,7.1,7.09,7.092414116606576
20230719093909300,7.1,7.09,7.092414116606576
20230719093909350,7.1,7.09,7.092414116606576
20230719093909450,7.1,7.09,7.092414116606576
20230719093909600,7.1,7.09,7.092414116606576
20230719093909720,7.1,7.09,7.092414116606576
20230719093911620,7.1,7.09,7.092414116606576
20230719093914420,7.1,7.09,7.092414116606576
20230719093914560,7.1,7.09,7.092414116606576
20230719093914730,7.1,7.09,7.092414116606576
20230719093915090,7.1,7.09,7.092414116606576
20230719093916740,7.1,7.09,7.092414116606576
20230719093917610,7.1,7.09,7.092414116606576
20230719093917670,7.1,7.09,7.092414116606576
20230719093917840,7.1,7.09,7.092418973879539
20230719093919560,7.1,7.09,7.092418973879539
20230719093919620,7.1,7.09,7.092418973879539
20230719093919800,7.1,7.09,7.092418973879539
20230719093919940,7.1,7.09,7.092458069138825
20230719093919950,7.1,7.09,7.092458069138825
20230719093919980,7.1,7.09,7.092458069138825
20230719093920000,7.1,7.09,7.092458069138825
20230719093920040,7.11,7.09,7.092877298652008
20230719093920050,7.11,7.1,7.0930536187067
20230719093920060,7.11,7.1,7.0930536187067
20230719093920070,7.11,7.1,7.0930536187067
20230719093920080,7.11,7.1,7.0930536187067
20230719093920090,7.11,7.1,7.0930536187067
20230719093920170,7.11,7.1,7.0930536187067
20230719093920230,7.11,7.1,7.0930536187067
20230719093920260,7.11,7.1,7.09309221910665
20230719093920360,7.11,7.1,7.09309221910665
20230719093920440,7.11,7.1,7.093093754201478
20230719093920580,7.11,7.1,7.093093754201478
20230719093922080,7.11,7.1,7.093093754201478
20230719093922090,7.11,7.1,7.093093754201478
20230719093922100,7.11,7.1,7.093093754201478
20230719093922160,7.11,7.1,7.09310912820126
20230719093922190,7.11,7.1,7.09310912820126
20230719093922310,7.11,7.1,7.09310912820126
20230719093922550,7.11,7.1,7.09310912820126
20230719093922680,7.11,7.1,7.093113811103311
20230719093922690,7.11,7.1,7.0931200169367346
20230719093922750,7.11,7.1,7.0931200169367346
20230719093922780,7.11,7.1,7.0931200169367346
20230719093922850,7.11,7.1,7.0931200169367346
20230719093923010,7.11,7.1,7.0931200169367346
20230719093923200,7.11,7.1,7.0931219228949365
20230719093924870,7.11,7.1,7.0931219228949365
20230719093925130,7.11,7.1,7.0931219228949365
20230719093925150,7.11,7.1,7.0931219228949365
20230719093925250,7.11,7.1,7.0931219228949365
