Timestamp,ask1,bid1,VWAP
20230721093000040,6.01,7.05,6.71
20230721093000050,6.56,6.82,6.709843342036553
20230721093000060,6.56,6.76,6.709856801909308
20230721093000070,6.56,6.76,6.709874213836478
20230721093000080,6.7,6.76,6.709886578449906
20230721093000090,6.71,6.76,6.709906542056075
20230721093000100,6.71,6.76,6.709906542056075
20230721093000110,6.71,6.76,6.709906542056075
20230721093000120,6.71,6.76,6.709876352395672
20230721093000130,6.71,6.76,6.709876352395672
20230721093000140,6.71,6.76,6.70977207977208
20230721093000340,6.71,6.76,6.70977207977208
20230721093000350,6.71,6.76,6.70977207977208
20230721093000360,6.71,6.76,6.70977207977208
20230721093000370,6.71,6.76,6.70977207977208
20230721093000380,6.71,6.76,6.709778393351801
20230721093000390,6.71,6.76,6.709778393351801
20230721093000400,6.71,6.76,6.709778393351801
20230721093000410,6.71,6.76,6.709646739130434
20230721093000420,6.71,6.76,6.709646739130434
20230721093000430,6.71,6.76,6.709646739130434
20230721093000450,6.71,6.76,6.709646739130434
20230721093000460,6.71,6.76,6.7096542553191485
20230721093000470,6.71,6.76,6.7096542553191485
20230721093000480,6.71,6.76,6.7096542553191485
20230721093000490,6.71,6.76,6.709663212435233
20230721093000500,6.71,6.76,6.709663212435233
20230721093000520,6.71,6.76,6.709670468948035
20230721093000530,6.71,6.76,6.709670468948035
20230721093000550,6.71,6.76,6.709670468948035
20230721093000560,6.71,6.76,6.709670468948035
20230721093000570,6.71,6.76,6.709670468948035
20230721093000580,6.71,6.76,6.709670468948035
20230721093000590,6.71,6.76,6.709670468948035
20230721093000600,6.71,6.76,6.709670468948035
20230721093000610,6.71,6.76,6.709670468948035
20230721093001100,6.7,6.76,6.709670468948035
20230721093001110,6.7,6.76,6.706287367405979
20230721093001120,6.7,6.76,6.706287367405979
20230721093001130,6.7,6.76,6.706287367405979
20230721093001140,6.7,6.76,6.706287367405979
20230721093001150,6.7,6.76,6.706287367405979
20230721093001160,6.7,6.76,6.706287367405979
20230721093001180,6.7,6.76,6.706287367405979
20230721093001200,6.7,6.76,6.706287367405979
20230721093001210,6.7,6.76,6.706287367405979
20230721093001220,6.7,6.76,6.706287367405979
20230721093001230,6.7,6.76,6.706287367405979
20230721093001240,6.7,6.76,6.7044743481917575
20230721093001250,6.7,6.76,6.7044743481917575
20230721093001260,6.7,6.76,6.7044743481917575
20230721093001280,6.7,6.76,6.7044743481917575
20230721093001290,6.7,6.76,6.7044743481917575
20230721093001300,6.7,6.76,6.7044743481917575
20230721093001310,6.7,6.76,6.7044743481917575
20230721093001320,6.7,6.76,6.7044743481917575
20230721093001330,6.7,6.76,6.7044743481917575
20230721093001340,6.7,6.76,6.7044743481917575
20230721093001350,6.7,6.76,6.7044743481917575
20230721093001360,6.7,6.76,6.7044743481917575
20230721093001370,6.7,6.76,6.7044743481917575
20230721093001400,6.7,6.76,6.7044743481917575
20230721093001420,6.7,6.76,6.7044743481917575
20230721093001430,6.7,6.76,6.7044743481917575
20230721093001450,6.7,6.76,6.7044743481917575
20230721093001460,6.7,6.76,6.7044743481917575
20230721093001480,6.7,6.76,6.7044743481917575
20230721093001490,6.7,6.76,6.7044743481917575
20230721093001500,6.7,6.76,6.7044743481917575
20230721093001510,6.7,6.76,6.7044743481917575
20230721093001520,6.7,6.76,6.7044743481917575
20230721093001530,6.7,6.76,6.7044743481917575
20230721093001550,6.7,6.76,6.7044743481917575
20230721093001570,6.7,6.76,6.7044743481917575
20230721093001580,6.7,6.76,6.7044743481917575
20230721093001590,6.7,6.76,6.7044743481917575
20230721093001610,6.7,6.76,6.7044743481917575
20230721093001620,6.7,6.76,6.7044743481917575
20230721093001640,6.7,6.76,6.7044743481917575
20230721093001650,6.7,6.76,6.7044743481917575
20230721093001660,6.7,6.76,6.7044743481917575
20230721093001670,6.7,6.76,6.7044743481917575
20230721093001680,6.7,6.76,6.7044743481917575
20230721093001700,6.7,6.76,6.7044743481917575
20230721093001710,6.7,6.76,6.7044743481917575
20230721093002670,6.7,6.76,6.7044743481917575
20230721093002680,6.7,6.76,6.7044743481917575
20230721093002710,6.7,6.76,6.7044743481917575
20230721093002750,6.7,6.76,6.7044743481917575
20230721093002780,6.7,6.76,6.7044743481917575
20230721093002790,6.7,6.76,6.7044743481917575
20230721093002810,6.7,6.76,6.7044743481917575
20230721093002820,6.7,6.76,6.7044743481917575
20230721093002830,6.7,6.76,6.7044743481917575
20230721093002840,6.7,6.76,6.7044743481917575
20230721093002860,6.7,6.76,6.7044743481917575
20230721093002880,6.7,6.76,6.7044743481917575
20230721093002890,6.7,6.76,6.7044743481917575
20230721093002900,6.7,6.76,6.7044743481917575
20230721093002910,6.7,6.76,6.7044743481917575
20230721093002920,6.7,6.76,6.7044743481917575
20230721093002940,6.7,6.76,6.7044743481917575
20230721093002960,6.7,6.76,6.7044743481917575
20230721093002980,6.7,6.76,6.7044743481917575
20230721093002990,6.7,6.76,6.7044743481917575
20230721093003010,6.7,6.76,6.7044743481917575
20230721093003030,6.7,6.76,6.7044743481917575
20230721093003050,6.7,6.76,6.7044743481917575
20230721093003070,6.7,6.76,6.7044743481917575
20230721093003080,6.7,6.76,6.7044743481917575
20230721093003100,6.7,6.76,6.7044743481917575
20230721093003110,6.7,6.76,6.7044743481917575
20230721093003120,6.7,6.76,6.7044743481917575
20230721093003130,6.7,6.76,6.7044743481917575
20230721093003140,6.7,6.76,6.7044743481917575
20230721093003150,6.7,6.76,6.7044743481917575
20230721093003160,6.7,6.76,6.7044743481917575
20230721093003170,6.7,6.76,6.7044743481917575
20230721093003190,6.7,6.76,6.7044743481917575
20230721093003210,6.7,6.76,6.7044743481917575
20230721093003220,6.7,6.76,6.7044743481917575
20230721093003230,6.7,6.76,6.7044743481917575
20230721093003250,6.7,6.76,6.7044743481917575
20230721093003260,6.7,6.76,6.7044743481917575
20230721093003280,6.7,6.76,6.7044743481917575
20230721093003290,6.7,6.76,6.7044743481917575
20230721093003310,6.7,6.76,6.7044743481917575
20230721093003350,6.69,6.76,6.703483146067415
20230721093003360,6.69,6.76,6.703474240422722
20230721093003380,6.7,6.76,6.7034298880842655
20230721093003390,6.7,6.76,6.7034298880842655
20230721093003410,6.7,6.76,6.7034298880842655
20230721093003420,6.7,6.76,6.703421052631579
20230721093003510,6.7,6.76,6.703421052631579
20230721093003540,6.7,6.76,6.703421052631579
20230721093003550,6.7,6.76,6.703412228796844
20230721093003570,6.7,6.76,6.703412228796844
20230721093003590,6.7,6.76,6.703412228796844
20230721093003600,6.7,6.76,6.703412228796844
20230721093003750,6.7,6.76,6.703412228796844
20230721093003770,6.7,6.76,6.703412228796844
20230721093003780,6.7,6.76,6.703412228796844
20230721093003790,6.7,6.76,6.703412228796844
20230721093003800,6.7,6.76,6.703412228796844
20230721093003860,6.7,6.76,6.703412228796844
20230721093005630,6.7,6.76,6.703412228796844
20230721093005640,6.7,6.76,6.703412228796844
20230721093005690,6.69,6.76,6.703412228796844
20230721093005700,6.69,6.76,6.703412228796844
20230721093005870,6.69,6.76,6.703412228796844
20230721093005910,6.69,6.76,6.703412228796844
20230721093005930,6.69,6.76,6.703412228796844
20230721093005960,6.69,6.76,6.703412228796844
20230721093005970,6.69,6.76,6.703412228796844
20230721093005990,6.69,6.76,6.703412228796844
20230721093006010,6.69,6.76,6.703412228796844
20230721093006020,6.69,6.76,6.703412228796844
20230721093006030,6.69,6.76,6.703412228796844
20230721093006120,6.69,6.76,6.703412228796844
20230721093006130,6.69,6.76,6.703412228796844
20230721093006150,6.69,6.76,6.703412228796844
20230721093006170,6.69,6.76,6.703412228796844
20230721093006240,6.69,6.76,6.703412228796844
20230721093006270,6.69,6.76,6.703412228796844
20230721093006280,6.69,6.76,6.703412228796844
20230721093006300,6.69,6.76,6.703412228796844
20230721093006490,6.69,6.76,6.703412228796844
20230721093006620,6.69,6.76,6.703412228796844
20230721093006660,6.69,6.76,6.703412228796844
20230721093006750,6.69,6.76,6.703412228796844
20230721093006830,6.69,6.76,6.703412228796844
20230721093006840,6.69,6.76,6.703412228796844
20230721093006870,6.69,6.76,6.703412228796844
20230721093006930,6.69,6.76,6.703412228796844
20230721093006940,6.69,6.76,6.703412228796844
20230721093006990,6.69,6.76,6.703412228796844
20230721093007010,6.69,6.76,6.703412228796844
20230721093007100,6.68,6.76,6.696887778282599
20230721093007110,6.68,6.76,6.696887778282599
20230721093007120,6.68,6.76,6.696887778282599
20230721093007130,6.68,6.76,6.696887778282599
20230721093007140,6.68,6.76,6.696887778282599
20230721093007170,6.68,6.76,6.696887778282599
20230721093007200,6.68,6.76,6.696887778282599
20230721093007220,6.68,6.76,6.696887778282599
20230721093007230,6.68,6.76,6.696887778282599
20230721093007260,6.68,6.76,6.696887778282599
20230721093007270,6.68,6.76,6.6950063211125155
20230721093007280,6.68,6.76,6.694235006119951
20230721093007350,6.68,6.76,6.694235006119951
20230721093007380,6.68,6.76,6.694235006119951
20230721093007390,6.68,6.76,6.693676989415915
20230721093007500,6.68,6.76,6.693676989415915
20230721093007620,6.68,6.76,6.693660924040721
20230721093007640,6.68,6.76,6.693660924040721
20230721093007650,6.68,6.76,6.693393474088292
20230721093007690,6.68,6.76,6.693357580398162
20230721093007790,6.68,6.76,6.693357580398162
20230721093007860,6.68,6.76,6.693357580398162
20230721093007870,6.68,6.76,6.693357580398162
20230721093007880,6.68,6.76,6.693357580398162
20230721093007890,6.68,6.76,6.693357580398162
20230721093007900,6.68,6.76,6.693357580398162
20230721093007920,6.68,6.76,6.693357580398162
20230721093007930,6.68,6.76,6.693352468427095
20230721093007940,6.68,6.76,6.693352468427095
20230721093007950,6.68,6.76,6.693352468427095
20230721093007960,6.68,6.76,6.693352468427095
20230721093007990,6.68,6.76,6.693332059610241
20230721093008000,6.68,6.76,6.693332059610241
20230721093008010,6.68,6.76,6.693332059610241
20230721093008050,6.68,6.76,6.693332059610241
20230721093008070,6.68,6.76,6.693332059610241
20230721093008130,6.68,6.76,6.693332059610241
20230721093008190,6.68,6.76,6.693332059610241
20230721093012350,6.68,6.76,6.69089975203684
20230721093012690,6.67,6.76,6.69089975203684
20230721093012810,6.67,6.76,6.69089975203684
20230721093013000,6.67,6.76,6.69089975203684
20230721093013040,6.67,6.76,6.689795221843004
20230721093013080,6.66,6.76,6.689795221843004
20230721093013090,6.66,6.76,6.689795221843004
20230721093013110,6.66,6.76,6.689795221843004
20230721093013130,6.66,6.76,6.689795221843004
20230721093013180,6.66,6.76,6.689795221843004
20230721093013220,6.66,6.76,6.688835341365462
20230721093013240,6.66,6.76,6.688835341365462
20230721093013280,6.66,6.76,6.688835341365462
20230721093013320,6.66,6.76,6.688835341365462
20230721093013430,6.66,6.76,6.688835341365462
20230721093013480,6.66,6.76,6.688835341365462
20230721093013570,6.66,6.76,6.688835341365462
20230721093013580,6.66,6.76,6.688835341365462
20230721093013590,6.66,6.76,6.688835341365462
20230721093013670,6.66,6.76,6.688835341365462
20230721093013720,6.66,6.76,6.688835341365462
20230721093013770,6.66,6.76,6.688835341365462
20230721093013890,6.66,6.76,6.688835341365462
20230721093013910,6.66,6.76,6.688835341365462
20230721093013920,6.66,6.76,6.688835341365462
20230721093013950,6.66,6.76,6.688835341365462
20230721093014140,6.66,6.76,6.688835341365462
20230721093014200,6.66,6.76,6.688835341365462
20230721093014210,6.65,6.76,6.688835341365462
20230721093014230,6.65,6.76,6.688835341365462
20230721093014350,6.65,6.76,6.688835341365462
20230721093014380,6.64,6.76,6.688340510102683
20230721093014420,6.64,6.76,6.688180917794652
20230721093014530,6.64,6.76,6.688180917794652
20230721093016480,6.64,6.76,6.688180917794652
20230721093016500,6.64,6.76,6.688180917794652
20230721093016530,6.64,6.76,6.688180917794652
20230721093016550,6.64,6.76,6.688180917794652
20230721093016930,6.64,6.76,6.688180917794652
20230721093016960,6.63,6.76,6.688180917794652
20230721093017030,6.64,6.76,6.688180917794652
20230721093017050,6.63,6.76,6.688180917794652
20230721093017090,6.62,6.76,6.686346709470305
20230721093017110,6.62,6.76,6.686346709470305
20230721093017120,6.62,6.76,6.686346709470305
20230721093017130,6.62,6.76,6.686346709470305
20230721093017140,6.62,6.76,6.685835459183673
20230721093017170,6.62,6.76,6.6856261919898285
20230721093017230,6.62,6.76,6.6856261919898285
20230721093017290,6.62,6.76,6.6856261919898285
20230721093017320,6.62,6.76,6.6856261919898285
20230721093017350,6.62,6.76,6.6856261919898285
20230721093017410,6.62,6.76,6.6856261919898285
20230721093017420,6.62,6.76,6.6856261919898285
20230721093017440,6.62,6.76,6.685605338417541
20230721093017640,6.62,6.76,6.685605338417541
20230721093017670,6.62,6.76,6.685397529299968
20230721093019170,6.6,6.76,6.685397529299968
20230721093019180,6.6,6.76,6.685397529299968
20230721093019190,6.6,6.76,6.685397529299968
20230721093019200,6.6,6.76,6.685397529299968
20230721093019210,6.62,6.76,6.663597258331364
20230721093019220,6.62,6.76,6.662162412993039
20230721093019250,6.61,6.76,6.662162412993039
20230721093019260,6.61,6.76,6.662162412993039
20230721093019270,6.61,6.76,6.662162412993039
20230721093019300,6.61,6.76,6.662162412993039
20230721093019320,6.61,6.76,6.662162412993039
20230721093019330,6.61,6.76,6.657419631375911
20230721093019350,6.61,6.76,6.657419631375911
20230721093019410,6.61,6.76,6.657419631375911
20230721093019420,6.61,6.76,6.657419631375911
20230721093019440,6.61,6.76,6.657419631375911
20230721093019450,6.61,6.76,6.657419631375911
20230721093019460,6.61,6.76,6.657419631375911
20230721093019490,6.61,6.76,6.657419631375911
20230721093019500,6.61,6.76,6.657419631375911
20230721093019540,6.61,6.76,6.657419631375911
20230721093019580,6.61,6.76,6.657419631375911
20230721093019640,6.61,6.76,6.657419631375911
20230721093019720,6.61,6.76,6.657419631375911
20230721093019770,6.61,6.76,6.657419631375911
20230721093019790,6.61,6.76,6.657419631375911
20230721093019810,6.61,6.76,6.657419631375911
20230721093019870,6.61,6.76,6.657419631375911
20230721093019890,6.61,6.76,6.657419631375911
20230721093019940,6.61,6.76,6.657419631375911
20230721093020060,6.61,6.76,6.657419631375911
20230721093020070,6.61,6.76,6.657419631375911
20230721093020090,6.61,6.76,6.655210861962559
20230721093020100,6.61,6.76,6.655210861962559
20230721093020300,6.61,6.76,6.655210861962559
20230721093020330,6.61,6.76,6.655210861962559
20230721093020370,6.61,6.76,6.655210861962559
20230721093020400,6.61,6.76,6.655210861962559
20230721093021950,6.61,6.76,6.655210861962559
20230721093022020,6.61,6.76,6.655210861962559
20230721093022030,6.61,6.76,6.655210861962559
20230721093022050,6.61,6.76,6.655210861962559
20230721093022070,6.61,6.76,6.6541061733360145
20230721093022080,6.61,6.76,6.653675826363998
20230721093022090,6.61,6.76,6.653675826363998
20230721093022140,6.61,6.76,6.653675826363998
20230721093022230,6.62,6.76,6.652067084216612
20230721093022380,6.62,6.76,6.652067084216612
20230721093022420,6.62,6.76,6.652067084216612
20230721093022460,6.62,6.76,6.652067084216612
20230721093022550,6.6,6.76,6.652067084216612
20230721093022560,6.6,6.76,6.6517083444976075
20230721093022570,6.6,6.76,6.6517083444976075
20230721093022610,6.6,6.76,6.6517083444976075
20230721093022620,6.6,6.76,6.6517083444976075
20230721093022730,6.6,6.76,6.6517083444976075
20230721093022800,6.6,6.76,6.6517083444976075
20230721093023000,6.6,6.76,6.6517083444976075
20230721093023010,6.6,6.76,6.6517083444976075
20230721093023050,6.6,6.76,6.6516127744892115
20230721093024710,6.6,6.76,6.651266067032759
20230721093024810,6.6,6.76,6.651266067032759
20230721093024840,6.6,6.76,6.651266067032759
20230721093024850,6.6,6.76,6.649725394522038
20230721093024990,6.6,6.76,6.649725394522038
20230721093025000,6.6,6.76,6.649725394522038
20230721093025130,6.6,6.76,6.649725394522038
20230721093025230,6.6,6.76,6.649725394522038
20230721093025680,6.6,6.76,6.649725394522038
20230721093025780,6.6,6.76,6.649725394522038
20230721093027550,6.6,6.76,6.649725394522038
20230721093027640,6.6,6.76,6.649725394522038
20230721093027810,6.6,6.76,6.649725394522038
20230721093027830,6.6,6.76,6.649725394522038
20230721093027860,6.6,6.76,6.649725394522038
20230721093027920,6.6,6.76,6.649725394522038
20230721093027970,6.6,6.76,6.649725394522038
20230721093028080,6.62,6.76,6.64873779363146
20230721093028090,6.62,6.76,6.64873779363146
20230721093028120,6.62,6.76,6.64873779363146
20230721093028130,6.62,6.76,6.64873779363146
20230721093028210,6.62,6.76,6.64873779363146
20230721093028240,6.62,6.76,6.64873779363146
20230721093028250,6.62,6.76,6.64873779363146
20230721093028260,6.62,6.76,6.64873779363146
20230721093028270,6.62,6.76,6.64873779363146
20230721093028530,6.62,6.76,6.64873779363146
20230721093030030,6.62,6.76,6.64873779363146
20230721093030070,6.62,6.76,6.64873779363146
20230721093030300,6.62,6.76,6.64873779363146
20230721093030410,6.62,6.76,6.64873779363146
20230721093030730,6.62,6.76,6.64873779363146
20230721093030780,6.62,6.76,6.64873779363146
20230721093030900,6.62,6.76,6.64873779363146
20230721093030950,6.62,6.76,6.64873779363146
20230721093030970,6.62,6.76,6.64873779363146
20230721093031040,6.62,6.76,6.64873779363146
20230721093031050,6.62,6.76,6.64873779363146
20230721093031060,6.62,6.76,6.64873779363146
20230721093031070,6.62,6.76,6.64873779363146
20230721093031080,6.61,6.76,6.647592621848739
20230721093031090,6.61,6.76,6.647592621848739
20230721093031130,6.61,6.76,6.647592621848739
20230721093031220,6.61,6.76,6.647592621848739
20230721093032740,6.61,6.76,6.647592621848739
20230721093032760,6.61,6.76,6.647248309741881
20230721093032810,6.61,6.76,6.647229710386152
20230721093032850,6.61,6.61,6.647229710386152
20230721093032870,6.61,6.61,6.647229710386152
20230721093033080,6.61,6.61,6.646744004580402
20230721093033130,6.61,6.61,6.646606274445893
20230721093033240,6.62,6.61,6.6464281706130395
20230721093033250,6.62,6.61,6.6464281706130395
20230721093033440,6.62,6.61,6.64590125060125
20230721093033480,6.62,6.61,6.645621396754692
20230721093033520,6.62,6.61,6.645621396754692
20230721093033560,6.62,6.61,6.645621396754692
20230721093033600,6.62,6.61,6.645621396754692
20230721093033670,6.63,6.61,6.645621396754692
20230721093033840,6.63,6.61,6.645621396754692
20230721093033860,6.63,6.61,6.645621396754692
20230721093033910,6.63,6.61,6.645621396754692
20230721093033930,6.63,6.61,6.645621396754692
20230721093033940,6.63,6.61,6.645621396754692
20230721093035400,6.63,6.61,6.645621396754692
20230721093035410,6.63,6.61,6.645621396754692
20230721093035450,6.63,6.61,6.645621396754692
20230721093035540,6.63,6.61,6.645621396754692
20230721093035630,6.63,6.61,6.645621396754692
20230721093035670,6.63,6.61,6.645621396754692
20230721093035750,6.63,6.61,6.645621396754692
20230721093035760,6.63,6.61,6.645621396754692
20230721093035780,6.63,6.61,6.645621396754692
20230721093035790,6.63,6.61,6.645621396754692
20230721093035830,6.63,6.61,6.645621396754692
20230721093035860,6.63,6.61,6.645621396754692
20230721093035890,6.63,6.61,6.645621396754692
20230721093036080,6.63,6.61,6.645621396754692
20230721093036140,6.62,6.61,6.645621396754692
20230721093036290,6.62,6.61,6.645621396754692
20230721093036300,6.62,6.61,6.645621396754692
20230721093036440,6.62,6.61,6.645621396754692
20230721093036470,6.62,6.61,6.645621396754692
20230721093038170,6.62,6.61,6.645621396754692
20230721093038240,6.62,6.61,6.645621396754692
20230721093038420,6.62,6.61,6.6446163212037455
20230721093038430,6.62,6.61,6.6446163212037455
20230721093038500,6.62,6.6,6.6446163212037455
20230721093038520,6.62,6.6,6.6446163212037455
20230721093038540,6.62,6.6,6.6446163212037455
20230721093038560,6.62,6.6,6.6446163212037455
20230721093038580,6.62,6.6,6.6446163212037455
20230721093038600,6.62,6.6,6.6446163212037455
20230721093038610,6.62,6.6,6.6446163212037455
20230721093038700,6.62,6.6,6.6446163212037455
20230721093038730,6.62,6.6,6.6446163212037455
20230721093038780,6.62,6.6,6.6446163212037455
20230721093038850,6.62,6.6,6.6446163212037455
20230721093038910,6.62,6.6,6.6446163212037455
20230721093039080,6.62,6.6,6.643493610366398
20230721093039090,6.62,6.61,6.643493610366398
20230721093039130,6.61,6.6,6.6434437983343235
20230721093039190,6.61,6.6,6.6434437983343235
20230721093039200,6.61,6.6,6.6434437983343235
20230721093039340,6.61,6.6,6.6434437983343235
20230721093040780,6.61,6.6,6.6434437983343235
20230721093040790,6.61,6.6,6.643250938932425
20230721093040820,6.61,6.6,6.643250938932425
20230721093040850,6.61,6.61,6.643250938932425
20230721093040870,6.61,6.61,6.643206748375664
20230721093040880,6.61,6.61,6.643206748375664
20230721093040890,6.61,6.6,6.6431920442804415
20230721093040960,6.61,6.6,6.6431920442804415
20230721093040980,6.61,6.6,6.6431920442804415
20230721093041000,6.61,6.6,6.643026303421941
20230721093041010,6.61,6.6,6.643026303421941
20230721093041020,6.61,6.61,6.643026303421941
20230721093041030,6.61,6.61,6.643026303421941
20230721093041040,6.61,6.61,6.642987545841279
20230721093041070,6.61,6.6,6.642939226600263
20230721093041080,6.61,6.6,6.642939226600263
20230721093041140,6.61,6.6,6.642939226600263
20230721093041230,6.61,6.6,6.64285177449978
20230721093041290,6.61,6.61,6.64285177449978
20230721093041310,6.61,6.61,6.64285177449978
20230721093041320,6.61,6.61,6.64285177449978
20230721093041330,6.61,6.61,6.64285177449978
20230721093041350,6.61,6.61,6.64285177449978
20230721093041430,6.61,6.61,6.64285177449978
20230721093041500,6.62,6.6,6.642411388568129
20230721093041510,6.62,6.6,6.642411388568129
20230721093041520,6.62,6.6,6.642269422081656
20230721093041620,6.62,6.6,6.641677315980967
20230721093041660,6.62,6.6,6.641677315980967
20230721093041690,6.61,6.6,6.641677315980967
20230721093041700,6.61,6.6,6.641677315980967
20230721093041830,6.61,6.6,6.641677315980967
20230721093041840,6.62,6.6,6.64140048550423
20230721093041870,6.62,6.6,6.64140048550423
20230721093041880,6.62,6.6,6.64140048550423
20230721093041970,6.62,6.6,6.64140048550423
20230721093041990,6.62,6.61,6.64140048550423
20230721093042030,6.62,6.61,6.64140048550423
20230721093043600,6.62,6.61,6.64140048550423
20230721093043640,6.62,6.61,6.64140048550423
20230721093043740,6.62,6.61,6.64140048550423
20230721093043800,6.62,6.61,6.641158486679483
20230721093044020,6.62,6.61,6.641158486679483
20230721093044030,6.62,6.61,6.641158486679483
20230721093044080,6.62,6.61,6.641145655456416
20230721093044160,6.61,6.61,6.6410816575342455
20230721093044170,6.61,6.61,6.6410816575342455
20230721093044230,6.61,6.61,6.6410816575342455
20230721093044310,6.62,6.6,6.640457851129225
20230721093044360,6.61,6.6,6.640457851129225
20230721093044380,6.61,6.6,6.640457851129225
20230721093044490,6.61,6.6,6.6400561914809435
20230721093044610,6.61,6.6,6.6400561914809435
20230721093044680,6.61,6.6,6.6400561914809435
20230721093044710,6.61,6.6,6.6400561914809435
20230721093046230,6.61,6.6,6.6400561914809435
20230721093046250,6.61,6.6,6.639718812010443
20230721093046280,6.61,6.6,6.639602873862158
20230721093046290,6.61,6.6,6.639602873862158
20230721093046300,6.61,6.6,6.639411640826872
20230721093046310,6.61,6.6,6.639411640826872
20230721093046370,6.61,6.6,6.639411640826872
20230721093046410,6.61,6.6,6.639392653324725
20230721093046420,6.61,6.6,6.639392653324725
20230721093046430,6.61,6.6,6.639392653324725
20230721093046450,6.61,6.6,6.639392653324725
20230721093046490,6.61,6.6,6.639392653324725
20230721093046500,6.61,6.6,6.639392653324725
20230721093046520,6.61,6.6,6.639392653324725
20230721093046600,6.61,6.6,6.639392653324725
20230721093046640,6.61,6.6,6.639392653324725
20230721093046670,6.61,6.6,6.639392653324725
20230721093046720,6.61,6.6,6.639392653324725
20230721093047060,6.62,6.6,6.639392653324725
20230721093047090,6.62,6.6,6.638589430689958
20230721093047350,6.62,6.6,6.638589430689958
20230721093047360,6.62,6.6,6.638589430689958
20230721093047370,6.62,6.6,6.638589430689958
20230721093047400,6.62,6.6,6.638578655778894
20230721093048960,6.62,6.6,6.6384145734300715
20230721093048990,6.62,6.6,6.638313097168516
20230721093049000,6.62,6.6,6.638302506234413
20230721093049110,6.62,6.6,6.638127149938041
20230721093049150,6.62,6.6,6.63812018087215
20230721093049200,6.62,6.6,6.63812018087215
20230721093049440,6.62,6.6,6.63812018087215
20230721093049540,6.62,6.6,6.63812018087215
20230721093049620,6.62,6.6,6.63812018087215
20230721093049650,6.62,6.6,6.63812018087215
20230721093049730,6.62,6.6,6.63812018087215
20230721093049880,6.62,6.6,6.63812018087215
20230721093049960,6.62,6.6,6.63812018087215
20230721093049990,6.61,6.6,6.63812018087215
20230721093051610,6.61,6.6,6.63812018087215
20230721093051640,6.61,6.6,6.63812018087215
20230721093051810,6.61,6.6,6.63791310930576
20230721093051840,6.62,6.6,6.63791310930576
20230721093051850,6.62,6.6,6.63791310930576
20230721093051980,6.62,6.6,6.63791310930576
20230721093052040,6.61,6.6,6.63791310930576
20230721093052080,6.62,6.6,6.63791310930576
20230721093052090,6.62,6.6,6.63791310930576
20230721093052160,6.62,6.6,6.63791310930576
20230721093052220,6.62,6.6,6.63791310930576
20230721093052400,6.62,6.6,6.63791310930576
20230721093052750,6.62,6.6,6.637020655304848
20230721093052810,6.62,6.6,6.637020655304848
20230721093054310,6.62,6.6,6.637020655304848
20230721093054360,6.62,6.6,6.637020655304848
20230721093054380,6.62,6.6,6.637020655304848
20230721093054410,6.62,6.6,6.637020655304848
20230721093054510,6.62,6.6,6.637020655304848
20230721093054620,6.62,6.6,6.637020655304848
20230721093054640,6.62,6.6,6.637020655304848
20230721093054670,6.62,6.6,6.637020655304848
20230721093054800,6.62,6.6,6.637020655304848
20230721093054870,6.62,6.6,6.637020655304848
20230721093055070,6.61,6.6,6.637020655304848
20230721093055130,6.61,6.6,6.637020655304848
20230721093055160,6.61,6.6,6.637020655304848
20230721093055190,6.61,6.6,6.637020655304848
20230721093055200,6.61,6.6,6.637020655304848
20230721093055240,6.61,6.6,6.637020655304848
20230721093055540,6.61,6.6,6.637020655304848
20230721093056990,6.61,6.6,6.637020655304848
20230721093057040,6.61,6.6,6.637020655304848
20230721093057150,6.61,6.6,6.637020655304848
20230721093057220,6.61,6.6,6.637020655304848
20230721093057260,6.6,6.6,6.637020655304848
20230721093057320,6.6,6.6,6.637020655304848
20230721093057330,6.6,6.6,6.637020655304848
20230721093057360,6.6,6.6,6.637020655304848
20230721093057620,6.6,6.6,6.637020655304848
20230721093057640,6.6,6.6,6.637020655304848
20230721093057890,6.6,6.6,6.637020655304848
20230721093057990,6.6,6.6,6.637020655304848
20230721093058180,6.6,6.6,6.637020655304848
20230721093058210,6.6,6.6,6.637020655304848
20230721093058230,6.61,6.6,6.637020655304848
20230721093059780,6.6,6.6,6.637020655304848
20230721093059840,6.6,6.6,6.637020655304848
20230721093059900,6.6,6.6,6.637020655304848
20230721093059960,6.61,6.6,6.634044798676227
20230721093059980,6.61,6.6,6.633596353146091
20230721093100000,6.61,6.6,6.633596353146091
20230721093100130,6.6,6.6,6.633385558199913
20230721093100150,6.61,6.6,6.632862964540517
20230721093100160,6.62,6.6,6.632428298339078
20230721093100180,6.62,6.6,6.632428298339078
20230721093100220,6.6,6.6,6.632183671147879
20230721093100230,6.6,6.6,6.632180343294385
20230721093100240,6.6,6.6,6.632180343294385
20230721093100260,6.6,6.6,6.6321504235537185
20230721093100310,6.6,6.6,6.6321504235537185
20230721093100330,6.6,6.6,6.632021411667867
20230721093100360,6.6,6.6,6.632021411667867
20230721093100380,6.6,6.6,6.632021411667867
20230721093100440,6.6,6.6,6.632021411667867
20230721093100480,6.6,6.6,6.632021411667867
20230721093100520,6.6,6.6,6.632021411667867
20230721093100560,6.6,6.6,6.632021411667867
20230721093100600,6.6,6.6,6.632021411667867
20230721093100760,6.6,6.6,6.631972066981713
20230721093102370,6.6,6.61,6.631972066981713
20230721093102410,6.6,6.61,6.63196100790311
20230721093102490,6.6,6.6,6.6318466510108225
20230721093102500,6.6,6.61,6.6318466510108225
20230721093102570,6.6,6.61,6.6318466510108225
20230721093102640,6.6,6.61,6.6318466510108225
20230721093102690,6.6,6.61,6.6318466510108225
20230721093102830,6.6,6.61,6.6318466510108225
20230721093102860,6.6,6.61,6.6318466510108225
20230721093102880,6.6,6.61,6.6318466510108225
20230721093103070,6.6,6.61,6.631705731124885
20230721093103080,6.6,6.61,6.631704541759804
20230721093103090,6.6,6.61,6.631704541759804
20230721093103110,6.6,6.61,6.631660525248428
20230721093103130,6.6,6.61,6.631660525248428
20230721093103140,6.6,6.61,6.631660525248428
20230721093103160,6.6,6.61,6.631660525248428
20230721093103170,6.6,6.61,6.631660525248428
20230721093103190,6.6,6.61,6.631660525248428
20230721093103200,6.6,6.61,6.6312152249478595
20230721093103240,6.6,6.61,6.6312152249478595
20230721093103250,6.6,6.6,6.630858910262669
20230721093103280,6.6,6.6,6.630858910262669
20230721093103330,6.6,6.6,6.630858910262669
20230721093103340,6.6,6.6,6.630858910262669
20230721093103350,6.6,6.61,6.630858910262669
20230721093103370,6.6,6.61,6.630858910262669
20230721093103400,6.6,6.61,6.630858910262669
20230721093103410,6.6,6.61,6.630858910262669
20230721093103530,6.6,6.61,6.630858910262669
20230721093105100,6.6,6.61,6.630858910262669
20230721093105130,6.6,6.61,6.630858910262669
20230721093105200,6.6,6.61,6.630858910262669
20230721093105210,6.62,6.59,6.629184628828994
20230721093105220,6.62,6.59,6.629184628828994
20230721093105240,6.62,6.59,6.629184628828994
20230721093105270,6.61,6.59,6.629184628828994
20230721093105280,6.61,6.59,6.629184628828994
20230721093105290,6.61,6.6,6.629184628828994
20230721093105320,6.61,6.6,6.629184628828994
20230721093105350,6.61,6.6,6.629184628828994
20230721093105450,6.61,6.6,6.629184628828994
20230721093105500,6.61,6.6,6.629184628828994
20230721093105510,6.61,6.6,6.627475625812039
20230721093105580,6.61,6.6,6.627475625812039
20230721093105670,6.61,6.6,6.627475625812039
20230721093105760,6.61,6.6,6.627475625812039
20230721093105780,6.61,6.6,6.627475625812039
20230721093105820,6.61,6.6,6.627475625812039
20230721093105910,6.61,6.6,6.627475625812039
20230721093105980,6.61,6.6,6.6274665483507915
20230721093106040,6.61,6.6,6.6274665483507915
20230721093106100,6.61,6.6,6.627458991000346
20230721093106120,6.61,6.6,6.627455969890984
20230721093106200,6.61,6.6,6.62745445972835
20230721093106220,6.61,6.6,6.627434851365364
20230721093106240,6.61,6.6,6.627434851365364
20230721093107790,6.61,6.6,6.627434851365364
20230721093107880,6.61,6.6,6.627434851365364
20230721093107950,6.61,6.6,6.627434851365364
20230721093107980,6.61,6.6,6.62742431125313
20230721093108020,6.61,6.6,6.62742431125313
20230721093108180,6.61,6.6,6.627421302132803
20230721093108290,6.61,6.6,6.627406272107669
20230721093108320,6.61,6.6,6.627401768155942
20230721093108330,6.61,6.6,6.627401768155942
20230721093108420,6.61,6.6,6.627383775633293
20230721093108480,6.61,6.6,6.627383775633293
20230721093108500,6.61,6.6,6.627383775633293
20230721093108520,6.61,6.6,6.627383775633293
20230721093108560,6.61,6.6,6.627332998281786
20230721093108570,6.61,6.6,6.627332998281786
20230721093108650,6.61,6.6,6.627332998281786
20230721093108770,6.61,6.6,6.627332998281786
20230721093108890,6.61,6.6,6.627332998281786
20230721093108970,6.61,6.6,6.627300163034151
20230721093110640,6.61,6.6,6.627300163034151
20230721093110690,6.61,6.6,6.627300163034151
20230721093110710,6.61,6.6,6.627300163034151
20230721093110760,6.61,6.6,6.627300163034151
20230721093110850,6.61,6.6,6.627300163034151
20230721093110980,6.61,6.6,6.627300163034151
20230721093111000,6.61,6.6,6.627300163034151
20230721093111010,6.61,6.6,6.627300163034151
20230721093111240,6.61,6.6,6.627300163034151
20230721093111360,6.61,6.6,6.627300163034151
20230721093111480,6.61,6.6,6.627300163034151
20230721093111500,6.61,6.6,6.627186608132298
20230721093111510,6.61,6.6,6.627186608132298
20230721093111540,6.61,6.6,6.627186608132298
20230721093111630,6.61,6.6,6.627186608132298
20230721093111640,6.61,6.6,6.627186608132298
20230721093111650,6.61,6.6,6.627186608132298
20230721093111740,6.61,6.6,6.627186608132298
20230721093113170,6.61,6.6,6.627125295166906
20230721093113190,6.61,6.6,6.626992507374631
20230721093113200,6.62,6.6,6.6268345490881835
20230721093113210,6.62,6.61,6.6268345490881835
20230721093113220,6.62,6.61,6.6268345490881835
20230721093113240,6.62,6.61,6.6268345490881835
20230721093113340,6.62,6.61,6.6268345490881835
20230721093113390,6.62,6.61,6.6268345490881835
20230721093113430,6.62,6.61,6.6268345490881835
20230721093113440,6.62,6.61,6.6268345490881835
20230721093113720,6.62,6.61,6.6268345490881835
20230721093113740,6.63,6.61,6.6268345490881835
20230721093113770,6.63,6.62,6.6268345490881835
20230721093113830,6.63,6.62,6.6268345490881835
20230721093113840,6.63,6.62,6.6268345490881835
20230721093113880,6.63,6.62,6.6268345490881835
20230721093113940,6.63,6.62,6.626611043093032
20230721093113960,6.63,6.62,6.626611043093032
20230721093113990,6.63,6.62,6.626611043093032
20230721093114090,6.63,6.62,6.626611043093032
20230721093114100,6.63,6.62,6.626611043093032
20230721093114110,6.63,6.62,6.626611043093032
20230721093114120,6.63,6.62,6.626611043093032
20230721093114130,6.63,6.62,6.626611043093032
20230721093114140,6.63,6.62,6.626611043093032
20230721093114150,6.63,6.62,6.626611043093032
20230721093114170,6.63,6.62,6.626611043093032
20230721093114190,6.63,6.62,6.626611043093032
20230721093114200,6.63,6.62,6.626611043093032
20230721093114280,6.63,6.62,6.626611043093032
20230721093114290,6.63,6.62,6.626611043093032
20230721093114310,6.63,6.62,6.626611043093032
20230721093114380,6.63,6.62,6.626611043093032
20230721093115960,6.63,6.62,6.626611043093032
20230721093115970,6.63,6.62,6.626611043093032
20230721093115980,6.63,6.62,6.626611043093032
20230721093115990,6.63,6.62,6.626611043093032
20230721093116000,6.63,6.62,6.62660061728395
20230721093116040,6.63,6.62,6.62660061728395
20230721093116050,6.63,6.62,6.62660061728395
20230721093116060,6.63,6.62,6.62660061728395
20230721093116080,6.63,6.62,6.62660061728395
20230721093116090,6.63,6.62,6.62660061728395
20230721093116100,6.63,6.62,6.626601707004327
20230721093116120,6.63,6.62,6.626602251602564
20230721093116150,6.63,6.62,6.626602251602564
20230721093116160,6.63,6.62,6.626602251602564
20230721093116170,6.63,6.62,6.626602251602564
20230721093116210,6.63,6.62,6.626602251602564
20230721093116230,6.63,6.62,6.626602251602564
20230721093116260,6.63,6.62,6.626602251602564
20230721093116370,6.63,6.62,6.6266025238362305
20230721093116490,6.63,6.62,6.6266025238362305
20230721093116500,6.63,6.62,6.6266025238362305
20230721093116510,6.63,6.62,6.6266025238362305
20230721093116520,6.63,6.62,6.6266025238362305
20230721093116530,6.63,6.62,6.6266025238362305
20230721093116570,6.63,6.62,6.6266025238362305
20230721093116600,6.63,6.62,6.6266025238362305
20230721093116690,6.63,6.62,6.6266025238362305
20230721093116720,6.63,6.62,6.6266025238362305
20230721093116780,6.63,6.62,6.6266025238362305
20230721093117130,6.63,6.62,6.6266025238362305
20230721093118580,6.63,6.62,6.6266025238362305
20230721093118600,6.63,6.62,6.6266025238362305
20230721093118620,6.63,6.62,6.6266025238362305
20230721093118660,6.63,6.62,6.6266025238362305
20230721093118700,6.63,6.62,6.6266025238362305
20230721093118710,6.63,6.63,6.6266025238362305
20230721093118780,6.63,6.63,6.6266025238362305
20230721093118870,6.63,6.63,6.6266025238362305
20230721093119010,6.63,6.63,6.6266025238362305
20230721093119050,6.63,6.63,6.6266025238362305
20230721093119060,6.63,6.63,6.6266025238362305
20230721093119080,6.63,6.63,6.6266025238362305
20230721093119090,6.63,6.64,6.6266025238362305
20230721093119110,6.63,6.64,6.6266025238362305
20230721093119120,6.63,6.64,6.6266025238362305
20230721093119150,6.63,6.64,6.6266025238362305
20230721093119160,6.63,6.64,6.6266025238362305
20230721093119210,6.63,6.64,6.6266025238362305
20230721093119320,6.63,6.64,6.6266025238362305
20230721093119390,6.63,6.64,6.6266025238362305
20230721093119420,6.63,6.64,6.6266025238362305
20230721093119610,6.63,6.64,6.6266025238362305
20230721093119660,6.63,6.64,6.6266025238362305
20230721093119680,6.63,6.64,6.6266025238362305
20230721093119750,6.63,6.64,6.6266025238362305
20230721093119810,6.63,6.64,6.6266025238362305
20230721093119830,6.63,6.64,6.6266025238362305
20230721093121270,6.63,6.64,6.6266025238362305
20230721093121410,6.63,6.64,6.6266025238362305
20230721093121420,6.63,6.64,6.6266025238362305
20230721093121430,6.63,6.64,6.6266025238362305
20230721093121440,6.63,6.64,6.6266025238362305
20230721093121730,6.63,6.64,6.6266025238362305
20230721093121870,6.63,6.64,6.6266025238362305
20230721093122070,6.63,6.64,6.6266025238362305
20230721093122080,6.63,6.64,6.6266025238362305
20230721093122130,6.63,6.64,6.6266025238362305
20230721093122190,6.63,6.64,6.6266025238362305
20230721093122220,6.63,6.64,6.6266025238362305
20230721093122240,6.63,6.64,6.6266025238362305
20230721093122250,6.63,6.64,6.6266461372705505
20230721093122260,6.63,6.64,6.6266461372705505
20230721093122270,6.63,6.64,6.6266461372705505
20230721093122300,6.63,6.64,6.6266461372705505
20230721093122330,6.63,6.64,6.6266461372705505
20230721093122350,6.63,6.64,6.6266461372705505
20230721093122370,6.63,6.64,6.6266461372705505
20230721093122420,6.63,6.64,6.6266461372705505
20230721093122510,6.63,6.64,6.6266461372705505
20230721093124340,6.63,6.64,6.6266461372705505
20230721093124530,6.63,6.64,6.6266461372705505
20230721093124550,6.63,6.64,6.6266461372705505
20230721093124600,6.63,6.64,6.6266461372705505
20230721093124620,6.63,6.64,6.6266461372705505
20230721093124630,6.63,6.64,6.6266461372705505
20230721093124700,6.63,6.64,6.6266461372705505
20230721093124710,6.63,6.64,6.62666423165777
20230721093124720,6.63,6.64,6.626666621557076
20230721093124730,6.63,6.64,6.626666621557076
20230721093124780,6.63,6.64,6.626666621557076
20230721093124810,6.63,6.64,6.626719481446242
20230721093124820,6.63,6.64,6.626719481446242
20230721093125100,6.63,6.64,6.626719481446242
20230721093125130,6.63,6.64,6.626719481446242
20230721093126910,6.63,6.64,6.626719481446242
20230721093126950,6.63,6.64,6.626719481446242
20230721093127100,6.63,6.64,6.626719481446242
20230721093127140,6.63,6.64,6.626719481446242
20230721093127220,6.63,6.63,6.6267437509837865
20230721093127230,6.63,6.63,6.6267437509837865
20230721093127250,6.63,6.63,6.6267437509837865
20230721093127270,6.63,6.63,6.6267437509837865
20230721093127280,6.63,6.63,6.6267437509837865
20230721093127420,6.63,6.63,6.6267437509837865
20230721093127450,6.63,6.64,6.6267437509837865
20230721093127500,6.63,6.64,6.6267437509837865
20230721093127510,6.63,6.63,6.626746880163663
20230721093127560,6.63,6.63,6.626746880163663
20230721093127570,6.63,6.63,6.626746880163663
20230721093127640,6.63,6.63,6.627035122747047
20230721093127650,6.63,6.64,6.627035122747047
20230721093127660,6.63,6.64,6.627035122747047
20230721093127780,6.63,6.64,6.627035122747047
20230721093127820,6.63,6.64,6.627035122747047
20230721093129400,6.63,6.64,6.627035122747047
20230721093129510,6.63,6.64,6.627035122747047
20230721093129520,6.63,6.64,6.627035122747047
20230721093129570,6.63,6.64,6.627035122747047
20230721093129580,6.63,6.64,6.627035122747047
20230721093129600,6.63,6.64,6.627035122747047
20230721093129620,6.63,6.64,6.627035122747047
20230721093129680,6.63,6.64,6.627035122747047
20230721093129820,6.63,6.64,6.627035122747047
20230721093129840,6.63,6.64,6.627035122747047
20230721093129950,6.63,6.64,6.627035122747047
20230721093129970,6.63,6.64,6.627035122747047
20230721093130020,6.63,6.64,6.627035122747047
20230721093130030,6.63,6.64,6.627242723149073
20230721093130270,6.63,6.64,6.627242723149073
20230721093130280,6.63,6.64,6.627242723149073
20230721093130300,6.63,6.64,6.627242723149073
20230721093130320,6.63,6.64,6.627242723149073
20230721093130370,6.63,6.64,6.627250987170623
20230721093130380,6.63,6.64,6.627250987170623
20230721093130390,6.63,6.64,6.627250987170623
20230721093130480,6.63,6.64,6.627250987170623
20230721093130490,6.63,6.64,6.627250987170623
20230721093130570,6.63,6.64,6.627250987170623
20230721093132080,6.63,6.64,6.627250987170623
20230721093132110,6.63,6.64,6.627250987170623
20230721093132210,6.63,6.64,6.627250987170623
20230721093132250,6.63,6.64,6.627250987170623
20230721093132260,6.63,6.64,6.627250987170623
20230721093132300,6.63,6.64,6.627250987170623
20230721093132310,6.63,6.64,6.627250987170623
20230721093132430,6.63,6.63,6.627309032209054
20230721093132480,6.63,6.63,6.627309032209054
20230721093132500,6.63,6.63,6.627309032209054
20230721093132510,6.63,6.63,6.627309032209054
20230721093132610,6.64,6.63,6.627786510199605
20230721093132620,6.64,6.63,6.627786510199605
20230721093132640,6.64,6.64,6.627786510199605
20230721093132670,6.64,6.64,6.627786510199605
20230721093132680,6.64,6.63,6.628047832036876
20230721093132930,6.64,6.63,6.628047832036876
20230721093132940,6.64,6.63,6.628047832036876
20230721093133020,6.64,6.63,6.628047832036876
20230721093133050,6.64,6.63,6.628047832036876
20230721093133160,6.64,6.63,6.628047832036876
20230721093133310,6.64,6.63,6.628047832036876
20230721093134820,6.64,6.63,6.628047832036876
20230721093134960,6.64,6.63,6.628047832036876
20230721093135050,6.64,6.63,6.628047832036876
20230721093135140,6.64,6.63,6.628058153425446
20230721093135210,6.64,6.63,6.628058153425446
20230721093135220,6.64,6.63,6.628101821180182
20230721093135240,6.64,6.63,6.6281366957392045
20230721093135330,6.64,6.63,6.6281366957392045
20230721093135430,6.64,6.63,6.6281366957392045
20230721093135460,6.64,6.63,6.6281366957392045
20230721093135470,6.64,6.63,6.6281366957392045
20230721093135640,6.64,6.63,6.6281366957392045
20230721093135780,6.64,6.63,6.6281366957392045
20230721093135920,6.64,6.63,6.6281366957392045
20230721093135980,6.64,6.63,6.6281366957392045
20230721093137510,6.64,6.63,6.6281366957392045
20230721093137520,6.64,6.63,6.6281366957392045
20230721093137530,6.64,6.63,6.6281366957392045
20230721093137570,6.64,6.63,6.6281366957392045
20230721093137610,6.64,6.63,6.6281366957392045
20230721093137680,6.64,6.63,6.6281366957392045
20230721093137780,6.64,6.63,6.6281366957392045
20230721093137790,6.64,6.63,6.6281366957392045
20230721093137980,6.64,6.63,6.6281366957392045
20230721093138000,6.64,6.64,6.6281366957392045
20230721093138050,6.64,6.64,6.6281366957392045
20230721093138060,6.64,6.63,6.6281366957392045
20230721093138180,6.64,6.63,6.6281366957392045
20230721093138310,6.64,6.63,6.6281366957392045
20230721093138390,6.64,6.63,6.628173686074514
20230721093138590,6.64,6.63,6.628173686074514
20230721093138600,6.64,6.63,6.628173686074514
20230721093138620,6.64,6.63,6.628173686074514
20230721093138630,6.64,6.63,6.628173686074514
20230721093138670,6.64,6.63,6.628173686074514
20230721093138700,6.64,6.63,6.628173686074514
20230721093138730,6.64,6.63,6.628173686074514
20230721093140190,6.64,6.63,6.628173686074514
20230721093140240,6.64,6.63,6.628173686074514
20230721093140410,6.64,6.63,6.628173686074514
20230721093140440,6.64,6.64,6.628173686074514
20230721093140460,6.64,6.64,6.628173686074514
20230721093140560,6.64,6.64,6.628173686074514
20230721093140570,6.64,6.64,6.628173686074514
20230721093140630,6.64,6.64,6.628173686074514
20230721093140650,6.64,6.64,6.628173686074514
20230721093140750,6.64,6.64,6.628173686074514
20230721093140820,6.64,6.64,6.628173686074514
20230721093140940,6.64,6.64,6.628173686074514
20230721093140950,6.64,6.64,6.628173686074514
20230721093140960,6.64,6.64,6.628173686074514
20230721093141060,6.64,6.64,6.628173686074514
20230721093141070,6.64,6.64,6.628173686074514
20230721093141140,6.64,6.64,6.628173686074514
20230721093141160,6.64,6.64,6.628173686074514
20230721093141170,6.64,6.64,6.628173686074514
20230721093141180,6.64,6.64,6.628173686074514
20230721093141240,6.64,6.64,6.628173686074514
20230721093141280,6.64,6.64,6.628173686074514
20230721093141360,6.64,6.64,6.628173686074514
20230721093141410,6.64,6.64,6.628173686074514
20230721093142880,6.64,6.64,6.628320208888265
20230721093143030,6.64,6.64,6.628320208888265
20230721093143240,6.64,6.64,6.628320208888265
20230721093143350,6.64,6.64,6.628320208888265
20230721093143420,6.64,6.64,6.628320208888265
20230721093143560,6.64,6.64,6.628320208888265
20230721093143580,6.64,6.64,6.628320208888265
20230721093143590,6.64,6.64,6.628320208888265
20230721093143600,6.64,6.64,6.628320208888265
20230721093143980,6.64,6.64,6.628320208888265
20230721093144070,6.65,6.64,6.62833970886696
20230721093145760,6.65,6.64,6.62833970886696
20230721093145770,6.65,6.64,6.62833970886696
20230721093145800,6.65,6.64,6.62833970886696
20230721093145810,6.65,6.64,6.62833970886696
20230721093145820,6.65,6.64,6.62833970886696
20230721093145830,6.65,6.64,6.62833970886696
20230721093145900,6.65,6.64,6.62833970886696
20230721093145910,6.65,6.64,6.62833970886696
20230721093145980,6.65,6.64,6.62833970886696
20230721093145990,6.65,6.64,6.62833970886696
20230721093146000,6.65,6.64,6.62833970886696
20230721093146090,6.65,6.64,6.62833970886696
20230721093146110,6.65,6.64,6.62833970886696
20230721093146120,6.65,6.64,6.62833970886696
20230721093146230,6.65,6.64,6.62833970886696
20230721093146380,6.65,6.64,6.62833970886696
20230721093146520,6.65,6.64,6.62833970886696
20230721093146530,6.65,6.64,6.62833970886696
20230721093146550,6.65,6.64,6.62833970886696
20230721093146690,6.65,6.64,6.62833970886696
20230721093146800,6.65,6.64,6.62833970886696
20230721093148330,6.65,6.63,6.62833970886696
20230721093148650,6.65,6.63,6.62833970886696
20230721093148680,6.65,6.63,6.62833970886696
20230721093148880,6.65,6.63,6.62833970886696
20230721093148940,6.65,6.63,6.62833970886696
20230721093149050,6.65,6.63,6.62833970886696
20230721093149060,6.65,6.63,6.628556545479679
20230721093149100,6.65,6.63,6.628556545479679
20230721093149220,6.65,6.63,6.628556545479679
20230721093149370,6.65,6.63,6.62856247236042
20230721093149420,6.65,6.63,6.62856247236042
20230721093151030,6.65,6.63,6.62856247236042
20230721093151080,6.65,6.63,6.62856247236042
20230721093151090,6.65,6.63,6.62856247236042
20230721093151150,6.65,6.63,6.62856247236042
20230721093151370,6.65,6.64,6.628624026688677
20230721093151430,6.65,6.63,6.628624026688677
20230721093151530,6.65,6.63,6.628638720098983
20230721093151640,6.65,6.63,6.628638720098983
20230721093151680,6.65,6.63,6.628638720098983
20230721093151730,6.65,6.63,6.628638720098983
20230721093151870,6.65,6.63,6.628638720098983
20230721093151890,6.65,6.63,6.628638720098983
20230721093151900,6.65,6.64,6.628638720098983
20230721093151950,6.65,6.64,6.628638720098983
20230721093151970,6.65,6.64,6.628638720098983
20230721093152070,6.65,6.63,6.628951610962567
20230721093152080,6.64,6.63,6.629075750165234
20230721093152100,6.64,6.63,6.629075750165234
20230721093152120,6.64,6.63,6.629075750165234
20230721093152140,6.64,6.63,6.629075750165234
20230721093152160,6.64,6.63,6.629075750165234
20230721093152230,6.64,6.63,6.629147478660538
20230721093153890,6.64,6.63,6.629147478660538
20230721093154110,6.64,6.63,6.629148903623949
20230721093154120,6.64,6.63,6.629156022831649
20230721093154240,6.64,6.63,6.629162422136253
20230721093154270,6.64,6.63,6.62923302065012
20230721093154340,6.64,6.63,6.62923302065012
20230721093154360,6.64,6.63,6.62923302065012
20230721093154710,6.64,6.63,6.62923302065012
20230721093154790,6.64,6.63,6.62923302065012
20230721093156390,6.64,6.63,6.62923302065012
20230721093156450,6.64,6.63,6.62925402119498
20230721093156460,6.64,6.63,6.629255418318923
20230721093156470,6.64,6.63,6.629255418318923
20230721093156560,6.64,6.63,6.629255418318923
20230721093156710,6.64,6.63,6.629255418318923
20230721093156760,6.64,6.63,6.629307549488938
20230721093157070,6.64,6.63,6.629326193090087
20230721093157180,6.64,6.63,6.629326193090087
20230721093157200,6.64,6.63,6.629326193090087
20230721093157300,6.64,6.63,6.629326193090087
20230721093157390,6.64,6.63,6.629326193090087
20230721093157550,6.64,6.63,6.629326193090087
20230721093157560,6.64,6.63,6.6294326513650015
20230721093157580,6.64,6.63,6.6294326513650015
20230721093159240,6.64,6.64,6.629478765683714
20230721093159310,6.64,6.64,6.629478765683714
20230721093159320,6.64,6.64,6.629478765683714
20230721093159430,6.64,6.64,6.629478765683714
20230721093159440,6.64,6.64,6.629478765683714
20230721093159540,6.64,6.64,6.629478765683714
20230721093159600,6.64,6.64,6.629478765683714
20230721093159610,6.64,6.64,6.629478765683714
20230721093159770,6.64,6.64,6.629519483568075
20230721093159830,6.64,6.64,6.629519483568075
20230721093159840,6.64,6.64,6.629529873176918
20230721093159980,6.64,6.64,6.629529873176918
20230721093200010,6.65,6.64,6.629709999999999
20230721093200190,6.65,6.64,6.629711293363499
20230721093201840,6.65,6.64,6.629711293363499
20230721093201920,6.65,6.64,6.629711293363499
20230721093201950,6.65,6.64,6.629711293363499
20230721093201970,6.65,6.64,6.629711293363499
20230721093202050,6.65,6.64,6.629711293363499
20230721093202150,6.65,6.64,6.629711293363499
20230721093202380,6.65,6.64,6.629711293363499
20230721093202420,6.65,6.64,6.629711293363499
20230721093202460,6.65,6.64,6.629711293363499
20230721093202470,6.64,6.64,6.629758264514514
20230721093202480,6.64,6.64,6.629804826555396
20230721093202550,6.64,6.64,6.629804826555396
20230721093202600,6.64,6.63,6.629826368777577
20230721093202620,6.64,6.63,6.629826368777577
20230721093202700,6.64,6.63,6.629831424312068
20230721093202770,6.64,6.63,6.629831424312068
20230721093202780,6.64,6.63,6.629831424312068
20230721093202790,6.64,6.63,6.629831424312068
20230721093202880,6.64,6.63,6.6298320559006205
20230721093204510,6.64,6.63,6.6298320559006205
20230721093204520,6.64,6.63,6.6298320559006205
20230721093204730,6.64,6.63,6.6298320559006205
20230721093204740,6.64,6.63,6.6298320559006205
20230721093204840,6.64,6.63,6.6298320559006205
20230721093204880,6.64,6.63,6.6298320559006205
20230721093204920,6.64,6.63,6.6298320559006205
20230721093204950,6.64,6.63,6.6298320559006205
20230721093204980,6.64,6.63,6.6298320559006205
20230721093205000,6.64,6.63,6.6298320559006205
20230721093205040,6.64,6.63,6.629894820987654
20230721093205070,6.64,6.63,6.629899808736426
20230721093205110,6.64,6.63,6.629899808736426
20230721093205280,6.65,6.63,6.629922116095637
20230721093205310,6.65,6.64,6.629922116095637
20230721093205320,6.65,6.64,6.629922116095637
20230721093205360,6.65,6.64,6.629922116095637
20230721093205390,6.65,6.64,6.629959164718907
20230721093205400,6.65,6.64,6.629959164718907
20230721093205440,6.65,6.64,6.629959164718907
20230721093205480,6.65,6.64,6.629959164718907
20230721093205710,6.65,6.64,6.629959164718907
20230721093207190,6.65,6.64,6.629959164718907
20230721093207260,6.65,6.64,6.629959164718907
20230721093207280,6.65,6.64,6.629959164718907
20230721093207310,6.65,6.64,6.629959164718907
20230721093207340,6.65,6.64,6.629959164718907
20230721093207420,6.65,6.64,6.629959164718907
20230721093207450,6.65,6.64,6.629959164718907
20230721093207500,6.65,6.64,6.629959164718907
20230721093207680,6.65,6.64,6.629986863600073
20230721093207700,6.65,6.64,6.629986863600073
20230721093207790,6.65,6.64,6.629986863600073
20230721093207850,6.65,6.64,6.629986863600073
20230721093207910,6.65,6.64,6.629986863600073
20230721093207990,6.65,6.64,6.629986863600073
20230721093208010,6.65,6.64,6.629986863600073
20230721093208210,6.65,6.64,6.629986863600073
20230721093208240,6.65,6.64,6.629986863600073
20230721093208260,6.65,6.64,6.629986863600073
20230721093208340,6.65,6.64,6.629986863600073
20230721093208400,6.65,6.64,6.629986863600073
20230721093209940,6.65,6.64,6.629986863600073
20230721093210070,6.65,6.64,6.630019960825121
20230721093210080,6.65,6.63,6.630055266849649
20230721093210100,6.65,6.64,6.630055266849649
20230721093210130,6.65,6.64,6.630055266849649
20230721093210150,6.65,6.64,6.630055266849649
20230721093210190,6.65,6.64,6.630055266849649
20230721093210360,6.65,6.64,6.630055266849649
20230721093210390,6.65,6.64,6.630055266849649
20230721093210450,6.65,6.64,6.630055266849649
20230721093210530,6.65,6.64,6.630055266849649
20230721093210570,6.65,6.64,6.630055266849649
20230721093210580,6.65,6.64,6.630055266849649
20230721093210680,6.65,6.64,6.630055266849649
20230721093210750,6.65,6.64,6.630055266849649
20230721093210770,6.65,6.64,6.630055266849649
20230721093210780,6.65,6.64,6.630055266849649
20230721093210810,6.65,6.64,6.630055266849649
20230721093210840,6.65,6.64,6.630055266849649
20230721093210970,6.65,6.64,6.630055266849649
20230721093211010,6.65,6.64,6.630055266849649
20230721093211040,6.65,6.64,6.630055266849649
20230721093211060,6.65,6.64,6.630055266849649
20230721093211080,6.65,6.64,6.630055266849649
20230721093212590,6.65,6.64,6.630055266849649
20230721093212600,6.65,6.64,6.630087914158915
20230721093212640,6.65,6.64,6.630087914158915
20230721093212670,6.65,6.64,6.630087914158915
20230721093212790,6.65,6.64,6.630087914158915
20230721093212820,6.65,6.64,6.630117952603188
20230721093212920,6.65,6.64,6.630117952603188
20230721093212940,6.65,6.64,6.630117952603188
20230721093213090,6.65,6.64,6.630117952603188
20230721093213140,6.65,6.64,6.630117952603188
20230721093213200,6.65,6.64,6.630117952603188
20230721093213210,6.65,6.64,6.630117952603188
20230721093213350,6.65,6.64,6.630117952603188
20230721093213490,6.65,6.64,6.630142024335613
20230721093213530,6.65,6.64,6.630142024335613
20230721093213740,6.65,6.64,6.630142024335613
20230721093213780,6.65,6.64,6.630142024335613
20230721093213790,6.65,6.64,6.630142024335613
20230721093215470,6.65,6.64,6.630151636715677
20230721093215710,6.65,6.64,6.630151636715677
20230721093215870,6.65,6.64,6.630312844473543
20230721093215910,6.65,6.64,6.630312844473543
20230721093215980,6.65,6.64,6.630312844473543
20230721093216050,6.65,6.64,6.630312844473543
20230721093216320,6.65,6.64,6.630312844473543
20230721093216530,6.65,6.64,6.630312844473543
20230721093218250,6.65,6.64,6.630312844473543
20230721093218260,6.65,6.64,6.630312844473543
20230721093218490,6.64,6.64,6.630312844473543
20230721093218640,6.64,6.64,6.630312844473543
20230721093219130,6.64,6.64,6.630312844473543
20230721093220690,6.64,6.64,6.630312844473543
20230721093220760,6.65,6.64,6.630312844473543
20230721093220790,6.65,6.64,6.630312844473543
20230721093221020,6.65,6.64,6.630438078730904
20230721093221270,6.65,6.64,6.630438078730904
20230721093221280,6.65,6.64,6.630438640502907
20230721093221310,6.65,6.64,6.630477801181908
20230721093221320,6.65,6.64,6.630480029248318
20230721093221470,6.65,6.64,6.630480029248318
20230721093221510,6.65,6.64,6.630480586102012
20230721093221570,6.65,6.64,6.630480586102012
20230721093221790,6.64,6.64,6.630480586102012
20230721093221840,6.64,6.64,6.630480586102012
20230721093221860,6.65,6.64,6.630485594855305
20230721093221890,6.65,6.64,6.630485594855305
20230721093223370,6.65,6.64,6.630485594855305
20230721093224120,6.65,6.64,6.630485594855305
20230721093224130,6.65,6.64,6.630485594855305
20230721093224290,6.65,6.64,6.630485594855305
20230721093224300,6.65,6.64,6.630485594855305
20230721093224590,6.65,6.64,6.630485594855305
20230721093224610,6.65,6.64,6.630485594855305
20230721093226090,6.65,6.64,6.630485594855305
20230721093226110,6.65,6.64,6.630541994537107
20230721093226120,6.65,6.64,6.630541994537107
20230721093226180,6.65,6.64,6.630541994537107
20230721093226230,6.65,6.64,6.630541994537107
20230721093226400,6.65,6.64,6.630541994537107
20230721093226570,6.65,6.64,6.630541994537107
20230721093226660,6.65,6.64,6.630541994537107
20230721093226750,6.65,6.64,6.630665908048613
20230721093226820,6.65,6.64,6.630665908048613
20230721093226840,6.65,6.64,6.630665183530893
20230721093226940,6.65,6.64,6.630665183530893
20230721093227030,6.65,6.64,6.630794773955075
20230721093227050,6.65,6.64,6.630794773955075
20230721093227090,6.65,6.64,6.630794773955075
20230721093228790,6.65,6.64,6.630794773955075
20230721093228970,6.65,6.64,6.630794773955075
20230721093229250,6.64,6.64,6.630857681012086
20230721093229560,6.64,6.64,6.630857681012086
20230721093229580,6.64,6.64,6.630859229770173
20230721093229600,6.64,6.64,6.630860261984077
20230721093229800,6.64,6.64,6.630860261984077
20230721093229860,6.64,6.64,6.630861293964884
20230721093229950,6.64,6.64,6.630861293964884
20230721093229980,6.64,6.64,6.630861293964884
20230721093229990,6.64,6.64,6.630875717265091
20230721093230020,6.64,6.64,6.630875717265091
20230721093230030,6.65,6.64,6.6308762315409755
20230721093231560,6.65,6.64,6.6308762315409755
20230721093231570,6.65,6.64,6.6308762315409755
20230721093231640,6.65,6.64,6.6308762315409755
20230721093231720,6.65,6.64,6.6308762315409755
20230721093231730,6.65,6.64,6.6308762315409755
20230721093231790,6.65,6.64,6.6308902955249085
20230721093232020,6.65,6.64,6.6308902955249085
20230721093232040,6.65,6.64,6.6308902955249085
20230721093232050,6.65,6.64,6.6308902955249085
20230721093232060,6.65,6.64,6.630905088843904
20230721093232190,6.65,6.64,6.630905088843904
20230721093232260,6.65,6.64,6.630905088843904
20230721093232280,6.65,6.64,6.630905088843904
20230721093232340,6.65,6.64,6.630905088843904
20230721093232390,6.65,6.64,6.630905088843904
20230721093232410,6.65,6.64,6.630905088843904
20230721093234200,6.65,6.64,6.630905088843904
20230721093234240,6.65,6.64,6.630905088843904
20230721093234260,6.64,6.64,6.630905088843904
20230721093234270,6.64,6.64,6.630905088843904
20230721093234280,6.64,6.64,6.630905088843904
20230721093234450,6.64,6.64,6.630905088843904
20230721093234530,6.64,6.64,6.630905088843904
20230721093234660,6.64,6.64,6.630905088843904
20230721093235050,6.64,6.64,6.630905088843904
20230721093235110,6.64,6.64,6.630905088843904
20230721093235150,6.64,6.64,6.630905088843904
20230721093235160,6.64,6.64,6.630905088843904
20230721093235170,6.64,6.64,6.630905088843904
20230721093235220,6.65,6.64,6.631013229247694
20230721093236890,6.65,6.64,6.631013229247694
20230721093237050,6.65,6.64,6.631014284126896
20230721093237070,6.65,6.64,6.631019556765163
20230721093237080,6.65,6.64,6.631027986897624
20230721093237100,6.65,6.64,6.631030093260796
20230721093237110,6.65,6.64,6.631030093260796
20230721093237140,6.65,6.64,6.631030093260796
20230721093237150,6.65,6.64,6.631030093260796
20230721093237160,6.65,6.64,6.631030093260796
20230721093237190,6.65,6.64,6.631030093260796
20230721093237210,6.65,6.64,6.631030093260796
20230721093237260,6.65,6.64,6.631030093260796
20230721093237900,6.65,6.64,6.631030093260796
20230721093237930,6.65,6.64,6.631030093260796
20230721093238040,6.65,6.64,6.631030093260796
20230721093238110,6.65,6.64,6.631030093260796
20230721093239670,6.65,6.64,6.631030093260796
20230721093239730,6.65,6.64,6.631030093260796
20230721093239820,6.65,6.64,6.631055798105158
20230721093239990,6.65,6.64,6.631055798105158
20230721093240070,6.65,6.64,6.631067336655592
20230721093240080,6.65,6.64,6.631094949216163
20230721093240090,6.65,6.64,6.631094949216163
20230721093240120,6.65,6.64,6.631097036096699
20230721093240130,6.65,6.64,6.631097036096699
20230721093240360,6.65,6.64,6.631097036096699
20230721093240460,6.65,6.64,6.631097036096699
20230721093240480,6.65,6.64,6.631097036096699
20230721093240520,6.65,6.64,6.631100474482758
20230721093240530,6.65,6.64,6.631100474482758
20230721093240540,6.65,6.64,6.631100474482758
20230721093240590,6.65,6.64,6.631100474482758
20230721093240620,6.65,6.63,6.631100474482758
20230721093240830,6.65,6.63,6.631100474482758
20230721093242470,6.65,6.64,6.631126181698123
20230721093242520,6.65,6.64,6.631126181698123
20230721093242750,6.65,6.64,6.6311282585969735
20230721093242820,6.65,6.64,6.6311282585969735
20230721093242830,6.65,6.64,6.631139673375124
20230721093243030,6.65,6.64,6.631139673375124
20230721093243130,6.65,6.64,6.631139673375124
20230721093243150,6.65,6.64,6.631139673375124
20230721093243260,6.65,6.64,6.631139673375124
20230721093243280,6.65,6.64,6.631163304414671
20230721093245260,6.65,6.64,6.631163304414671
20230721093245400,6.65,6.64,6.631163304414671
20230721093245510,6.65,6.64,6.631163304414671
20230721093245740,6.65,6.64,6.631163304414671
20230721093245750,6.65,6.64,6.631163304414671
20230721093245810,6.65,6.64,6.631163304414671
20230721093246000,6.65,6.63,6.6312090710023535
20230721093246070,6.65,6.63,6.6312090710023535
20230721093246080,6.65,6.63,6.6312090710023535
20230721093246100,6.65,6.63,6.6312090710023535
20230721093246130,6.65,6.63,6.6312090710023535
20230721093246210,6.65,6.63,6.6312090710023535
20230721093247730,6.65,6.64,6.6312090710023535
20230721093247860,6.65,6.64,6.6312090710023535
20230721093248020,6.65,6.64,6.6312090710023535
20230721093248030,6.65,6.64,6.6312090710023535
20230721093248110,6.65,6.64,6.6312090710023535
20230721093248230,6.65,6.64,6.6312090710023535
20230721093248710,6.65,6.64,6.6312090710023535
20230721093248820,6.65,6.64,6.6312090710023535
20230721093248840,6.66,6.64,6.6312090710023535
20230721093248870,6.66,6.64,6.631458931651574
20230721093248930,6.66,6.64,6.631458931651574
20230721093250430,6.66,6.64,6.631458931651574
20230721093250450,6.66,6.64,6.631458931651574
20230721093250490,6.66,6.64,6.631458931651574
20230721093250770,6.66,6.64,6.631458931651574
20230721093250950,6.66,6.64,6.631458931651574
20230721093250960,6.66,6.64,6.631458931651574
20230721093251070,6.66,6.64,6.631458931651574
20230721093251140,6.66,6.64,6.631458931651574
20230721093251150,6.66,6.64,6.631458931651574
20230721093251180,6.66,6.64,6.631458931651574
20230721093251200,6.66,6.64,6.631520980823978
20230721093251210,6.66,6.64,6.6315473145917
20230721093251230,6.65,6.64,6.6315473145917
20230721093251260,6.65,6.64,6.6315473145917
20230721093251360,6.65,6.64,6.6315473145917
20230721093251410,6.65,6.64,6.631548672234715
20230721093251420,6.65,6.64,6.631548672234715
20230721093251440,6.65,6.64,6.631548672234715
20230721093251560,6.65,6.64,6.631548672234715
20230721093253140,6.65,6.64,6.631548672234715
20230721093253150,6.65,6.64,6.631548672234715
20230721093253210,6.65,6.63,6.631548672234715
20230721093253350,6.65,6.63,6.631548672234715
20230721093253580,6.65,6.64,6.631548672234715
20230721093253590,6.65,6.64,6.631548672234715
20230721093253950,6.65,6.64,6.631548672234715
20230721093254060,6.65,6.64,6.631548672234715
20230721093254090,6.65,6.64,6.631548672234715
20230721093254320,6.65,6.64,6.631548672234715
20230721093255820,6.65,6.63,6.631548672234715
20230721093255930,6.65,6.63,6.631548672234715
20230721093255950,6.65,6.63,6.631548672234715
20230721093256060,6.65,6.64,6.631548672234715
20230721093256260,6.65,6.64,6.631548672234715
20230721093256310,6.65,6.64,6.631548672234715
20230721093256370,6.65,6.64,6.631548672234715
20230721093256450,6.65,6.64,6.631548672234715
20230721093256470,6.65,6.64,6.631548672234715
20230721093256510,6.65,6.64,6.631548672234715
20230721093256760,6.65,6.64,6.631548672234715
20230721093256820,6.65,6.64,6.631548672234715
20230721093256860,6.65,6.64,6.631548672234715
20230721093258510,6.65,6.64,6.63164263553579
20230721093258540,6.65,6.64,6.63164263553579
20230721093258640,6.65,6.64,6.63164263553579
20230721093258790,6.65,6.64,6.631647057889723
20230721093258870,6.65,6.64,6.631647057889723
20230721093258900,6.65,6.64,6.631647057889723
20230721093258940,6.65,6.64,6.631647057889723
20230721093258960,6.65,6.64,6.631647057889723
20230721093259080,6.65,6.64,6.631647057889723
20230721093259230,6.65,6.64,6.631647057889723
20230721093259310,6.65,6.64,6.631647057889723
20230721093259330,6.65,6.64,6.631647057889723
20230721093259470,6.65,6.64,6.631647057889723
20230721093259490,6.65,6.64,6.631647057889723
20230721093259580,6.65,6.64,6.631647057889723
20230721093259600,6.65,6.64,6.631647057889723
20230721093301170,6.65,6.64,6.631647057889723
20230721093301340,6.65,6.64,6.631655268862687
20230721093301350,6.64,6.64,6.631655268862687
20230721093301450,6.64,6.64,6.631655268862687
20230721093301660,6.64,6.64,6.631655268862687
20230721093301710,6.64,6.64,6.631655268862687
20230721093301780,6.64,6.64,6.631655268862687
20230721093302000,6.64,6.64,6.631667604667124
20230721093302010,6.64,6.64,6.6316698036524855
20230721093302110,6.64,6.64,6.6316698036524855
20230721093302160,6.64,6.64,6.631671122486674
20230721093302180,6.64,6.64,6.631671562005277
20230721093302200,6.65,6.64,6.631678587999578
20230721093302210,6.65,6.64,6.631678587999578
20230721093302230,6.65,6.64,6.631678587999578
20230721093302340,6.65,6.64,6.631678587999578
20230721093302400,6.65,6.64,6.631678587999578
20230721093304080,6.65,6.64,6.631678587999578
20230721093304090,6.65,6.64,6.631678587999578
20230721093304100,6.65,6.64,6.631678587999578
20230721093304210,6.65,6.64,6.631678587999578
20230721093304230,6.65,6.64,6.631678587999578
20230721093304300,6.65,6.64,6.631678587999578
20230721093304350,6.65,6.64,6.631678587999578
20230721093304450,6.65,6.64,6.631678587999578
20230721093304510,6.65,6.64,6.631678587999578
20230721093304560,6.65,6.64,6.631678587999578
20230721093304730,6.65,6.64,6.6317476482296245
20230721093304840,6.65,6.64,6.6317476482296245
20230721093305030,6.65,6.64,6.6317476482296245
20230721093305070,6.65,6.64,6.6317476482296245
20230721093306600,6.65,6.64,6.6317476482296245
20230721093306710,6.64,6.64,6.6317476482296245
20230721093306720,6.64,6.64,6.6317476482296245
20230721093306730,6.64,6.64,6.6317476482296245
20230721093306740,6.65,6.64,6.63175369517429
20230721093306770,6.65,6.64,6.63175369517429
20230721093306880,6.65,6.64,6.63175369517429
20230721093307050,6.65,6.64,6.63175369517429
20230721093307110,6.65,6.64,6.63175369517429
20230721093307230,6.65,6.64,6.63175369517429
20230721093307290,6.65,6.64,6.63175369517429
20230721093307310,6.65,6.64,6.63175369517429
20230721093307380,6.65,6.64,6.63175369517429
20230721093307540,6.65,6.64,6.63175369517429
20230721093307630,6.65,6.64,6.63175369517429
20230721093307790,6.65,6.64,6.63175369517429
20230721093309260,6.64,6.63,6.631800473588342
20230721093309270,6.64,6.63,6.631800473588342
20230721093309330,6.65,6.63,6.631800900291424
20230721093309420,6.64,6.63,6.631800900291424
20230721093309550,6.64,6.63,6.631800900291424
20230721093309560,6.64,6.63,6.631800900291424
20230721093309790,6.64,6.63,6.631804312317936
20230721093309860,6.64,6.63,6.631806443392792
20230721093310090,6.64,6.63,6.631806443392792
20230721093310110,6.64,6.63,6.631805504444098
20230721093310160,6.64,6.63,6.631808059236165
20230721093310310,6.65,6.63,6.631876252261566
20230721093310320,6.65,6.63,6.631876252261566
20230721093310340,6.65,6.64,6.631876252261566
20230721093310370,6.65,6.64,6.631876252261566
20230721093310390,6.65,6.64,6.631876252261566
20230721093310520,6.65,6.63,6.631874346928239
20230721093312090,6.65,6.64,6.631874346928239
20230721093312220,6.65,6.63,6.631880634511219
20230721093312380,6.65,6.63,6.631880634511219
20230721093312460,6.65,6.63,6.631880634511219
20230721093312730,6.65,6.63,6.631880634511219
20230721093312940,6.65,6.63,6.631880634511219
20230721093313080,6.64,6.63,6.63188314682069
20230721093313090,6.64,6.63,6.63188314682069
20230721093314700,6.64,6.63,6.63188314682069
20230721093314840,6.64,6.64,6.63188314682069
20230721093314890,6.64,6.64,6.63188314682069
20230721093314970,6.64,6.64,6.63188314682069
20230721093315120,6.64,6.64,6.63188314682069
20230721093315130,6.64,6.64,6.63188314682069
20230721093315300,6.64,6.64,6.63188314682069
20230721093315380,6.64,6.64,6.63188314682069
20230721093315390,6.64,6.63,6.63188314682069
20230721093315400,6.64,6.64,6.63188314682069
20230721093315600,6.64,6.64,6.63188314682069
20230721093315740,6.64,6.64,6.63188314682069
20230721093315820,6.64,6.63,6.63188314682069
20230721093315840,6.64,6.64,6.63188314682069
20230721093315910,6.64,6.64,6.63188314682069
20230721093317540,6.64,6.64,6.63188314682069
20230721093317600,6.64,6.64,6.63188314682069
20230721093317680,6.64,6.63,6.63188314682069
20230721093317780,6.64,6.63,6.63188314682069
20230721093318090,6.64,6.63,6.63188314682069
20230721093318120,6.64,6.63,6.63194713356217
20230721093318170,6.64,6.63,6.63194713356217
20230721093318290,6.64,6.63,6.63194713356217
20230721093318310,6.64,6.64,6.63194713356217
20230721093318550,6.65,6.64,6.63194713356217
20230721093320160,6.65,6.63,6.63194713356217
20230721093320240,6.65,6.63,6.63194713356217
20230721093320370,6.65,6.63,6.63194713356217
20230721093320520,6.65,6.63,6.63194713356217
20230721093320790,6.65,6.63,6.63194713356217
20230721093320840,6.65,6.63,6.63194713356217
20230721093320880,6.65,6.63,6.63194713356217
20230721093321000,6.65,6.63,6.63194713356217
20230721093321020,6.65,6.63,6.63194713356217
20230721093321050,6.65,6.63,6.63194713356217
20230721093321060,6.65,6.63,6.63194713356217
20230721093322850,6.65,6.63,6.63194713356217
20230721093322860,6.65,6.63,6.63194713356217
20230721093322880,6.65,6.63,6.63194713356217
20230721093323370,6.65,6.63,6.63194713356217
20230721093323470,6.65,6.63,6.63194713356217
20230721093323550,6.65,6.63,6.63194713356217
20230721093323640,6.65,6.63,6.63194713356217
20230721093323740,6.65,6.63,6.63194713356217
20230721093323780,6.65,6.63,6.63194713356217
20230721093323970,6.65,6.63,6.632013361327532
20230721093325510,6.65,6.63,6.632013361327532
20230721093325550,6.65,6.63,6.632013361327532
20230721093325560,6.65,6.63,6.632013361327532
20230721093325610,6.64,6.63,6.632013361327532
20230721093325650,6.64,6.63,6.632013361327532
20230721093325950,6.64,6.63,6.632013361327532
20230721093326040,6.64,6.63,6.632013361327532
20230721093326050,6.64,6.63,6.632013361327532
20230721093326060,6.64,6.63,6.632013361327532
20230721093326090,6.64,6.63,6.632013361327532
20230721093326120,6.64,6.63,6.632013361327532
20230721093326140,6.64,6.63,6.632013361327532
20230721093326180,6.64,6.63,6.632013361327532
20230721093326260,6.64,6.63,6.632013361327532
20230721093326330,6.64,6.63,6.632013361327532
20230721093326390,6.64,6.63,6.632013361327532
20230721093326580,6.64,6.63,6.632021834917761
20230721093326590,6.64,6.63,6.632021834917761
20230721093328190,6.64,6.63,6.632021299784038
20230721093328280,6.64,6.63,6.632021299784038
20230721093328540,6.64,6.63,6.632021299784038
20230721093328630,6.64,6.63,6.632021299784038
20230721093328870,6.64,6.63,6.632021299784038
20230721093328980,6.64,6.63,6.632021299784038
20230721093329300,6.64,6.63,6.632021299784038
20230721093329370,6.64,6.63,6.632021299784038
20230721093330890,6.64,6.63,6.632021299784038
20230721093330950,6.64,6.63,6.632021299784038
20230721093331080,6.64,6.63,6.632021299784038
20230721093331090,6.64,6.63,6.632021299784038
20230721093331100,6.64,6.63,6.632028506196999
20230721093331130,6.64,6.63,6.6320289061716
20230721093331220,6.64,6.64,6.632038892508143
20230721093331230,6.64,6.64,6.632038892508143
20230721093331240,6.64,6.64,6.632038892508143
20230721093331250,6.64,6.64,6.632038892508143
20230721093331260,6.64,6.64,6.632038892508143
20230721093331270,6.64,6.64,6.632038892508143
20230721093331510,6.64,6.64,6.6320392914411705
20230721093331620,6.64,6.64,6.6320392914411705
20230721093331650,6.64,6.64,6.6320392914411705
20230721093331680,6.64,6.64,6.632051240868607
20230721093331710,6.64,6.64,6.632051240868607
20230721093331830,6.64,6.64,6.632051240868607
20230721093332090,6.64,6.64,6.632051240868607
20230721093333760,6.64,6.64,6.632051240868607
20230721093333900,6.65,6.64,6.632051240868607
20230721093334060,6.65,6.64,6.632051240868607
20230721093334170,6.65,6.64,6.632051240868607
20230721093334450,6.65,6.64,6.632051240868607
20230721093334730,6.65,6.64,6.632051240868607
20230721093336390,6.65,6.64,6.632051240868607
20230721093336600,6.65,6.64,6.632051240868607
20230721093336630,6.64,6.64,6.632051240868607
20230721093336870,6.64,6.64,6.632051240868607
20230721093337080,6.64,6.64,6.632051240868607
20230721093337110,6.64,6.64,6.632051240868607
20230721093337200,6.64,6.64,6.632051240868607
20230721093337260,6.64,6.64,6.632051240868607
20230721093337270,6.64,6.64,6.6322110266718965
20230721093337320,6.64,6.64,6.6322110266718965
20230721093337380,6.64,6.64,6.6322110266718965
20230721093337450,6.64,6.64,6.632221323997453
20230721093339190,6.64,6.64,6.632221323997453
20230721093339200,6.64,6.64,6.632225130915676
20230721093339410,6.64,6.64,6.632225130915676
20230721093339420,6.64,6.64,6.632225130915676
20230721093339530,6.64,6.64,6.632225130915676
20230721093339620,6.64,6.64,6.632225130915676
20230721093339750,6.64,6.64,6.632226272264631
20230721093339790,6.64,6.64,6.632225292247493
20230721093339860,6.64,6.64,6.632225292247493
20230721093339890,6.64,6.64,6.632225292247493
20230721093340020,6.64,6.64,6.632225292247493
20230721093341690,6.64,6.64,6.632225292247493
20230721093341810,6.64,6.64,6.632225292247493
20230721093341900,6.64,6.64,6.632229093131263
20230721093342140,6.64,6.64,6.632229093131263
20230721093342230,6.64,6.63,6.632232510750586
20230721093342330,6.64,6.63,6.632232510750586
20230721093342550,6.64,6.63,6.632228590243902
20230721093342600,6.64,6.63,6.632228590243902
20230721093342620,6.64,6.63,6.632228590243902
20230721093342700,6.64,6.63,6.632228590243902
20230721093342710,6.64,6.63,6.632228590243902
20230721093344370,6.64,6.63,6.632228590243902
20230721093344480,6.64,6.63,6.632228590243902
20230721093344570,6.64,6.63,6.632228590243902
20230721093344700,6.64,6.63,6.632228590243902
20230721093344790,6.64,6.63,6.632229727356972
20230721093344820,6.64,6.63,6.632229727356972
20230721093344840,6.64,6.63,6.632229727356972
20230721093344890,6.64,6.63,6.632230106320717
20230721093345110,6.64,6.63,6.632232379327157
20230721093345140,6.64,6.63,6.632232379327157
20230721093345210,6.64,6.63,6.632232379327157
20230721093345220,6.64,6.63,6.632232379327157
20230721093345460,6.64,6.63,6.632199140249759
20230721093345490,6.63,6.62,6.632103077488401
20230721093345500,6.63,6.62,6.632102980892889
20230721093345520,6.63,6.62,6.632102980892889
20230721093345550,6.63,6.62,6.632102980892889
20230721093345570,6.63,6.62,6.632102980892889
20230721093347120,6.63,6.62,6.632102980892889
20230721093347200,6.63,6.62,6.632102980892889
20230721093347260,6.63,6.62,6.632102980892889
20230721093347280,6.65,6.62,6.6321981007543105
20230721093347310,6.64,6.62,6.6321981007543105
20230721093347370,6.64,6.63,6.6321981007543105
20230721093347400,6.63,6.62,6.632197607397765
20230721093347410,6.64,6.63,6.63219746443477
20230721093347420,6.64,6.63,6.63219746443477
20230721093347430,6.64,6.63,6.63219781457548
20230721093347440,6.64,6.63,6.63219781457548
20230721093347450,6.64,6.63,6.63219781457548
20230721093347460,6.64,6.63,6.63219781457548
20230721093347470,6.64,6.63,6.63219781457548
20230721093347550,6.64,6.63,6.63219781457548
20230721093347560,6.64,6.63,6.63219781457548
20230721093347580,6.64,6.63,6.63219781457548
20230721093347600,6.64,6.63,6.63219781457548
20230721093347810,6.64,6.63,6.63219781457548
20230721093347830,6.64,6.63,6.63219781457548
20230721093347890,6.64,6.63,6.63219781457548
20230721093347900,6.64,6.63,6.63219781457548
20230721093348000,6.64,6.63,6.63219781457548
20230721093348100,6.64,6.63,6.63219781457548
20230721093348240,6.64,6.63,6.63219781457548
20230721093349800,6.64,6.63,6.63219781457548
20230721093350340,6.64,6.63,6.63219781457548
20230721093350480,6.64,6.63,6.63219781457548
20230721093350570,6.64,6.63,6.63219781457548
20230721093350770,6.64,6.63,6.63219781457548
20230721093352590,6.64,6.63,6.63219781457548
20230721093352790,6.64,6.63,6.632212492161605
20230721093352940,6.64,6.63,6.632212492161605
20230721093353060,6.64,6.63,6.632212492161605
20230721093353090,6.64,6.63,6.632212492161605
20230721093353250,6.64,6.63,6.6322159786891115
20230721093353330,6.64,6.63,6.6322159786891115
20230721093353340,6.64,6.63,6.6322159786891115
20230721093353500,6.64,6.63,6.6322159786891115
20230721093353570,6.64,6.63,6.6322413360703285
20230721093353600,6.64,6.63,6.6322413360703285
20230721093355310,6.64,6.63,6.6322413360703285
20230721093355470,6.64,6.63,6.6322413360703285
20230721093355570,6.64,6.62,6.6322413360703285
20230721093355640,6.64,6.62,6.6322413360703285
20230721093355670,6.64,6.62,6.6322413360703285
20230721093355730,6.64,6.62,6.632236119257087
20230721093355760,6.63,6.62,6.632232548132375
20230721093355770,6.63,6.62,6.632232548132375
20230721093355790,6.63,6.62,6.63223244909728
20230721093356010,6.63,6.62,6.63223244909728
20230721093356030,6.63,6.62,6.632232350070972
20230721093356050,6.63,6.62,6.632231558176658
20230721093356070,6.64,6.63,6.6322301737126645
20230721093356080,6.64,6.63,6.632230518013028
20230721093356090,6.64,6.63,6.632230518013028
20230721093356100,6.64,6.63,6.632230518013028
20230721093356110,6.64,6.63,6.632230518013028
20230721093356120,6.64,6.63,6.632230518013028
20230721093356160,6.64,6.63,6.632230518013028
20230721093357880,6.64,6.62,6.632228049752125
20230721093357910,6.64,6.62,6.632228049752125
20230721093357950,6.64,6.62,6.632228049752125
20230721093358010,6.64,6.63,6.632228049752125
20230721093358180,6.64,6.63,6.632228049752125
20230721093358510,6.64,6.63,6.632228049752125
20230721093358530,6.64,6.63,6.632228049752125
20230721093358810,6.64,6.63,6.63220549883889
20230721093358830,6.64,6.63,6.63220549883889
20230721093359030,6.64,6.63,6.63220549883889
20230721093359050,6.64,6.63,6.63220549883889
20230721093400800,6.64,6.63,6.632197857392215
20230721093400930,6.64,6.63,6.632197857392215
20230721093401150,6.64,6.63,6.632197857392215
20230721093401280,6.64,6.63,6.632197857392215
20230721093401320,6.64,6.63,6.6322009203925845
20230721093401570,6.64,6.63,6.6322009203925845
20230721093401680,6.64,6.63,6.6322009203925845
20230721093401730,6.64,6.63,6.6322008243915205
20230721093401750,6.64,6.63,6.632203884892086
20230721093403260,6.64,6.63,6.632203884892086
20230721093403520,6.64,6.63,6.632203884892086
20230721093403560,6.64,6.63,6.632203884892086
20230721093403590,6.64,6.63,6.632203884892086
20230721093403710,6.64,6.63,6.632203884892086
20230721093403730,6.64,6.63,6.632203884892086
20230721093403740,6.64,6.63,6.632203884892086
20230721093403800,6.64,6.63,6.632203884892086
20230721093403920,6.64,6.63,6.632203884892086
20230721093404080,6.64,6.63,6.632203884892086
20230721093404120,6.64,6.63,6.632203884892086
20230721093404160,6.64,6.63,6.632203803258691
20230721093404260,6.64,6.63,6.632203803258691
20230721093404300,6.64,6.63,6.632203803258691
20230721093404360,6.64,6.63,6.632203803258691
20230721093404370,6.64,6.63,6.632203803258691
20230721093404430,6.64,6.63,6.632203803258691
20230721093405980,6.64,6.63,6.632203803258691
20230721093406060,6.64,6.63,6.632203803258691
20230721093406180,6.64,6.63,6.632203803258691
20230721093406310,6.64,6.63,6.632203803258691
20230721093406430,6.64,6.63,6.632210590232436
20230721093406500,6.64,6.63,6.632210590232436
20230721093406680,6.64,6.63,6.632226830857441
20230721093406750,6.64,6.63,6.632230205800625
20230721093406790,6.64,6.63,6.632230205800625
20230721093406840,6.64,6.63,6.632230205800625
20230721093406980,6.64,6.63,6.632230205800625
20230721093407200,6.64,6.63,6.632230205800625
20230721093408660,6.64,6.63,6.632230205800625
20230721093408770,6.64,6.63,6.632230205800625
20230721093408810,6.64,6.63,6.632230205800625
20230721093408840,6.64,6.63,6.632229431423611
20230721093408860,6.64,6.63,6.632229431423611
20230721093408920,6.64,6.63,6.632228464208243
20230721093408990,6.64,6.63,6.632216635739869
20230721093409080,6.64,6.63,6.632216635739869
20230721093409190,6.64,6.63,6.632216635739869
20230721093409430,6.64,6.63,6.632216635739869
20230721093409560,6.64,6.63,6.632212816094429
20230721093409570,6.64,6.63,6.632212816094429
20230721093409800,6.64,6.63,6.632212816094429
20230721093411390,6.64,6.63,6.632212816094429
20230721093411580,6.64,6.63,6.632212816094429
20230721093411690,6.64,6.63,6.632212816094429
20230721093411700,6.64,6.63,6.632212816094429
20230721093412250,6.64,6.63,6.632212816094429
20230721093412260,6.64,6.63,6.632212816094429
20230721093412320,6.64,6.63,6.632212816094429
20230721093412400,6.64,6.63,6.632212816094429
20230721093412410,6.64,6.63,6.632212816094429
20230721093412420,6.64,6.63,6.632212816094429
20230721093412520,6.64,6.63,6.632212816094429
20230721093414410,6.64,6.63,6.632212816094429
20230721093414840,6.64,6.63,6.632216839612486
20230721093414860,6.64,6.63,6.632216839612486
20230721093415040,6.64,6.63,6.632216839612486
20230721093415160,6.64,6.63,6.632216648727773
20230721093415280,6.64,6.63,6.632218658804287
20230721093416920,6.64,6.63,6.632218658804287
20230721093417020,6.64,6.63,6.632218658804287
20230721093417110,6.64,6.63,6.632218658804287
20230721093417130,6.64,6.63,6.632211519649905
20230721093417190,6.64,6.63,6.632209339505379
20230721093417200,6.64,6.63,6.632209339505379
20230721093417230,6.64,6.63,6.632209339505379
20230721093417310,6.64,6.63,6.632209339505379
20230721093417420,6.64,6.63,6.632209339505379
20230721093417430,6.64,6.63,6.632209339505379
20230721093417450,6.64,6.63,6.632209339505379
20230721093417470,6.64,6.63,6.632209339505379
20230721093417540,6.64,6.63,6.632209339505379
20230721093417630,6.64,6.63,6.632209339505379
20230721093419470,6.64,6.63,6.632209339505379
20230721093419660,6.64,6.63,6.632209339505379
20230721093419920,6.64,6.63,6.632209339505379
20230721093420100,6.64,6.63,6.632209339505379
20230721093420380,6.64,6.63,6.632209339505379
20230721093420400,6.64,6.63,6.632210535109892
20230721093420410,6.64,6.63,6.632210535109892
20230721093420460,6.64,6.63,6.632210535109892
20230721093420470,6.64,6.63,6.632210156350396
20230721093420610,6.64,6.63,6.6322047730963165
20230721093422380,6.64,6.63,6.6322047730963165
20230721093422600,6.64,6.63,6.6322047730963165
20230721093422630,6.64,6.63,6.632200072488487
20230721093422670,6.64,6.63,6.632200072488487
20230721093422850,6.64,6.63,6.632200072488487
20230721093422900,6.64,6.63,6.632200072488487
20230721093422910,6.64,6.63,6.632200072488487
20230721093423030,6.64,6.63,6.632200072488487
20230721093423040,6.64,6.63,6.632202595244183
20230721093423150,6.64,6.63,6.632202595244183
20230721093423290,6.64,6.63,6.632202595244183
20230721093423300,6.64,6.63,6.632202595244183
20230721093423320,6.64,6.63,6.632202595244183
20230721093424950,6.64,6.63,6.632202595244183
20230721093425130,6.64,6.63,6.632202595244183
20230721093425250,6.64,6.63,6.632202595244183
20230721093425740,6.64,6.63,6.632202595244183
20230721093425760,6.64,6.63,6.632202595244183
20230721093425880,6.64,6.63,6.632202595244183
20230721093426110,6.64,6.63,6.632202595244183
20230721093427660,6.64,6.63,6.632202595244183
20230721093427670,6.64,6.63,6.632188975944435
20230721093427690,6.64,6.63,6.632188975944435
20230721093427830,6.64,6.63,6.632188975944435
20230721093427860,6.64,6.63,6.632188975944435
20230721093427930,6.64,6.63,6.632188975944435
20230721093428110,6.64,6.63,6.632188975944435
20230721093428180,6.64,6.63,6.632188975944435
20230721093428270,6.64,6.63,6.632188975944435
20230721093428310,6.64,6.63,6.632188975944435
20230721093428320,6.64,6.63,6.632188975944435
20230721093428340,6.64,6.63,6.632188616477152
20230721093428350,6.64,6.63,6.632188616477152
20230721093428370,6.64,6.63,6.632186306055232
20230721093428530,6.64,6.63,6.632186306055232
20230721093428600,6.64,6.63,6.632186306055232
20230721093428640,6.64,6.63,6.63218188369153
20230721093430530,6.64,6.63,6.63218188369153
20230721093430570,6.64,6.63,6.63218188369153
20230721093430660,6.64,6.63,6.632181791749189
20230721093430830,6.64,6.63,6.632181791749189
20230721093430920,6.64,6.63,6.632181791749189
20230721093430960,6.64,6.63,6.632181699814596
20230721093431120,6.64,6.63,6.632181699814596
20230721093431170,6.64,6.63,6.632181699814596
20230721093431360,6.64,6.63,6.632181699814596
20230721093431460,6.64,6.63,6.632181699814596
20230721093431470,6.64,6.63,6.632181699814596
20230721093431500,6.64,6.63,6.632181699814596
20230721093433270,6.63,6.63,6.632181699814596
20230721093433350,6.63,6.63,6.632181699814596
20230721093433390,6.63,6.63,6.632181699814596
20230721093433530,6.63,6.63,6.632181699814596
20230721093433780,6.63,6.63,6.632181699814596
20230721093433790,6.63,6.63,6.632181699814596
20230721093433810,6.63,6.63,6.632181699814596
20230721093433920,6.63,6.63,6.632181699814596
20230721093434000,6.63,6.63,6.632181699814596
20230721093434130,6.63,6.63,6.632181699814596
20230721093434210,6.63,6.63,6.632181699814596
20230721093435710,6.63,6.63,6.632181699814596
20230721093435750,6.63,6.63,6.632181699814596
20230721093436020,6.63,6.63,6.632181699814596
20230721093436040,6.63,6.63,6.632181699814596
20230721093436250,6.63,6.63,6.632181699814596
20230721093436280,6.63,6.63,6.632181699814596
20230721093436310,6.63,6.63,6.632181699814596
20230721093436570,6.63,6.63,6.632181699814596
20230721093436580,6.63,6.63,6.632181699814596
20230721093436640,6.63,6.63,6.632181699814596
20230721093436700,6.63,6.63,6.632181699814596
20230721093438360,6.63,6.63,6.632181699814596
20230721093438560,6.63,6.63,6.632181699814596
20230721093438610,6.63,6.63,6.632181699814596
20230721093438870,6.63,6.63,6.632181699814596
20230721093438880,6.63,6.63,6.632181699814596
20230721093441130,6.63,6.63,6.632181699814596
20230721093441250,6.63,6.63,6.632181699814596
20230721093441300,6.63,6.63,6.632181699814596
20230721093441580,6.63,6.63,6.632181699814596
20230721093441590,6.63,6.63,6.632181699814596
20230721093441640,6.63,6.63,6.632181699814596
20230721093441920,6.63,6.63,6.632181699814596
20230721093441930,6.64,6.63,6.632181699814596
20230721093441960,6.64,6.63,6.632181699814596
20230721093442140,6.64,6.63,6.632181699814596
20230721093442180,6.63,6.63,6.632181699814596
20230721093442220,6.63,6.63,6.632181699814596
20230721093442280,6.63,6.63,6.632181699814596
20230721093443780,6.63,6.63,6.632181699814596
20230721093443920,6.63,6.63,6.632181699814596
20230721093444000,6.64,6.63,6.632181699814596
20230721093444230,6.64,6.63,6.632181699814596
20230721093444320,6.64,6.63,6.632181699814596
20230721093444360,6.64,6.63,6.632181699814596
20230721093444600,6.64,6.63,6.632145319024553
20230721093444720,6.64,6.63,6.632145319024553
20230721093444880,6.64,6.62,6.632136703525975
20230721093445010,6.64,6.62,6.632136703525975
20230721093446460,6.64,6.62,6.632136703525975
20230721093446500,6.63,6.62,6.632136703525975
20230721093446590,6.63,6.62,6.6321356907414355
20230721093446650,6.63,6.62,6.6321356907414355
20230721093446700,6.63,6.62,6.6321356907414355
20230721093446720,6.63,6.62,6.6321356907414355
20230721093446810,6.63,6.62,6.6321356907414355
20230721093446870,6.63,6.62,6.6321356907414355
20230721093446960,6.63,6.62,6.6321356907414355
20230721093446990,6.63,6.62,6.6321356907414355
20230721093447430,6.63,6.62,6.6321356907414355
20230721093447480,6.63,6.62,6.6321356907414355
20230721093447610,6.63,6.62,6.6321356907414355
20230721093449270,6.63,6.62,6.6321356907414355
20230721093449330,6.63,6.62,6.6321356907414355
20230721093449380,6.63,6.62,6.6321356907414355
20230721093449390,6.63,6.62,6.6321356907414355
20230721093449520,6.63,6.62,6.6321356907414355
20230721093449760,6.63,6.62,6.6321356907414355
20230721093449840,6.63,6.62,6.6321356907414355
20230721093449870,6.63,6.62,6.6321356907414355
20230721093450020,6.63,6.62,6.6321356907414355
20230721093450070,6.63,6.62,6.6321356907414355
20230721093450080,6.63,6.62,6.6321356907414355
20230721093450370,6.63,6.62,6.6321356907414355
20230721093450400,6.63,6.62,6.6321356907414355
20230721093451880,6.63,6.62,6.6321356907414355
20230721093451930,6.63,6.62,6.632133109684947
20230721093452000,6.63,6.62,6.632132576451962
20230721093452080,6.63,6.62,6.6321315995502435
20230721093452090,6.63,6.62,6.6321315995502435
20230721093452420,6.63,6.62,6.632131510785375
20230721093452460,6.63,6.62,6.632131510785375
20230721093452630,6.63,6.62,6.632131510785375
20230721093452790,6.63,6.62,6.632131510785375
20230721093452850,6.63,6.62,6.6321313332778145
20230721093453060,6.63,6.62,6.6321313332778145
20230721093455080,6.63,6.62,6.6321313332778145
20230721093455110,6.63,6.62,6.632130889638233
20230721093455140,6.63,6.62,6.632130889638233
20230721093455160,6.63,6.62,6.632130889638233
20230721093455180,6.63,6.62,6.632130889638233
20230721093455220,6.63,6.62,6.632130889638233
20230721093455420,6.63,6.62,6.632130889638233
20230721093455480,6.63,6.62,6.632130446183301
20230721093455540,6.63,6.62,6.632130446183301
20230721093457260,6.63,6.62,6.632130446183301
20230721093457270,6.63,6.62,6.632130446183301
20230721093457320,6.63,6.62,6.632130446183301
20230721093457380,6.63,6.62,6.632130446183301
20230721093457390,6.63,6.62,6.632130446183301
20230721093457440,6.63,6.62,6.632130446183301
20230721093457550,6.63,6.62,6.632130446183301
20230721093457630,6.63,6.62,6.632130446183301
20230721093457660,6.63,6.62,6.632130446183301
20230721093457730,6.63,6.62,6.632130446183301
20230721093457830,6.63,6.62,6.632130446183301
20230721093457840,6.63,6.62,6.632130446183301
20230721093458070,6.63,6.62,6.632129559826926
20230721093458080,6.63,6.62,6.632129471231851
20230721093458260,6.63,6.62,6.632124250488586
20230721093458330,6.63,6.62,6.632124250488586
20230721093458390,6.63,6.62,6.632124250488586
20230721093500040,6.63,6.62,6.632124250488586
20230721093500080,6.63,6.62,6.632124250488586
20230721093500120,6.63,6.62,6.632124250488586
20230721093500150,6.63,6.62,6.632124250488586
20230721093500170,6.63,6.62,6.632124250488586
20230721093500280,6.63,6.62,6.6321137368114975
20230721093500460,6.63,6.62,6.6321137368114975
20230721093500680,6.63,6.62,6.6321137368114975
20230721093500750,6.63,6.62,6.632108707025411
20230721093500790,6.63,6.62,6.632108707025411
20230721093500950,6.63,6.62,6.632108707025411
20230721093501010,6.63,6.62,6.632108707025411
20230721093501130,6.63,6.62,6.632108707025411
20230721093502680,6.63,6.62,6.632103157676348
20230721093502700,6.63,6.62,6.632103157676348
20230721093502750,6.63,6.62,6.632103157676348
20230721093502900,6.63,6.62,6.632103157676348
20230721093503110,6.63,6.62,6.632103157676348
20230721093503140,6.63,6.62,6.632103157676348
20230721093503200,6.63,6.62,6.63210215334827
20230721093503440,6.63,6.62,6.63210215334827
20230721093503840,6.63,6.62,6.63210215334827
20230721093503860,6.63,6.62,6.63210215334827
20230721093503880,6.63,6.62,6.63210215334827
20230721093505380,6.63,6.62,6.632097134207034
20230721093505610,6.63,6.62,6.632031269592476
20230721093505700,6.63,6.62,6.632031269592476
20230721093505810,6.63,6.62,6.632031269592476
20230721093505850,6.63,6.62,6.632031269592476
20230721093505870,6.63,6.62,6.63203077335533
20230721093505980,6.63,6.62,6.63203077335533
20230721093506010,6.63,6.62,6.632021352621167
20230721093506050,6.63,6.62,6.632001073853116
20230721093506060,6.63,6.62,6.6319966315702885
20230721093506080,6.63,6.62,6.6319966315702885
20230721093506130,6.63,6.62,6.631995151540075
20230721093506160,6.63,6.62,6.631993671875
20230721093506170,6.63,6.62,6.631993671875
20230721093506260,6.63,6.62,6.631993671875
20230721093506340,6.63,6.62,6.631980371298312
20230721093506420,6.63,6.62,6.631980371298312
20230721093506480,6.63,6.62,6.631980371298312
20230721093506580,6.63,6.62,6.631980371298312
20230721093508050,6.63,6.62,6.631980371298312
20230721093508090,6.63,6.62,6.631955561466688
20230721093508120,6.63,6.62,6.631955561466688
20230721093508290,6.63,6.62,6.631955561466688
20230721093508560,6.63,6.62,6.631948104777837
20230721093508610,6.63,6.62,6.631948104777837
20230721093508750,6.63,6.62,6.631936902820805
20230721093508760,6.63,6.62,6.631936902820805
20230721093508790,6.63,6.62,6.631936902820805
20230721093508940,6.63,6.62,6.631936902820805
20230721093508970,6.63,6.62,6.631918441188441
20230721093509030,6.63,6.62,6.631918441188441
20230721093509070,6.63,6.62,6.63191068494265
20230721093509260,6.63,6.62,6.63191068494265
20230721093510880,6.63,6.62,6.63191068494265
20230721093510990,6.63,6.62,6.63191068494265
20230721093511290,6.63,6.62,6.63191068494265
20230721093511320,6.63,6.62,6.63191068494265
20230721093511330,6.63,6.62,6.63191068494265
20230721093511800,6.63,6.62,6.631892423199902
20230721093513720,6.63,6.62,6.631892423199902
20230721093514030,6.63,6.62,6.631892423199902
20230721093514040,6.63,6.62,6.631892423199902
20230721093514210,6.63,6.62,6.631892423199902
20230721093514300,6.63,6.62,6.63189165756362
20230721093514470,6.63,6.62,6.63189165756362
20230721093514640,6.63,6.62,6.63189165756362
20230721093514690,6.63,6.62,6.63189165756362
20230721093516150,6.62,6.62,6.63189165756362
20230721093516160,6.62,6.62,6.63189165756362
20230721093516880,6.62,6.62,6.63189165756362
20230721093516920,6.62,6.62,6.63189165756362
20230721093516960,6.62,6.62,6.63189165756362
20230721093516970,6.62,6.62,6.63189165756362
20230721093517090,6.62,6.62,6.63189165756362
20230721093517120,6.62,6.62,6.63189165756362
20230721093517180,6.62,6.62,6.631719680978652
20230721093517190,6.62,6.62,6.631719680978652
20230721093517210,6.62,6.62,6.6317179445155094
20230721093517220,6.62,6.62,6.631708398929156
20230721093517290,6.62,6.62,6.631708398929156
20230721093517350,6.62,6.62,6.631708398929156
20230721093518950,6.62,6.62,6.631708398929156
20230721093519030,6.62,6.62,6.631708398929156
20230721093519070,6.62,6.62,6.631708398929156
20230721093519550,6.62,6.62,6.631708398929156
20230721093519730,6.62,6.62,6.631708398929156
20230721093521570,6.62,6.62,6.631708398929156
20230721093521590,6.62,6.62,6.631708398929156
20230721093521600,6.62,6.62,6.631708398929156
20230721093521610,6.62,6.62,6.631708398929156
20230721093521720,6.62,6.62,6.631708398929156
20230721093521860,6.62,6.62,6.631708398929156
20230721093521880,6.62,6.62,6.631708398929156
20230721093522090,6.62,6.62,6.631708398929156
20230721093522110,6.62,6.62,6.631414127052892
20230721093522120,6.62,6.62,6.631414127052892
20230721093522130,6.62,6.62,6.63138212670573
20230721093522140,6.62,6.62,6.631282530922186
20230721093522180,6.62,6.62,6.631282530922186
20230721093522210,6.62,6.62,6.631271458186654
20230721093522370,6.62,6.62,6.631271458186654
20230721093522550,6.62,6.62,6.631271458186654
20230721093522650,6.62,6.62,6.631271458186654
20230721093522680,6.62,6.62,6.631271458186654
20230721093522690,6.62,6.62,6.631271458186654
20230721093522750,6.62,6.62,6.631271458186654
20230721093522760,6.62,6.62,6.631271458186654
20230721093524340,6.62,6.62,6.631271458186654
20230721093524400,6.62,6.62,6.631271458186654
20230721093524550,6.62,6.62,6.631271458186654
20230721093524600,6.62,6.62,6.631271458186654
20230721093524700,6.62,6.62,6.631271458186654
20230721093524850,6.62,6.62,6.631271458186654
20230721093524940,6.62,6.62,6.631271458186654
20230721093525120,6.62,6.62,6.631271458186654
20230721093525250,6.62,6.62,6.631271458186654
20230721093525460,6.62,6.62,6.631271458186654
20230721093527180,6.62,6.62,6.631271458186654
20230721093527240,6.62,6.62,6.63122374961047
20230721093527260,6.62,6.62,6.63122374961047
20230721093527360,6.62,6.62,6.63122374961047
20230721093527430,6.62,6.62,6.631200626459144
20230721093527440,6.62,6.62,6.631200626459144
20230721093527510,6.62,6.62,6.631200626459144
20230721093527700,6.62,6.62,6.631200626459144
20230721093527740,6.62,6.62,6.631200626459144
20230721093527770,6.62,6.62,6.631200626459144
20230721093527830,6.62,6.62,6.63097213625866
20230721093527860,6.62,6.62,6.63097213625866
20230721093527930,6.62,6.62,6.63097213625866
20230721093527950,6.62,6.62,6.630949557828361
20230721093528160,6.62,6.62,6.630949557828361
20230721093528170,6.63,6.62,6.6309487523549535
20230721093528200,6.63,6.62,6.6309487523549535
20230721093528210,6.62,6.62,6.6309487523549535
20230721093529730,6.62,6.62,6.6309487523549535
20230721093529920,6.62,6.62,6.6309487523549535
20230721093530180,6.62,6.62,6.6309487523549535
20230721093530230,6.62,6.62,6.6309487523549535
20230721093530260,6.62,6.62,6.6309487523549535
20230721093530300,6.62,6.62,6.6309487523549535
20230721093530520,6.62,6.62,6.6309487523549535
20230721093530600,6.62,6.62,6.6309487523549535
20230721093530870,6.62,6.62,6.6309487523549535
20230721093532400,6.62,6.62,6.630785484606613
20230721093532410,6.62,6.62,6.630785484606613
20230721093532440,6.62,6.62,6.630721689212232
20230721093532870,6.62,6.62,6.630721689212232
20230721093532900,6.62,6.62,6.630721689212232
20230721093532980,6.62,6.62,6.630721689212232
20230721093533240,6.62,6.62,6.630721689212232
20230721093533300,6.62,6.62,6.630721689212232
20230721093535140,6.62,6.62,6.630720876747622
20230721093535270,6.62,6.62,6.630720876747622
20230721093535560,6.62,6.62,6.630720876747622
20230721093535620,6.62,6.62,6.630720470561491
20230721093535850,6.63,6.62,6.630705463281752
20230721093535860,6.63,6.62,6.630613507126782
20230721093535870,6.63,6.62,6.630613507126782
20230721093535880,6.63,6.62,6.630613507126782
20230721093535940,6.62,6.62,6.630613507126782
20230721093536060,6.62,6.62,6.630567513733697
20230721093536070,6.63,6.62,6.630567513733697
20230721093537910,6.63,6.62,6.630554932994886
20230721093538100,6.63,6.62,6.630554932994886
20230721093538140,6.62,6.62,6.630554932994886
20230721093538330,6.62,6.62,6.630554932994886
20230721093538600,6.62,6.62,6.630554932994886
20230721093538640,6.62,6.62,6.630554932994886
20230721093538710,6.62,6.62,6.630554932994886
20230721093538760,6.62,6.62,6.630554932994886
20230721093538800,6.62,6.62,6.630554932994886
20230721093539000,6.62,6.62,6.630553751119737
20230721093540710,6.62,6.62,6.630523110465116
20230721093540720,6.62,6.62,6.630523110465116
20230721093540790,6.62,6.62,6.630523110465116
20230721093540830,6.63,6.62,6.630515272605392
20230721093540960,6.63,6.62,6.630510184254606
20230721093541040,6.63,6.62,6.630510184254606
20230721093541100,6.63,6.62,6.630510184254606
20230721093541270,6.63,6.62,6.630510184254606
20230721093541660,6.63,6.62,6.630510184254606
20230721093541690,6.63,6.62,6.630510184254606
20230721093543170,6.63,6.62,6.630510184254606
20230721093543210,6.62,6.62,6.630510184254606
20230721093543320,6.62,6.62,6.630510184254606
20230721093543430,6.63,6.62,6.6304976800386655
20230721093543440,6.63,6.62,6.6304976800386655
20230721093543590,6.63,6.62,6.630494558632225
20230721093543630,6.63,6.62,6.630429257900781
20230721093543660,6.63,6.61,6.630344085743801
20230721093543820,6.63,6.61,6.630344085743801
20230721093544100,6.62,6.61,6.630344085743801
20230721093545860,6.62,6.61,6.630344085743801
20230721093545980,6.62,6.61,6.630344085743801
20230721093546100,6.62,6.61,6.630344085743801
20230721093546130,6.63,6.61,6.630330523095071
20230721093546160,6.62,6.61,6.630330523095071
20230721093546170,6.62,6.61,6.6303297736655855
20230721093546300,6.62,6.61,6.6303297736655855
20230721093546340,6.62,6.61,6.6303297736655855
20230721093546370,6.63,6.61,6.6303297736655855
20230721093546410,6.63,6.61,6.6303297736655855
20230721093546420,6.63,6.61,6.6303297736655855
20230721093546440,6.63,6.61,6.6303297736655855
20230721093546940,6.63,6.61,6.630322211170056
20230721093546960,6.63,6.61,6.6302632271062265
20230721093548540,6.63,6.61,6.6302632271062265
20230721093548620,6.63,6.61,6.6302632271062265
20230721093548840,6.63,6.61,6.6302632271062265
20230721093548900,6.63,6.61,6.6302632271062265
20230721093549050,6.62,6.61,6.6302632271062265
20230721093549130,6.62,6.61,6.6302632271062265
20230721093549160,6.62,6.61,6.6302632271062265
20230721093549230,6.62,6.61,6.6302632271062265
20230721093549250,6.62,6.61,6.6302632271062265
20230721093549330,6.62,6.61,6.6302632271062265
20230721093549350,6.62,6.61,6.6302632271062265
20230721093549440,6.62,6.61,6.6302632271062265
20230721093549560,6.62,6.61,6.6302632271062265
20230721093551350,6.62,6.61,6.6302632271062265
20230721093551380,6.62,6.61,6.6302632271062265
20230721093551830,6.62,6.61,6.630241887247733
20230721093551990,6.62,6.61,6.630241887247733
20230721093552070,6.62,6.61,6.630241887247733
20230721093552370,6.62,6.61,6.630241887247733
20230721093552380,6.62,6.61,6.630241887247733
20230721093553970,6.62,6.61,6.630234489437906
20230721093554000,6.62,6.61,6.630234489437906
20230721093554060,6.62,6.61,6.630234489437906
20230721093554110,6.62,6.61,6.6302270970334645
20230721093554120,6.62,6.61,6.6302270970334645
20230721093554390,6.62,6.61,6.6302270970334645
20230721093554890,6.62,6.61,6.6302270970334645
20230721093555090,6.62,6.61,6.6302270970334645
20230721093555130,6.62,6.61,6.6302270970334645
20230721093556730,6.62,6.61,6.6302270970334645
20230721093556770,6.62,6.61,6.6302270970334645
20230721093556870,6.62,6.61,6.6302200671949745
20230721093557200,6.62,6.61,6.6302200671949745
20230721093557750,6.62,6.61,6.6302200671949745
20230721093557880,6.62,6.61,6.6302200671949745
20230721093559340,6.62,6.61,6.6302200671949745
20230721093559630,6.62,6.61,6.630209734642479
20230721093559880,6.62,6.61,6.630209734642479
20230721093559940,6.62,6.61,6.630209734642479
20230721093600040,6.61,6.61,6.6300974990925585
20230721093600090,6.61,6.61,6.630096040214866
20230721093600170,6.61,6.61,6.630093852295409
20230721093600250,6.61,6.61,6.630091664852311
20230721093600460,6.61,6.61,6.630091664852311
20230721093600490,6.61,6.61,6.630091664852311
20230721093600510,6.61,6.61,6.630091664852311
20230721093602040,6.61,6.61,6.6300909358104425
20230721093602050,6.61,6.61,6.63008802017197
20230721093602120,6.61,6.61,6.630077094060483
20230721093602170,6.61,6.61,6.630077094060483
