Timestamp,ask1,bid1,VWAP
20230613093000040,5.8,7.08,0.0
20230613093000050,5.8,7.08,0.0
20230613093000060,5.8,7.08,0.0
20230613093000070,5.8,6.6,6.44
20230613093000080,5.8,6.6,6.44
20230613093000090,6.35,6.6,6.44
20230613093000100,6.35,6.6,6.44
20230613093000110,6.35,6.6,6.44
20230613093000120,6.35,6.6,6.44
20230613093000130,6.35,6.6,6.44
20230613093000140,6.35,6.6,6.44
20230613093000150,6.35,6.6,6.44
20230613093000390,6.35,6.6,6.44
20230613093000400,6.35,6.6,6.44
20230613093000410,6.35,6.6,6.44
20230613093000420,6.35,6.6,6.44
20230613093000430,6.35,6.6,6.44
20230613093000440,6.35,6.6,6.44
20230613093000450,6.35,6.6,6.44
20230613093000460,6.35,6.6,6.44
20230613093000470,6.35,6.6,6.44
20230613093000480,6.35,6.6,6.44
20230613093000490,6.35,6.6,6.44
20230613093000500,6.35,6.6,6.44
20230613093000510,6.35,6.6,6.44
20230613093000520,6.35,6.6,6.44
20230613093000550,6.35,6.6,6.44
20230613093000580,6.35,6.6,6.44
20230613093000590,6.35,6.6,6.44
20230613093000600,6.35,6.6,6.44
20230613093000610,6.35,6.6,6.44
20230613093000630,6.35,6.6,6.44
20230613093000640,6.44,6.43,6.444576271186441
20230613093000650,6.44,6.43,6.444576271186441
20230613093000660,6.44,6.43,6.444576271186441
20230613093001290,6.44,6.43,6.444576271186441
20230613093001310,6.44,6.43,6.444576271186441
20230613093001320,6.44,6.43,6.444576271186441
20230613093001330,6.44,6.43,6.444576271186441
20230613093001350,6.44,6.43,6.4445
20230613093001370,6.44,6.43,6.4445
20230613093001410,6.44,6.43,6.4445
20230613093001420,6.44,6.43,6.4445
20230613093001430,6.44,6.43,6.4445
20230613093001450,6.44,6.43,6.444426229508196
20230613093001460,6.44,6.42,6.436991150442478
20230613093001480,6.44,6.42,6.436991150442478
20230613093001500,6.44,6.42,6.436991150442478
20230613093001510,6.44,6.42,6.436991150442478
20230613093001520,6.44,6.42,6.436991150442478
20230613093001530,6.44,6.42,6.436991150442478
20230613093001540,6.44,6.42,6.436991150442478
20230613093001560,6.44,6.42,6.436991150442478
20230613093001590,6.44,6.42,6.436991150442478
20230613093001610,6.44,6.42,6.436991150442478
20230613093001630,6.44,6.42,6.436991150442478
20230613093001650,6.44,6.42,6.436991150442478
20230613093001720,6.44,6.42,6.436991150442478
20230613093001730,6.44,6.42,6.436991150442478
20230613093001760,6.44,6.42,6.436991150442478
20230613093001780,6.44,6.42,6.436991150442478
20230613093001820,6.44,6.42,6.436991150442478
20230613093001840,6.44,6.42,6.436991150442478
20230613093001850,6.44,6.42,6.436991150442478
20230613093001870,6.44,6.42,6.436991150442478
20230613093001880,6.44,6.42,6.436991150442478
20230613093001890,6.44,6.42,6.436991150442478
20230613093002880,6.44,6.44,6.436991150442478
20230613093002950,6.44,6.44,6.436991150442478
20230613093002960,6.44,6.44,6.436991150442478
20230613093003010,6.44,6.44,6.436842105263158
20230613093003020,6.44,6.44,6.436842105263158
20230613093003030,6.44,6.44,6.436842105263158
20230613093003050,6.44,6.44,6.436842105263158
20230613093003070,6.44,6.44,6.436842105263158
20230613093003080,6.44,6.44,6.436842105263158
20230613093003090,6.44,6.44,6.436842105263158
20230613093003140,6.44,6.44,6.436842105263158
20230613093003150,6.44,6.44,6.436842105263158
20230613093003170,6.44,6.44,6.436842105263158
20230613093003230,6.44,6.44,6.436842105263158
20230613093003250,6.44,6.44,6.436842105263158
20230613093003270,6.44,6.44,6.436842105263158
20230613093003360,6.44,6.44,6.436842105263158
20230613093003370,6.44,6.44,6.436992481203007
20230613093003400,6.44,6.44,6.436992481203007
20230613093003410,6.44,6.44,6.436992481203007
20230613093003440,6.44,6.44,6.436992481203007
20230613093003470,6.44,6.44,6.436992481203007
20230613093003570,6.44,6.44,6.436992481203007
20230613093003580,6.44,6.44,6.436992481203007
20230613093003600,6.44,6.44,6.436992481203007
20230613093003610,6.44,6.44,6.436992481203007
20230613093003650,6.44,6.44,6.437058823529412
20230613093003660,6.44,6.44,6.436934306569343
20230613093003700,6.44,6.44,6.436811594202899
20230613093003950,6.44,6.44,6.436811594202899
20230613093003980,6.44,6.44,6.436811594202899
20230613093005650,6.44,6.44,6.436811594202899
20230613093005770,6.44,6.44,6.4368345323741005
20230613093005970,6.44,6.44,6.4368345323741005
20230613093006370,6.44,6.44,6.4368345323741005
20230613093006380,6.44,6.44,6.4368345323741005
20230613093006440,6.44,6.42,6.436986301369863
20230613093006530,6.44,6.42,6.436986301369863
20230613093006620,6.44,6.42,6.436986301369863
20230613093006660,6.44,6.42,6.436986301369863
20230613093006990,6.44,6.42,6.436986301369863
20230613093007100,6.44,6.42,6.436986301369863
20230613093007210,6.44,6.43,6.436986301369863
20230613093007240,6.44,6.43,6.437027027027027
20230613093007420,6.44,6.43,6.437027027027027
20230613093007440,6.44,6.43,6.437027027027027
20230613093007450,6.44,6.43,6.437027027027027
20230613093007470,6.44,6.43,6.437027027027027
20230613093007540,6.44,6.43,6.437027027027027
20230613093007590,6.44,6.43,6.437027027027027
20230613093007600,6.44,6.43,6.437027027027027
20230613093007810,6.44,6.43,6.437027027027027
20230613093013100,6.44,6.43,6.437232704402516
20230613093013190,6.44,6.43,6.437232704402516
20230613093013330,6.44,6.43,6.437232704402516
20230613093013340,6.44,6.43,6.437232704402516
20230613093013790,6.44,6.43,6.437232704402516
20230613093017100,6.44,6.43,6.437232704402516
20230613093017110,6.44,6.43,6.437232704402516
20230613093019360,6.44,6.43,6.437232704402516
20230613093019400,6.44,6.43,6.437232704402516
20230613093019940,6.44,6.43,6.437232704402516
20230613093022170,6.44,6.43,6.437232704402516
20230613093022400,6.44,6.43,6.437232704402516
20230613093022740,6.44,6.43,6.437232704402516
20230613093024850,6.44,6.43,6.437232704402516
20230613093025010,6.44,6.43,6.4359278350515465
20230613093025020,6.44,6.43,6.435251141552511
20230613093025030,6.44,6.43,6.435251141552511
20230613093027710,6.44,6.43,6.435251141552511
20230613093027940,6.44,6.43,6.435251141552511
20230613093028020,6.44,6.43,6.435251141552511
20230613093028080,6.44,6.43,6.435
20230613093028090,6.44,6.43,6.434978354978355
20230613093028100,6.44,6.43,6.434307116104869
20230613093028110,6.44,6.43,6.434307116104869
20230613093028170,6.44,6.43,6.434307116104869
20230613093028270,6.44,6.43,6.434307116104869
20230613093030100,6.44,6.43,6.433674121405751
20230613093030310,6.43,6.43,6.4336624203821655
20230613093030320,6.44,6.43,6.433605015673981
20230613093030540,6.44,6.43,6.433605015673981
20230613093030800,6.44,6.43,6.433605015673981
20230613093030830,6.43,6.43,6.433248587570621
20230613093030860,6.43,6.43,6.433248587570621
20230613093030960,6.43,6.43,6.433248587570621
20230613093031070,6.43,6.43,6.433230337078652
20230613093033350,6.43,6.43,6.433230337078652
20230613093033510,6.43,6.43,6.433230337078652
20230613093033650,6.43,6.43,6.433185595567867
20230613093033660,6.43,6.43,6.433142076502732
20230613093033710,6.43,6.43,6.433108108108108
20230613093035380,6.43,6.43,6.433108108108108
20230613093035410,6.43,6.43,6.433108108108108
20230613093036410,6.43,6.43,6.433108108108108
20230613093038070,6.43,6.43,6.433108108108108
20230613093038410,6.43,6.43,6.433108108108108
20230613093038790,6.44,6.42,6.433108108108108
20230613093038890,6.44,6.42,6.433108108108108
20230613093038950,6.44,6.42,6.433108108108108
20230613093039220,6.44,6.42,6.433108108108108
20230613093041880,6.44,6.42,6.433108108108108
20230613093043470,6.44,6.43,6.433108108108108
20230613093043630,6.44,6.43,6.433108108108108
20230613093043990,6.44,6.43,6.433108108108108
20230613093046280,6.44,6.43,6.433108108108108
20230613093046330,6.44,6.43,6.433108108108108
20230613093046800,6.44,6.43,6.433108108108108
20230613093046890,6.44,6.43,6.433108108108108
20230613093047100,6.44,6.43,6.433108108108108
20230613093047300,6.44,6.43,6.432846889952153
20230613093049030,6.44,6.43,6.432846889952153
20230613093049040,6.44,6.43,6.432846889952153
20230613093049060,6.44,6.42,6.432846889952153
20230613093049070,6.44,6.43,6.432846889952153
20230613093049100,6.44,6.43,6.432846889952153
20230613093049430,6.44,6.43,6.432846889952153
20230613093049830,6.44,6.43,6.432846889952153
20230613093051820,6.44,6.43,6.432846889952153
20230613093052080,6.44,6.43,6.432846889952153
20230613093052090,6.44,6.43,6.432846889952153
20230613093052810,6.44,6.43,6.432846889952153
20230613093054300,6.44,6.43,6.432846889952153
20230613093054380,6.44,6.43,6.432846889952153
20230613093054470,6.44,6.43,6.4330122950819675
20230613093054490,6.44,6.43,6.4330122950819675
20230613093054590,6.44,6.43,6.4330122950819675
20230613093054620,6.44,6.43,6.4330122950819675
20230613093054630,6.44,6.43,6.4330122950819675
20230613093054670,6.44,6.43,6.4330122950819675
20230613093054920,6.44,6.43,6.4330122950819675
20230613093054930,6.44,6.43,6.4330122950819675
20230613093057640,6.44,6.43,6.4330122950819675
20230613093057650,6.44,6.43,6.4330122950819675
20230613093100080,6.44,6.43,6.4330122950819675
20230613093100090,6.44,6.43,6.4330122950819675
20230613093100170,6.44,6.43,6.4330122950819675
20230613093100180,6.44,6.43,6.4330122950819675
20230613093100190,6.44,6.43,6.4330122950819675
20230613093100290,6.44,6.43,6.4330122950819675
20230613093100330,6.44,6.43,6.4330122950819675
20230613093100830,6.44,6.43,6.4330122950819675
20230613093100840,6.44,6.43,6.4330122950819675
20230613093102490,6.44,6.43,6.433364140480592
20230613093102700,6.44,6.43,6.433364140480592
20230613093103040,6.44,6.43,6.433436928702011
20230613093103060,6.44,6.43,6.433436928702011
20230613093103130,6.44,6.43,6.433436928702011
20230613093103260,6.44,6.43,6.433448905109489
20230613093103500,6.44,6.43,6.4334608378870675
20230613093103530,6.44,6.43,6.4334608378870675
20230613093105400,6.44,6.43,6.4334608378870675
20230613093105880,6.44,6.43,6.4334608378870675
20230613093106180,6.44,6.43,6.4334608378870675
20230613093106190,6.44,6.43,6.4334608378870675
20230613093106290,6.44,6.43,6.4334608378870675
20230613093108530,6.44,6.43,6.4334608378870675
20230613093108710,6.44,6.43,6.4334608378870675
20230613093108720,6.44,6.43,6.433820998278829
20230613093109020,6.44,6.43,6.433820998278829
20230613093110500,6.44,6.44,6.433820998278829
20230613093110650,6.44,6.44,6.433820998278829
20230613093110800,6.44,6.44,6.433820998278829
20230613093110830,6.44,6.44,6.433820998278829
20230613093110910,6.44,6.44,6.433820998278829
20230613093111470,6.44,6.44,6.434013605442177
20230613093113370,6.44,6.44,6.434013605442177
20230613093114170,6.44,6.44,6.434013605442177
20230613093114390,6.44,6.44,6.434013605442177
20230613093115990,6.44,6.44,6.43448275862069
20230613093116040,6.44,6.44,6.43448275862069
20230613093116320,6.44,6.44,6.43448275862069
20230613093116490,6.44,6.44,6.43448275862069
20230613093116670,6.44,6.44,6.43448275862069
20230613093121770,6.44,6.44,6.434931506849315
20230613093121980,6.44,6.44,6.434931506849315
20230613093122130,6.44,6.44,6.434931506849315
20230613093122350,6.44,6.44,6.434931506849315
20230613093122430,6.44,6.44,6.434931506849315
20230613093124180,6.44,6.44,6.434931506849315
20230613093124310,6.44,6.44,6.434931506849315
20230613093124910,6.44,6.44,6.434931506849315
20230613093124920,6.44,6.44,6.434931506849315
20230613093125130,6.44,6.44,6.434931506849315
20230613093126730,6.44,6.44,6.434931506849315
20230613093127240,6.44,6.44,6.434931506849315
20230613093127780,6.44,6.44,6.434931506849315
20230613093129640,6.44,6.44,6.434931506849315
20230613093130000,6.44,6.44,6.434931506849315
20230613093132380,6.44,6.44,6.434931506849315
20230613093132470,6.44,6.44,6.434931506849315
20230613093132940,6.44,6.44,6.434931506849315
20230613093135510,6.44,6.44,6.434931506849315
20230613093135590,6.44,6.44,6.434931506849315
20230613093135840,6.44,6.44,6.434931506849315
20230613093137840,6.44,6.44,6.434931506849315
20230613093137920,6.44,6.44,6.434931506849315
20230613093138160,6.44,6.44,6.434931506849315
20230613093138380,6.44,6.44,6.434931506849315
20230613093138390,6.44,6.44,6.434931506849315
20230613093138560,6.44,6.44,6.434931506849315
20230613093138600,6.44,6.44,6.434931506849315
20230613093140240,6.44,6.44,6.434931506849315
20230613093140840,6.44,6.44,6.434931506849315
20230613093140900,6.44,6.44,6.434931506849315
20230613093141070,6.44,6.44,6.434931506849315
20230613093142920,6.44,6.44,6.434931506849315
20230613093143080,6.44,6.44,6.434931506849315
20230613093143100,6.44,6.44,6.434931506849315
20230613093143110,6.44,6.44,6.434931506849315
20230613093143710,6.44,6.44,6.434931506849315
20230613093143950,6.44,6.44,6.434931506849315
20230613093145800,6.44,6.44,6.434931506849315
20230613093146270,6.44,6.44,6.434931506849315
20230613093149030,6.44,6.44,6.434931506849315
20230613093149270,6.44,6.44,6.434931506849315
20230613093149290,6.44,6.44,6.434931506849315
20230613093149350,6.44,6.44,6.434931506849315
20230613093151010,6.44,6.44,6.434931506849315
20230613093151840,6.44,6.44,6.434931506849315
20230613093152150,6.44,6.44,6.434931506849315
20230613093153780,6.44,6.44,6.434931506849315
20230613093154050,6.44,6.44,6.434931506849315
20230613093154060,6.44,6.44,6.434931506849315
20230613093154880,6.44,6.44,6.434931506849315
20230613093156850,6.44,6.44,6.434931506849315
20230613093156990,6.44,6.44,6.436352509179927
20230613093157420,6.44,6.44,6.436352509179927
20230613093159200,6.44,6.44,6.436439665471924
20230613093200010,6.44,6.44,6.436489988221437
20230613093200130,6.44,6.44,6.436489988221437
20230613093200270,6.44,6.44,6.436494117647059
20230613093201760,6.44,6.44,6.436494117647059
20230613093202020,6.44,6.44,6.436494117647059
20230613093202030,6.44,6.44,6.436494117647059
20230613093202440,6.44,6.44,6.436494117647059
20230613093202450,6.44,6.44,6.436494117647059
20230613093202800,6.44,6.44,6.437028248587571
20230613093204540,6.44,6.44,6.437028248587571
20230613093204550,6.44,6.44,6.437028248587571
20230613093204690,6.44,6.44,6.437028248587571
20230613093204700,6.44,6.44,6.437028248587571
20230613093204810,6.44,6.44,6.437028248587571
20230613093205400,6.44,6.44,6.437028248587571
20230613093205570,6.44,6.44,6.437028248587571
20230613093205660,6.44,6.44,6.437028248587571
20230613093207220,6.44,6.44,6.437044943820225
20230613093207260,6.44,6.44,6.4370680044593085
20230613093209900,6.44,6.44,6.4370680044593085
20230613093209920,6.44,6.44,6.4370680044593085
20230613093209960,6.44,6.44,6.4370680044593085
20230613093209970,6.44,6.44,6.4370680044593085
20230613093209990,6.44,6.44,6.4370680044593085
20230613093210000,6.44,6.44,6.4370680044593085
20230613093210040,6.44,6.44,6.4370680044593085
20230613093210070,6.44,6.44,6.4370680044593085
20230613093210180,6.44,6.53,6.437171270718232
20230613093210190,6.44,6.53,6.437171270718232
20230613093210210,6.44,6.53,6.437171270718232
20230613093210220,6.44,6.53,6.437171270718232
20230613093210240,6.44,6.53,6.437171270718232
20230613093210260,6.44,6.53,6.437171270718232
20230613093210690,6.44,6.53,6.437171270718232
20230613093210730,6.44,6.53,6.437171270718232
20230613093210740,6.44,6.53,6.437171270718232
20230613093210770,6.44,6.53,6.437171270718232
20230613093210780,6.44,6.53,6.437171270718232
20230613093210800,6.44,6.53,6.437171270718232
20230613093212560,6.44,6.53,6.437171270718232
20230613093212630,6.44,6.53,6.437171270718232
20230613093213080,6.44,6.45,6.437269736842105
20230613093213180,6.44,6.45,6.437269736842105
20230613093213240,6.44,6.45,6.437269736842105
20230613093213630,6.44,6.45,6.437269736842105
20230613093213720,6.44,6.45,6.437269736842105
20230613093215850,6.44,6.45,6.437269736842105
20230613093215930,6.44,6.45,6.437269736842105
20230613093216020,6.44,6.45,6.437269736842105
20230613093216110,6.44,6.45,6.437269736842105
20230613093216120,6.44,6.45,6.437269736842105
20230613093216190,6.44,6.44,6.437311475409836
20230613093218490,6.44,6.44,6.437311475409836
20230613093218860,6.44,6.44,6.437311475409836
20230613093218980,6.44,6.44,6.437448648648648
20230613093219020,6.44,6.44,6.437448648648648
20230613093219140,6.44,6.44,6.437448648648648
20230613093220770,6.44,6.44,6.437448648648648
20230613093220880,6.44,6.44,6.437448648648648
20230613093221010,6.44,6.44,6.437448648648648
20230613093221060,6.44,6.44,6.437448648648648
20230613093221120,6.44,6.44,6.437448648648648
20230613093221890,6.44,6.44,6.437448648648648
20230613093224240,6.44,6.44,6.437448648648648
20230613093224300,6.44,6.44,6.437448648648648
20230613093224530,6.44,6.44,6.437448648648648
20230613093226120,6.44,6.44,6.437448648648648
20230613093226140,6.44,6.44,6.437974248927039
20230613093226260,6.44,6.44,6.437974248927039
20230613093226270,6.44,6.44,6.437974248927039
20230613093226310,6.44,6.44,6.437974248927039
20230613093226470,6.44,6.44,6.437974248927039
20230613093226590,6.44,6.44,6.437974248927039
20230613093228930,6.44,6.44,6.437974248927039
20230613093229470,6.44,6.44,6.437974248927039
20230613093229490,6.44,6.44,6.43802510460251
20230613093229510,6.44,6.44,6.43802510460251
20230613093229720,6.44,6.44,6.43802510460251
20230613093231670,6.44,6.44,6.438030050083473
20230613093232090,6.44,6.44,6.438030050083473
20230613093232540,6.44,6.43,6.438167701863354
20230613093232580,6.44,6.43,6.438167701863354
20230613093234190,6.44,6.44,6.438167701863354
20230613093237420,6.44,6.44,6.438167701863354
20230613093237870,6.44,6.44,6.438167701863354
20230613093237910,6.44,6.44,6.438167701863354
20230613093240040,6.44,6.44,6.438167701863354
20230613093240070,6.44,6.44,6.438287671232877
20230613093240080,6.44,6.44,6.43830547112462
20230613093240090,6.44,6.44,6.438323216995448
20230613093240110,6.44,6.44,6.438323216995448
20230613093240120,6.44,6.44,6.438323216995448
20230613093240220,6.44,6.44,6.438323216995448
20230613093240240,6.44,6.44,6.438323216995448
20230613093240390,6.44,6.44,6.438323216995448
20230613093240730,6.44,6.44,6.438323216995448
20230613093242440,6.44,6.44,6.438323216995448
20230613093242460,6.45,6.44,6.438955223880597
20230613093242480,6.45,6.44,6.438955223880597
20230613093242660,6.45,6.44,6.438955223880597
20230613093243080,6.45,6.44,6.438955223880597
20230613093243110,6.45,6.44,6.438955223880597
20230613093243140,6.45,6.44,6.438955223880597
20230613093243280,6.45,6.44,6.438955223880597
20230613093243400,6.45,6.44,6.438955223880597
20230613093245580,6.45,6.44,6.438955223880597
20230613093245790,6.45,6.44,6.438955223880597
20230613093246100,6.45,6.44,6.439077029840389
20230613093246190,6.45,6.44,6.439107266435986
20230613093247680,6.45,6.44,6.439107266435986
20230613093247800,6.45,6.44,6.439107266435986
20230613093247950,6.45,6.44,6.439152308752584
20230613093248320,6.45,6.44,6.439152308752584
20230613093250420,6.45,6.44,6.439152308752584
20230613093250930,6.45,6.44,6.439152308752584
20230613093250950,6.45,6.44,6.43918956043956
20230613093253360,6.45,6.44,6.439299796057104
20230613093253780,6.45,6.44,6.439299796057104
20230613093253800,6.45,6.44,6.439443326626425
20230613093256030,6.45,6.44,6.439443326626425
20230613093256450,6.45,6.44,6.439443326626425
20230613093256500,6.45,6.44,6.439443326626425
20230613093256860,6.45,6.44,6.439443326626425
20230613093258500,6.45,6.44,6.439443326626425
20230613093259000,6.45,6.44,6.439443326626425
20230613093259270,6.45,6.44,6.439443326626425
20230613093259530,6.45,6.44,6.439443326626425
20230613093301200,6.45,6.44,6.439443326626425
20230613093301240,6.45,6.44,6.439443326626425
20230613093301270,6.45,6.44,6.439443326626425
20230613093301700,6.45,6.44,6.439583057577763
20230613093303910,6.45,6.44,6.439583057577763
20230613093304330,6.45,6.44,6.439583057577763
20230613093304490,6.45,6.44,6.439583057577763
20230613093307080,6.45,6.44,6.439583057577763
20230613093307090,6.45,6.44,6.439583057577763
20230613093307110,6.45,6.44,6.439583057577763
20230613093307170,6.45,6.44,6.439583057577763
20230613093307340,6.45,6.44,6.439583057577763
20230613093307400,6.45,6.44,6.439583057577763
20230613093307540,6.45,6.44,6.440244648318043
20230613093309400,6.45,6.44,6.440244648318043
20230613093309680,6.45,6.44,6.440244648318043
20230613093309730,6.45,6.44,6.440244648318043
20230613093310100,6.45,6.44,6.440244648318043
20230613093310200,6.45,6.44,6.440244648318043
20230613093310210,6.45,6.44,6.440244648318043
20230613093310240,6.45,6.44,6.440244648318043
20230613093310250,6.45,6.44,6.440244648318043
20230613093312540,6.45,6.44,6.440244648318043
20230613093312830,6.45,6.44,6.440244648318043
20230613093313100,6.45,6.44,6.440244648318043
20230613093313140,6.45,6.44,6.440244648318043
20230613093313180,6.45,6.44,6.440244648318043
20230613093314880,6.45,6.44,6.4403545673076925
20230613093315500,6.45,6.44,6.4403545673076925
20230613093317850,6.45,6.44,6.4403545673076925
20230613093318280,6.45,6.44,6.4403545673076925
20230613093318380,6.44,6.43,6.440280685061846
20230613093320240,6.44,6.43,6.440277777777778
20230613093320660,6.44,6.43,6.440277125410991
20230613093320870,6.44,6.43,6.440277125410991
20230613093320950,6.44,6.43,6.440277125410991
20230613093322930,6.44,6.43,6.440277125410991
20230613093323060,6.44,6.44,6.440277125410991
20230613093323200,6.44,6.44,6.440277125410991
20230613093323540,6.44,6.44,6.440277125410991
20230613093323980,6.44,6.44,6.440277125410991
20230613093325750,6.44,6.44,6.440277125410991
20230613093325950,6.44,6.43,6.440277125410991
20230613093326050,6.44,6.43,6.440277125410991
20230613093328290,6.44,6.43,6.440277125410991
20230613093328610,6.44,6.43,6.440277125410991
20230613093329310,6.44,6.43,6.440277125410991
20230613093331760,6.44,6.43,6.440277125410991
20230613093334090,6.44,6.43,6.440277125410991
20230613093334180,6.44,6.43,6.440277125410991
20230613093334390,6.44,6.43,6.440277125410991
20230613093334590,6.44,6.43,6.440277125410991
20230613093334730,6.44,6.43,6.440277125410991
20230613093334790,6.44,6.43,6.440277125410991
20230613093336500,6.44,6.43,6.440277125410991
20230613093337240,6.44,6.43,6.440277125410991
20230613093339260,6.44,6.43,6.440277125410991
20230613093340200,6.44,6.43,6.440277125410991
20230613093342140,6.44,6.43,6.440277125410991
20230613093342330,6.44,6.43,6.440277125410991
20230613093342390,6.44,6.43,6.440277125410991
20230613093342450,6.44,6.43,6.440277125410991
20230613093342480,6.44,6.43,6.440277125410991
20230613093342740,6.44,6.43,6.440277125410991
20230613093344780,6.44,6.43,6.440277125410991
20230613093345300,6.44,6.43,6.440277125410991
20230613093345480,6.44,6.43,6.440268394261916
20230613093347240,6.44,6.43,6.440268394261916
20230613093347290,6.44,6.43,6.440268394261916
20230613093347400,6.44,6.43,6.440268394261916
20230613093347900,6.44,6.43,6.440268394261916
20230613093350210,6.44,6.43,6.440268394261916
20230613093350830,6.44,6.43,6.440268394261916
20230613093350880,6.44,6.43,6.440268394261916
20230613093352440,6.44,6.43,6.440268394261916
20230613093352470,6.44,6.43,6.440268394261916
20230613093352700,6.44,6.43,6.440268394261916
20230613093352770,6.44,6.43,6.440268394261916
20230613093353700,6.44,6.43,6.440268394261916
20230613093355170,6.44,6.43,6.440268394261916
20230613093355270,6.44,6.43,6.440268394261916
20230613093355320,6.44,6.43,6.440268394261916
20230613093357880,6.44,6.43,6.440268394261916
20230613093400610,6.44,6.43,6.440268394261916
20230613093400680,6.44,6.43,6.440268394261916
20230613093401520,6.44,6.43,6.440268394261916
20230613093401620,6.44,6.43,6.440268394261916
20230613093403490,6.44,6.43,6.440268394261916
20230613093403790,6.44,6.43,6.440268394261916
20230613093403890,6.44,6.43,6.440268394261916
20230613093404030,6.44,6.43,6.440268394261916
20230613093404040,6.44,6.43,6.440268394261916
20230613093406000,6.44,6.43,6.440268394261916
20230613093406100,6.44,6.43,6.440268394261916
20230613093406130,6.44,6.43,6.440268394261916
20230613093406760,6.44,6.43,6.440197519522278
20230613093407020,6.44,6.43,6.440197519522278
20230613093409160,6.44,6.43,6.440197519522278
20230613093409660,6.44,6.43,6.440197519522278
20230613093411610,6.44,6.43,6.440197519522278
20230613093411990,6.44,6.43,6.440197519522278
20230613093414430,6.44,6.43,6.440197519522278
20230613093414470,6.44,6.43,6.440197519522278
20230613093414900,6.44,6.43,6.439339781328848
20230613093415240,6.44,6.43,6.439339781328848
20230613093417030,6.44,6.43,6.439339781328848
20230613093417220,6.44,6.43,6.439339781328848
20230613093417700,6.44,6.43,6.439339781328848
20230613093419590,6.44,6.43,6.439339781328848
20230613093419740,6.44,6.43,6.439339781328848
20230613093419980,6.44,6.43,6.439339781328848
20230613093420140,6.44,6.43,6.439339781328848
20230613093420190,6.44,6.43,6.439339781328848
20230613093420280,6.44,6.43,6.439339781328848
20230613093420350,6.44,6.43,6.439339781328848
20230613093420520,6.44,6.43,6.4393201846412085
20230613093420660,6.44,6.43,6.4393201846412085
20230613093422390,6.44,6.43,6.4393201846412085
20230613093423020,6.44,6.43,6.4393201846412085
20230613093423100,6.44,6.43,6.4393201846412085
20230613093425810,6.44,6.43,6.4393201846412085
20230613093425850,6.44,6.43,6.4392776617954075
20230613093425960,6.44,6.43,6.4392776617954075
20230613093427620,6.44,6.43,6.4392776617954075
20230613093428110,6.44,6.43,6.4392776617954075
20230613093430310,6.44,6.43,6.4392776617954075
20230613093430770,6.44,6.43,6.4392776617954075
20230613093430960,6.44,6.43,6.4392776617954075
20230613093431020,6.44,6.43,6.4392776617954075
20230613093431070,6.44,6.43,6.439258333333333
20230613093431080,6.44,6.43,6.439258333333333
20230613093431090,6.44,6.43,6.439258333333333
20230613093431100,6.44,6.43,6.439258333333333
20230613093431210,6.44,6.43,6.439258333333333
20230613093432970,6.44,6.43,6.439258333333333
20230613093433620,6.44,6.43,6.439258333333333
20230613093433690,6.44,6.43,6.439258333333333
20230613093433830,6.44,6.43,6.439258333333333
20230613093433850,6.44,6.43,6.439258333333333
20230613093433930,6.44,6.43,6.439258333333333
20230613093434090,6.44,6.43,6.439258333333333
20230613093436130,6.44,6.43,6.439124236252546
20230613093436590,6.44,6.43,6.439124236252546
20230613093436600,6.44,6.43,6.439124236252546
20230613093436740,6.44,6.43,6.439124236252546
20230613093436770,6.44,6.43,6.439124236252546
20230613093439140,6.44,6.43,6.439124236252546
20230613093439190,6.44,6.43,6.439124236252546
20230613093439380,6.44,6.43,6.439124236252546
20230613093439560,6.44,6.43,6.439124236252546
20230613093442070,6.44,6.43,6.439124236252546
20230613093444500,6.44,6.43,6.439124236252546
20230613093447140,6.44,6.43,6.439124236252546
20230613093447550,6.44,6.43,6.439124236252546
20230613093449590,6.44,6.43,6.439124236252546
20230613093452090,6.44,6.43,6.439124236252546
20230613093454740,6.44,6.43,6.439124236252546
20230613093454890,6.44,6.43,6.439124236252546
20230613093454980,6.44,6.43,6.439124236252546
20230613093455120,6.44,6.43,6.439124236252546
20230613093455730,6.44,6.43,6.439124236252546
20230613093458090,6.44,6.43,6.439124236252546
20230613093458110,6.44,6.43,6.439124236252546
20230613093458150,6.44,6.43,6.439124236252546
20230613093458270,6.44,6.43,6.439124236252546
20230613093500020,6.44,6.43,6.439124236252546
20230613093500120,6.44,6.43,6.439124236252546
20230613093500580,6.44,6.43,6.439124236252546
20230613093500900,6.44,6.43,6.439124236252546
20230613093501090,6.44,6.43,6.439124236252546
20230613093501120,6.44,6.43,6.439124236252546
20230613093501130,6.44,6.43,6.439124236252546
20230613093503310,6.44,6.43,6.439124236252546
20230613093503340,6.44,6.43,6.439124236252546
20230613093503380,6.44,6.43,6.439124236252546
20230613093505810,6.44,6.43,6.439124236252546
20230613093505870,6.44,6.43,6.439124236252546
20230613093506230,6.44,6.43,6.438964143426295
20230613093506260,6.44,6.43,6.438964143426295
20230613093508220,6.44,6.43,6.438964143426295
20230613093510770,6.44,6.43,6.438964143426295
20230613093511060,6.44,6.43,6.438964143426295
20230613093511280,6.44,6.43,6.438964143426295
20230613093511350,6.44,6.43,6.438854781582054
20230613093511460,6.44,6.43,6.438854781582054
20230613093514000,6.44,6.43,6.438854781582054
20230613093514020,6.44,6.43,6.438854781582054
20230613093514120,6.44,6.43,6.438854781582054
20230613093517170,6.44,6.43,6.438854781582054
20230613093518870,6.44,6.43,6.438854781582054
20230613093519130,6.44,6.43,6.438854781582054
20230613093519140,6.44,6.43,6.43885310290652
20230613093519350,6.44,6.43,6.43870606411742
20230613093519770,6.44,6.43,6.43870606411742
20230613093522130,6.44,6.43,6.43870606411742
20230613093522140,6.44,6.43,6.438695987654321
20230613093522440,6.44,6.43,6.438695987654321
20230613093522770,6.44,6.43,6.438695987654321
20230613093524450,6.44,6.43,6.438695987654321
20230613093524710,6.44,6.43,6.438695987654321
20230613093527190,6.44,6.43,6.438695987654321
20230613093530050,6.44,6.43,6.438689282960678
20230613093532470,6.44,6.43,6.438689282960678
20230613093535320,6.44,6.43,6.438689282960678
20230613093535570,6.44,6.43,6.438689282960678
20230613093536210,6.44,6.43,6.438689282960678
20230613093538360,6.44,6.43,6.438689282960678
20230613093538380,6.44,6.43,6.438689282960678
20230613093538610,6.44,6.43,6.438689282960678
20230613093540730,6.44,6.43,6.438638102524866
20230613093540770,6.44,6.43,6.438638102524866
20230613093540790,6.44,6.43,6.438624904507257
20230613093543130,6.44,6.43,6.438621611302024
20230613093543160,6.44,6.43,6.438621611302024
20230613093543310,6.44,6.43,6.438621611302024
20230613093543770,6.44,6.43,6.438621611302024
20230613093544210,6.44,6.43,6.438556271314892
20230613093544360,6.44,6.43,6.438556271314892
20230613093545920,6.44,6.43,6.438556271314892
20230613093546150,6.44,6.43,6.438556271314892
20230613093546160,6.44,6.43,6.438549791745551
20230613093546600,6.44,6.43,6.438549791745551
20230613093546770,6.44,6.43,6.438549791745551
20230613093548700,6.44,6.43,6.438549791745551
20230613093549120,6.44,6.43,6.438549791745551
20230613093549130,6.44,6.43,6.438549791745551
20230613093549140,6.44,6.43,6.438539156626506
20230613093549550,6.44,6.43,6.438539156626506
20230613093549770,6.44,6.43,6.438539156626506
20230613093551480,6.44,6.43,6.438539156626506
20230613093552120,6.44,6.43,6.438539156626506
20230613093554040,6.44,6.43,6.438539156626506
20230613093554050,6.44,6.43,6.438539156626506
20230613093554150,6.44,6.43,6.438539156626506
20230613093554240,6.44,6.43,6.438539156626506
20230613093554310,6.44,6.43,6.438539156626506
20230613093554350,6.44,6.43,6.438539156626506
20230613093554730,6.44,6.43,6.438539156626506
20230613093555110,6.44,6.43,6.438539156626506
20230613093557590,6.44,6.43,6.438539156626506
20230613093557650,6.44,6.43,6.438539156626506
20230613093559430,6.44,6.43,6.438539156626506
20230613093600110,6.44,6.43,6.438539156626506
20230613093600150,6.44,6.43,6.438518242740134
20230613093600260,6.44,6.43,6.438518242740134
20230613093600560,6.44,6.43,6.438518242740134
20230613093602060,6.44,6.43,6.438518242740134
20230613093602110,6.44,6.43,6.438518242740134
20230613093602210,6.44,6.43,6.438518242740134
20230613093602510,6.44,6.43,6.438518242740134
20230613093603020,6.44,6.43,6.438518242740134
20230613093603050,6.44,6.43,6.438518242740134
20230613093603120,6.44,6.43,6.438518242740134
20230613093604790,6.44,6.43,6.438518242740134
20230613093605480,6.44,6.43,6.438518242740134
20230613093608610,6.44,6.43,6.438518242740134
20230613093610740,6.44,6.43,6.438512518409426
20230613093610950,6.44,6.43,6.438512518409426
20230613093610970,6.44,6.43,6.438512518409426
20230613093611090,6.44,6.43,6.438512518409426
20230613093616080,6.44,6.43,6.438512518409426
20230613093616480,6.44,6.43,6.438512518409426
20230613093618270,6.44,6.43,6.438512518409426
20230613093618310,6.44,6.43,6.438512518409426
20230613093618420,6.44,6.43,6.438512518409426
20230613093618490,6.44,6.43,6.438512518409426
20230613093618500,6.44,6.43,6.438512518409426
20230613093618540,6.44,6.43,6.438512518409426
20230613093621280,6.44,6.43,6.438512518409426
20230613093621310,6.44,6.43,6.438512518409426
20230613093621790,6.44,6.43,6.438512518409426
20230613093622090,6.44,6.43,6.438494702228717
20230613093622120,6.44,6.43,6.438494702228717
20230613093623660,6.44,6.43,6.438494702228717
20230613093624120,6.44,6.43,6.438494702228717
20230613093624510,6.44,6.43,6.438494702228717
20230613093624870,6.44,6.43,6.438494702228717
20230613093629010,6.44,6.43,6.438494702228717
20230613093629090,6.44,6.43,6.438494702228717
20230613093629110,6.44,6.43,6.438494702228717
20230613093629150,6.44,6.43,6.438494702228717
20230613093629250,6.44,6.43,6.438494702228717
20230613093629340,6.44,6.43,6.438494702228717
20230613093629350,6.44,6.43,6.438494702228717
20230613093629620,6.44,6.43,6.438494702228717
20230613093629950,6.44,6.43,6.438494702228717
20230613093630010,6.44,6.43,6.438494702228717
20230613093630130,6.43,6.43,6.438494702228717
20230613093630210,6.43,6.43,6.438494702228717
20230613093630260,6.43,6.43,6.438494702228717
20230613093632430,6.43,6.43,6.438494702228717
20230613093632800,6.43,6.43,6.438494702228717
20230613093634910,6.43,6.43,6.438494702228717
20230613093634960,6.43,6.43,6.438494702228717
20230613093635230,6.43,6.43,6.438494702228717
20230613093635290,6.43,6.43,6.438494702228717
20230613093637800,6.43,6.43,6.438494702228717
20230613093637900,6.43,6.43,6.438494702228717
20230613093638290,6.43,6.43,6.438494702228717
20230613093640150,6.43,6.43,6.438494702228717
20230613093640300,6.43,6.43,6.438494702228717
20230613093642830,6.43,6.43,6.438120852252881
20230613093643520,6.43,6.43,6.438120852252881
20230613093645460,6.43,6.43,6.438120852252881
20230613093645950,6.43,6.43,6.438120852252881
20230613093646040,6.43,6.43,6.438120852252881
20230613093646110,6.43,6.43,6.438120852252881
20230613093646390,6.43,6.43,6.438120852252881
20230613093648110,6.43,6.45,6.438120852252881
20230613093656100,6.43,6.45,6.438120852252881
20230613093656390,6.43,6.45,6.438120852252881
20230613093656550,6.43,6.45,6.438120852252881
20230613093656760,6.43,6.45,6.438120852252881
20230613093659290,6.43,6.45,6.438120852252881
20230613093659480,6.43,6.45,6.438120852252881
20230613093701460,6.43,6.45,6.438120852252881
20230613093701620,6.43,6.45,6.438120852252881
20230613093702200,6.43,6.45,6.438120852252881
20230613093702310,6.43,6.45,6.438120852252881
20230613093704120,6.43,6.45,6.438120852252881
20230613093704160,6.43,6.45,6.438120852252881
20230613093704300,6.43,6.45,6.438120852252881
20230613093705130,6.43,6.45,6.438120852252881
20230613093705160,6.43,6.45,6.438120852252881
20230613093706980,6.43,6.45,6.438120852252881
20230613093707830,6.43,6.43,6.438077723802914
20230613093707860,6.43,6.43,6.438077723802914
20230613093709650,6.43,6.43,6.438077723802914
20230613093710010,6.43,6.43,6.438077723802914
20230613093710220,6.43,6.43,6.438077723802914
20230613093710330,6.43,6.43,6.438077723802914
20230613093710360,6.43,6.43,6.438077723802914
20230613093710530,6.43,6.43,6.437778149014367
20230613093710570,6.43,6.43,6.437778149014367
20230613093710680,6.43,6.43,6.437778149014367
20230613093712860,6.43,6.43,6.437778149014367
20230613093713080,6.43,6.43,6.437767767767768
20230613093713090,6.43,6.43,6.437734219269103
20230613093713100,6.43,6.43,6.437734219269103
20230613093713110,6.43,6.43,6.437734219269103
20230613093713120,6.43,6.43,6.437734219269103
20230613093713150,6.43,6.43,6.43772395487724
20230613093713160,6.43,6.43,6.437693324520819
20230613093713170,6.43,6.43,6.437685704853087
20230613093713190,6.43,6.43,6.437685704853087
20230613093713230,6.43,6.43,6.437685704853087
20230613093714940,6.43,6.43,6.437640301936331
20230613093715050,6.43,6.43,6.437640301936331
20230613093716080,6.43,6.43,6.437640301936331
20230613093716100,6.43,6.43,6.437625286603341
20230613093716110,6.43,6.43,6.437548638132296
20230613093716120,6.43,6.43,6.4375413022351795
20230613093716140,6.43,6.43,6.4375413022351795
20230613093716180,6.43,6.43,6.4375388601036265
20230613093717950,6.43,6.43,6.4375388601036265
20230613093717960,6.43,6.43,6.4375388601036265
20230613093718870,6.43,6.43,6.437533182259631
20230613093721060,6.43,6.43,6.437533182259631
20230613093724130,6.43,6.43,6.437533182259631
20230613093726510,6.43,6.43,6.437533182259631
20230613093726630,6.43,6.43,6.437533182259631
20230613093728850,6.43,6.43,6.437533182259631
20230613093728940,6.43,6.43,6.437533182259631
20230613093734140,6.43,6.43,6.437533182259631
20230613093734160,6.43,6.43,6.437533182259631
20230613093734900,6.43,6.43,6.437533182259631
20230613093737030,6.43,6.43,6.437533182259631
20230613093737550,6.43,6.43,6.437533182259631
20230613093739550,6.43,6.43,6.437533182259631
20230613093739760,6.43,6.43,6.437533182259631
20230613093740110,6.43,6.43,6.437533182259631
20230613093742460,6.43,6.43,6.437533182259631
20230613093742990,6.43,6.43,6.437533182259631
20230613093743090,6.43,6.43,6.437533182259631
20230613093745160,6.43,6.43,6.437533182259631
20230613093745330,6.43,6.43,6.437533182259631
20230613093745650,6.43,6.43,6.437533182259631
20230613093745800,6.43,6.43,6.437533182259631
20230613093745860,6.43,6.43,6.437533182259631
20230613093752910,6.43,6.43,6.437533182259631
20230613093753010,6.43,6.43,6.437533182259631
20230613093755560,6.43,6.43,6.437533182259631
20230613093755580,6.43,6.43,6.437533182259631
20230613093756550,6.43,6.43,6.437533182259631
20230613093758140,6.43,6.43,6.437533182259631
20230613093758440,6.43,6.43,6.437533182259631
20230613093758510,6.43,6.43,6.437533182259631
20230613093758520,6.43,6.43,6.437533182259631
20230613093759240,6.43,6.43,6.437533182259631
20230613093801120,6.43,6.43,6.437533182259631
20230613093801400,6.43,6.43,6.437533182259631
20230613093801970,6.43,6.43,6.437533182259631
20230613093803720,6.43,6.43,6.437533182259631
20230613093804130,6.43,6.43,6.437533182259631
20230613093804330,6.43,6.43,6.437533182259631
20230613093804380,6.43,6.43,6.437533182259631
20230613093806690,6.43,6.43,6.437533182259631
20230613093809220,6.43,6.43,6.437533182259631
20230613093809650,6.43,6.43,6.437533182259631
20230613093810160,6.43,6.43,6.437533182259631
20230613093811940,6.43,6.43,6.437533182259631
20230613093815360,6.43,6.43,6.437533182259631
20230613093815470,6.43,6.43,6.437533182259631
20230613093817090,6.43,6.43,6.437533182259631
20230613093817240,6.43,6.43,6.437533182259631
20230613093817710,6.43,6.43,6.437533182259631
20230613093818050,6.43,6.43,6.437533182259631
20230613093820060,6.43,6.43,6.437533182259631
20230613093820230,6.43,6.43,6.437533182259631
20230613093820370,6.43,6.43,6.437533182259631
20230613093820570,6.43,6.43,6.437533182259631
20230613093820700,6.43,6.43,6.437533182259631
20230613093822860,6.43,6.43,6.437533182259631
20230613093822870,6.43,6.43,6.437533182259631
20230613093823020,6.43,6.43,6.436761992619926
20230613093823070,6.43,6.43,6.436761992619926
20230613093825450,6.43,6.43,6.436761992619926
20230613093826030,6.43,6.43,6.436694114059164
20230613093826040,6.43,6.43,6.436673761021587
20230613093826150,6.43,6.43,6.436673761021587
20230613093828160,6.43,6.43,6.436673761021587
20230613093828170,6.43,6.43,6.436555052790347
20230613093828210,6.43,6.43,6.436555052790347
20230613093828970,6.43,6.43,6.436555052790347
20230613093830960,6.43,6.43,6.436555052790347
20230613093831680,6.43,6.43,6.436555052790347
20230613093833410,6.43,6.43,6.436555052790347
20230613093834000,6.43,6.43,6.436555052790347
20230613093835920,6.43,6.43,6.436555052790347
20230613093836020,6.43,6.43,6.436555052790347
20230613093836620,6.43,6.43,6.436555052790347
20230613093836990,6.43,6.43,6.436555052790347
20230613093837090,6.43,6.43,6.436555052790347
20230613093837130,6.43,6.43,6.436555052790347
20230613093837140,6.43,6.43,6.436555052790347
20230613093837160,6.43,6.43,6.436555052790347
20230613093838690,6.43,6.43,6.436555052790347
20230613093839010,6.43,6.43,6.436555052790347
20230613093839190,6.43,6.43,6.436555052790347
20230613093839410,6.43,6.43,6.436555052790347
20230613093841330,6.43,6.43,6.436555052790347
20230613093841670,6.43,6.43,6.436555052790347
20230613093842410,6.43,6.43,6.436555052790347
20230613093844320,6.43,6.43,6.436555052790347
20230613093844340,6.43,6.43,6.436555052790347
20230613093844660,6.43,6.43,6.436555052790347
20230613093844860,6.43,6.43,6.436555052790347
20230613093845110,6.43,6.43,6.436555052790347
20230613093846710,6.43,6.43,6.436555052790347
20230613093849500,6.43,6.43,6.436555052790347
20230613093849600,6.43,6.43,6.436555052790347
20230613093849660,6.43,6.43,6.436555052790347
20230613093849850,6.43,6.43,6.436555052790347
20230613093852110,6.43,6.43,6.436555052790347
20230613093852120,6.43,6.43,6.436555052790347
20230613093852710,6.43,6.43,6.436555052790347
20230613093852770,6.43,6.43,6.436555052790347
20230613093855320,6.43,6.43,6.436555052790347
20230613093855340,6.43,6.43,6.436555052790347
20230613093855440,6.43,6.43,6.436555052790347
20230613093855750,6.43,6.43,6.436555052790347
20230613093856030,6.43,6.43,6.436555052790347
20230613093856050,6.43,6.43,6.436215818876801
20230613093856070,6.43,6.43,6.436215818876801
20230613093857620,6.43,6.43,6.436215818876801
20230613093857630,6.43,6.43,6.436215818876801
20230613093857640,6.43,6.43,6.436215818876801
20230613093857920,6.43,6.43,6.436215818876801
20230613093858130,6.43,6.43,6.436189498386623
20230613093858340,6.43,6.43,6.436189498386623
20230613093858590,6.43,6.43,6.436189498386623
20230613093900950,6.43,6.43,6.436164183464797
20230613093901080,6.43,6.43,6.436164183464797
20230613093901090,6.43,6.43,6.436164183464797
20230613093901120,6.43,6.43,6.436164183464797
20230613093903110,6.43,6.43,6.436164183464797
20230613093903210,6.43,6.43,6.436164183464797
20230613093903630,6.43,6.43,6.436164183464797
20230613093903880,6.43,6.43,6.436164183464797
20230613093904090,6.43,6.43,6.436164183464797
20230613093904110,6.43,6.43,6.436164183464797
20230613093905600,6.43,6.43,6.436164183464797
20230613093905610,6.43,6.43,6.436164183464797
20230613093905740,6.43,6.43,6.436164183464797
20230613093905980,6.43,6.43,6.436164183464797
20230613093906120,6.43,6.43,6.436164183464797
20230613093906140,6.43,6.43,6.436164183464797
20230613093906160,6.43,6.43,6.4356902356902355
20230613093906600,6.43,6.43,6.4356814357823895
20230613093908410,6.43,6.43,6.4356814357823895
20230613093908490,6.43,6.43,6.4356814357823895
20230613093908600,6.43,6.43,6.4356814357823895
20230613093908860,6.43,6.43,6.4356814357823895
20230613093909170,6.43,6.43,6.4356814357823895
20230613093909290,6.43,6.43,6.4356814357823895
20230613093909340,6.43,6.43,6.4356814357823895
20230613093911480,6.43,6.43,6.4356814357823895
20230613093911660,6.43,6.43,6.4356814357823895
20230613093912040,6.43,6.43,6.4356814357823895
20230613093912080,6.43,6.43,6.4356814357823895
20230613093912130,6.43,6.43,6.4356814357823895
20230613093912250,6.43,6.43,6.4356814357823895
20230613093912260,6.43,6.43,6.4356814357823895
20230613093913730,6.43,6.43,6.4356814357823895
20230613093913940,6.43,6.43,6.4356814357823895
20230613093914250,6.43,6.43,6.4356814357823895
20230613093914270,6.43,6.43,6.4356814357823895
20230613093914820,6.43,6.43,6.4356814357823895
20230613093916670,6.43,6.43,6.4356814357823895
20230613093917030,6.43,6.43,6.4356814357823895
20230613093919100,6.43,6.43,6.4356814357823895
20230613093919110,6.43,6.43,6.4356814357823895
20230613093919130,6.43,6.43,6.4356814357823895
20230613093919150,6.43,6.43,6.4356814357823895
20230613093919290,6.43,6.43,6.4356814357823895
20230613093919300,6.43,6.43,6.4356814357823895
20230613093919310,6.43,6.43,6.4356814357823895
20230613093919320,6.43,6.43,6.4356814357823895
20230613093919690,6.43,6.43,6.4356814357823895
20230613093920030,6.43,6.43,6.4356814357823895
20230613093920060,6.43,6.43,6.4356814357823895
20230613093922080,6.43,6.43,6.4356814357823895
20230613093922100,6.43,6.43,6.4356814357823895
20230613093922110,6.43,6.43,6.4356814357823895
20230613093922130,6.43,6.43,6.4356814357823895
20230613093922180,6.43,6.43,6.4356814357823895
20230613093922370,6.43,6.43,6.4356814357823895
20230613093922450,6.43,6.43,6.4356814357823895
20230613093922460,6.43,6.43,6.4356814357823895
20230613093922710,6.43,6.43,6.4356814357823895
20230613093922850,6.43,6.43,6.4356814357823895
20230613093922870,6.43,6.43,6.4356814357823895
20230613093922940,6.43,6.43,6.4356814357823895
20230613093922950,6.43,6.43,6.4356814357823895
20230613093922960,6.43,6.43,6.4356814357823895
20230613093923040,6.43,6.43,6.4356814357823895
20230613093924570,6.43,6.43,6.4356814357823895
20230613093924670,6.43,6.43,6.4356814357823895
20230613093924790,6.43,6.43,6.4356814357823895
20230613093925620,6.43,6.43,6.4356814357823895
20230613093925710,6.43,6.43,6.4356814357823895
20230613093927340,6.43,6.43,6.4356814357823895
20230613093930160,6.43,6.43,6.4356814357823895
20230613093930170,6.43,6.43,6.4356814357823895
20230613093930340,6.43,6.43,6.4356814357823895
20230613093930400,6.43,6.43,6.4356814357823895
20230613093930420,6.43,6.43,6.4356814357823895
20230613093930530,6.43,6.43,6.4356814357823895
20230613093930590,6.43,6.43,6.4356814357823895
20230613093930880,6.43,6.43,6.4356814357823895
20230613093930910,6.43,6.43,6.4356814357823895
20230613093931090,6.43,6.43,6.4356814357823895
20230613093931140,6.43,6.43,6.4356814357823895
20230613093931150,6.43,6.43,6.4356814357823895
20230613093935380,6.43,6.43,6.4356814357823895
20230613093935980,6.43,6.43,6.4356814357823895
20230613093936360,6.43,6.43,6.435784860557769
20230613093938130,6.43,6.43,6.435784860557769
20230613093938140,6.43,6.43,6.435784860557769
20230613093938150,6.43,6.43,6.435784860557769
20230613093940960,6.43,6.43,6.435784860557769
20230613093941400,6.43,6.43,6.435784860557769
20230613093941770,6.43,6.43,6.435784860557769
20230613093943560,6.43,6.43,6.435784860557769
20230613093943600,6.43,6.43,6.435784860557769
20230613093944360,6.43,6.43,6.435784860557769
20230613093946110,6.43,6.43,6.435784860557769
20230613093946300,6.43,6.43,6.435784860557769
20230613093946400,6.43,6.43,6.435742156604271
20230613093946800,6.43,6.43,6.435742156604271
20230613093946810,6.43,6.43,6.435742156604271
20230613093948920,6.43,6.43,6.435742156604271
20230613093948930,6.43,6.43,6.435742156604271
20230613093949100,6.43,6.43,6.435742156604271
20230613093949250,6.43,6.43,6.435742156604271
20230613093949500,6.43,6.43,6.435724047306176
20230613093949610,6.43,6.43,6.435704557359874
20230613093949620,6.43,6.43,6.435704557359874
20230613093949840,6.43,6.43,6.435704557359874
20230613093951990,6.43,6.43,6.435704557359874
20230613093952120,6.43,6.43,6.435704557359874
20230613093955110,6.43,6.43,6.435704557359874
20230613093955190,6.43,6.43,6.435704557359874
20230613093955240,6.43,6.43,6.435704557359874
20230613093957400,6.43,6.43,6.435704557359874
20230613093957630,6.43,6.43,6.435704557359874
20230613094000130,6.43,6.43,6.435704557359874
20230613094000150,6.43,6.43,6.435704557359874
20230613094000400,6.43,6.43,6.435704557359874
20230613094000470,6.43,6.43,6.435704557359874
20230613094000690,6.43,6.43,6.435704557359874
20230613094000810,6.43,6.43,6.435704557359874
20230613094002660,6.43,6.43,6.435704557359874
20230613094003180,6.43,6.43,6.435704557359874
20230613094003230,6.43,6.43,6.435704557359874
20230613094005400,6.43,6.43,6.435704557359874
20230613094005640,6.43,6.43,6.435704557359874
20230613094008040,6.43,6.43,6.435724713242961
20230613094008120,6.43,6.43,6.435724713242961
20230613094008620,6.43,6.43,6.435724713242961
20230613094013230,6.43,6.43,6.435724713242961
20230613094013270,6.43,6.43,6.435708344164284
20230613094013740,6.43,6.43,6.435708344164284
20230613094013980,6.43,6.43,6.435708344164284
20230613094018720,6.43,6.43,6.435708344164284
20230613094018810,6.43,6.43,6.435708344164284
20230613094019440,6.43,6.43,6.435436989353801
20230613094019570,6.43,6.43,6.435436989353801
20230613094019630,6.43,6.43,6.435436989353801
20230613094021970,6.43,6.43,6.435436989353801
20230613094022110,6.43,6.43,6.435436989353801
20230613094022240,6.43,6.43,6.435436989353801
20230613094024520,6.43,6.43,6.435436989353801
20230613094024790,6.43,6.43,6.435436989353801
20230613094027120,6.43,6.43,6.435436989353801
20230613094029560,6.43,6.43,6.435436989353801
20230613094029700,6.43,6.43,6.435436989353801
20230613094030120,6.43,6.43,6.435436989353801
20230613094032340,6.43,6.43,6.435436989353801
20230613094032670,6.43,6.43,6.435436989353801
20230613094033260,6.43,6.43,6.435436989353801
20230613094035510,6.43,6.43,6.435436989353801
20230613094037560,6.43,6.43,6.435436989353801
20230613094038290,6.43,6.43,6.435436989353801
20230613094038650,6.43,6.43,6.435436989353801
20230613094040780,6.43,6.43,6.435436989353801
20230613094040900,6.43,6.43,6.4349897750511245
20230613094040910,6.43,6.43,6.4349897750511245
20230613094041010,6.43,6.43,6.434987508516921
20230613094041240,6.43,6.43,6.434987508516921
20230613094043120,6.43,6.43,6.434987508516921
20230613094043280,6.43,6.43,6.434987508516921
20230613094043570,6.43,6.43,6.434987508516921
20230613094043690,6.43,6.43,6.434980945976238
20230613094045540,6.43,6.43,6.434980945976238
20230613094050990,6.43,6.43,6.434980945976238
20230613094051400,6.43,6.43,6.4349775985663085
20230613094053750,6.43,6.43,6.4349775985663085
20230613094053900,6.43,6.43,6.434938875305623
20230613094053930,6.43,6.43,6.434938875305623
20230613094054160,6.43,6.43,6.434938875305623
20230613094054430,6.43,6.43,6.434938875305623
20230613094057090,6.43,6.43,6.434938875305623
20230613094057220,6.43,6.43,6.434938875305623
20230613094057430,6.43,6.43,6.434924645390071
20230613094057440,6.43,6.43,6.434923554176822
20230613094100120,6.43,6.43,6.434923554176822
20230613094100250,6.43,6.43,6.434923554176822
20230613094104590,6.43,6.43,6.4349191941554125
20230613094105000,6.43,6.43,6.4349191941554125
20230613094107330,6.43,6.43,6.4349191941554125
20230613094107530,6.43,6.43,6.4349191941554125
20230613094107560,6.43,6.43,6.4349191941554125
20230613094108300,6.43,6.43,6.4349191941554125
20230613094110170,6.43,6.43,6.4349191941554125
20230613094110370,6.43,6.43,6.4349191941554125
20230613094113130,6.43,6.43,6.4349191941554125
20230613094115300,6.43,6.43,6.4349191941554125
20230613094115310,6.43,6.43,6.4349191941554125
20230613094115680,6.43,6.43,6.4349191941554125
20230613094116410,6.43,6.43,6.4349191941554125
20230613094118100,6.43,6.43,6.4349191941554125
20230613094118850,6.43,6.43,6.4349191941554125
20230613094118890,6.43,6.43,6.4349191941554125
20230613094119130,6.43,6.43,6.4349191941554125
20230613094120790,6.43,6.43,6.4349191941554125
20230613094121220,6.43,6.43,6.4349191941554125
20230613094121250,6.43,6.43,6.4349191941554125
20230613094121260,6.43,6.43,6.4349191941554125
20230613094121300,6.43,6.43,6.4349191941554125
20230613094123440,6.43,6.43,6.434853511417493
20230613094123740,6.43,6.43,6.434853511417493
20230613094124400,6.43,6.43,6.434853511417493
20230613094124420,6.43,6.43,6.434853511417493
20230613094124480,6.43,6.43,6.434853511417493
20230613094126090,6.43,6.43,6.434853511417493
20230613094126660,6.43,6.43,6.434853511417493
20230613094127140,6.43,6.43,6.434853511417493
20230613094128980,6.43,6.43,6.434859170070952
20230613094129220,6.43,6.43,6.434859170070952
20230613094131710,6.43,6.43,6.434859170070952
20230613094131750,6.43,6.43,6.434859170070952
20230613094131760,6.43,6.43,6.434859170070952
20230613094131870,6.43,6.43,6.434876794514677
20230613094131910,6.43,6.43,6.434876794514677
20230613094132170,6.43,6.43,6.434876794514677
20230613094132410,6.43,6.43,6.434896478121665
20230613094134120,6.43,6.43,6.434896478121665
20230613094137110,6.43,6.43,6.434896478121665
20230613094137130,6.43,6.43,6.434896478121665
20230613094137260,6.43,6.43,6.4348997440273035
20230613094140110,6.43,6.43,6.4348997440273035
20230613094140640,6.43,6.43,6.4348997440273035
20230613094142590,6.43,6.43,6.4348997440273035
20230613094142900,6.43,6.43,6.4348997440273035
20230613094143410,6.43,6.43,6.434909516712795
20230613094145030,6.43,6.43,6.434909516712795
20230613094145090,6.43,6.43,6.434909516712795
20230613094145100,6.43,6.43,6.434909516712795
20230613094145170,6.43,6.43,6.434909516712795
20230613094145250,6.43,6.43,6.434909516712795
20230613094145260,6.43,6.43,6.434909516712795
20230613094145270,6.43,6.43,6.434909516712795
20230613094145300,6.43,6.43,6.434909516712795
20230613094145330,6.43,6.43,6.434909516712795
20230613094145340,6.43,6.43,6.434909516712795
20230613094145360,6.43,6.43,6.434909516712795
20230613094146030,6.43,6.43,6.434909516712795
20230613094146050,6.43,6.43,6.434909516712795
20230613094146060,6.43,6.43,6.434909516712795
20230613094146070,6.43,6.43,6.434909516712795
20230613094146080,6.43,6.43,6.434909516712795
20230613094146090,6.44,6.43,6.434909516712795
20230613094146100,6.44,6.43,6.434909516712795
20230613094146110,6.44,6.43,6.434909516712795
20230613094147600,6.44,6.43,6.434909516712795
20230613094148290,6.44,6.43,6.434909516712795
20230613094153540,6.44,6.43,6.434909516712795
20230613094154160,6.44,6.43,6.434909516712795
20230613094155700,6.44,6.43,6.434909516712795
20230613094158930,6.44,6.43,6.434909516712795
20230613094201490,6.44,6.43,6.434909516712795
20230613094204020,6.44,6.43,6.435163819095477
20230613094204530,6.44,6.43,6.435112437810945
20230613094206970,6.44,6.43,6.435112437810945
20230613094206990,6.44,6.43,6.435112437810945
20230613094207130,6.44,6.43,6.435112437810945
20230613094207300,6.44,6.43,6.435112437810945
20230613094207340,6.44,6.43,6.435112437810945
20230613094209660,6.44,6.43,6.435116831683168
20230613094210160,6.44,6.43,6.435116831683168
20230613094211960,6.44,6.43,6.435116831683168
20230613094212140,6.44,6.43,6.435116831683168
20230613094212620,6.44,6.43,6.435116831683168
20230613094213090,6.44,6.43,6.435116831683168
20230613094215550,6.44,6.43,6.435116831683168
20230613094217340,6.44,6.43,6.435116831683168
20230613094220150,6.44,6.43,6.435116831683168
20230613094220850,6.44,6.43,6.435149019607843
20230613094220940,6.44,6.43,6.435149019607843
20230613094221030,6.44,6.43,6.435149019607843
20230613094221170,6.44,6.43,6.435149019607843
20230613094223110,6.44,6.43,6.435154719937328
20230613094223240,6.44,6.43,6.435154719937328
20230613094223440,6.44,6.43,6.435155668690033
20230613094223540,6.44,6.43,6.435157565081229
20230613094223710,6.44,6.43,6.4351613534128695
20230613094223800,6.44,6.43,6.43517738791423
20230613094225460,6.44,6.43,6.43517738791423
20230613094225810,6.44,6.43,6.4351728155339805
20230613094226100,6.44,6.43,6.43518683446273
20230613094226130,6.44,6.43,6.43518683446273
20230613094226140,6.44,6.43,6.43518683446273
20230613094226170,6.44,6.43,6.43518683446273
20230613094226180,6.44,6.43,6.43518683446273
20230613094226260,6.44,6.43,6.435195206803247
20230613094226270,6.44,6.43,6.4351961352657
20230613094226310,6.44,6.43,6.435197991114545
20230613094228100,6.44,6.43,6.435197991114545
20230613094228120,6.44,6.43,6.435197991114545
20230613094228270,6.44,6.43,6.435206929740135
20230613094228640,6.44,6.43,6.435206929740135
20230613094229040,6.44,6.43,6.435206929740135
20230613094230820,6.44,6.43,6.435206929740135
20230613094231020,6.44,6.43,6.435206929740135
20230613094231120,6.44,6.43,6.435199310080491
20230613094231520,6.44,6.43,6.435199310080491
20230613094231590,6.44,6.43,6.435202987361165
20230613094234270,6.44,6.43,6.435202987361165
20230613094237280,6.44,6.43,6.435202987361165
20230613094239870,6.44,6.43,6.435202987361165
20230613094240110,6.44,6.43,6.435202987361165
20230613094244830,6.44,6.43,6.435202987361165
20230613094247370,6.44,6.43,6.435202987361165
20230613094247560,6.44,6.43,6.435202987361165
20230613094248160,6.44,6.43,6.435202987361165
20230613094250210,6.44,6.43,6.435202987361165
20230613094250220,6.44,6.43,6.435202987361165
20230613094250640,6.44,6.43,6.435202987361165
20230613094252510,6.44,6.43,6.435202987361165
20230613094253000,6.44,6.43,6.435202987361165
20230613094253270,6.44,6.43,6.435202987361165
20230613094255490,6.44,6.43,6.435202987361165
20230613094255510,6.44,6.43,6.435202987361165
20230613094258090,6.44,6.43,6.435202987361165
20230613094258700,6.44,6.43,6.435202987361165
20230613094258750,6.44,6.43,6.435202987361165
20230613094258980,6.44,6.43,6.435202987361165
20230613094300710,6.44,6.43,6.435202987361165
20230613094300810,6.44,6.43,6.435202987361165
20230613094301060,6.44,6.43,6.435202987361165
20230613094301660,6.44,6.43,6.435202987361165
20230613094303240,6.44,6.43,6.435202987361165
20230613094303650,6.44,6.43,6.435202987361165
20230613094304120,6.44,6.43,6.435202987361165
20230613094306720,6.44,6.43,6.435202987361165
20230613094307030,6.44,6.43,6.435168128930226
20230613094309610,6.44,6.43,6.435168128930226
20230613094312140,6.44,6.43,6.435168128930226
20230613094314750,6.44,6.43,6.435168128930226
20230613094314760,6.44,6.43,6.435168128930226
20230613094316730,6.44,6.43,6.435168128930226
20230613094317390,6.44,6.43,6.435195968645017
20230613094322160,6.44,6.43,6.435195968645017
20230613094322320,6.44,6.43,6.4351912365391755
20230613094322450,6.44,6.43,6.4351912365391755
20230613094325670,6.44,6.43,6.4351912365391755
20230613094327580,6.44,6.43,6.4351912365391755
20230613094327840,6.44,6.43,6.4351912365391755
20230613094328360,6.44,6.43,6.435196587537092
20230613094330530,6.44,6.43,6.435196587537092
20230613094331110,6.44,6.43,6.435196587537092
20230613094333170,6.44,6.43,6.435196587537092
20230613094333610,6.44,6.43,6.435196587537092
20230613094333750,6.44,6.43,6.435196587537092
20230613094333810,6.44,6.43,6.435196587537092
20230613094335910,6.44,6.43,6.435196587537092
20230613094336060,6.44,6.43,6.435216829673371
20230613094336070,6.44,6.43,6.435216829673371
20230613094336510,6.44,6.43,6.435216829673371
20230613094336680,6.44,6.43,6.435216829673371
20230613094339490,6.44,6.43,6.435216829673371
20230613094341620,6.44,6.43,6.435216829673371
20230613094344010,6.44,6.43,6.435216829673371
20230613094344250,6.44,6.43,6.435216829673371
20230613094347430,6.44,6.43,6.435216829673371
20230613094347610,6.44,6.43,6.435216829673371
20230613094349240,6.44,6.43,6.435216829673371
20230613094349280,6.44,6.43,6.435216829673371
20230613094351940,6.44,6.43,6.435216829673371
20230613094352280,6.44,6.43,6.435216829673371
20230613094352720,6.44,6.43,6.435216829673371
20230613094354950,6.44,6.43,6.435216829673371
20230613094355490,6.44,6.43,6.435216829673371
20230613094357300,6.44,6.43,6.435204501584296
20230613094358070,6.44,6.43,6.435204501584296
20230613094358100,6.44,6.43,6.435204501584296
20230613094358110,6.44,6.43,6.435204501584296
20230613094400120,6.44,6.43,6.435204501584296
20230613094400610,6.44,6.43,6.435204501584296
20230613094400810,6.44,6.43,6.435204501584296
20230613094403140,6.44,6.43,6.435204501584296
20230613094403220,6.44,6.43,6.435204501584296
20230613094403280,6.44,6.43,6.435204501584296
20230613094403730,6.44,6.43,6.435204501584296
20230613094405950,6.44,6.43,6.435214569058781
20230613094406050,6.44,6.43,6.435214569058781
20230613094406120,6.44,6.43,6.435215431764918
20230613094406280,6.44,6.43,6.43512307419869
20230613094406450,6.44,6.43,6.43512307419869
20230613094410890,6.44,6.43,6.43512307419869
20230613094411060,6.44,6.43,6.43512307419869
20230613094411090,6.44,6.43,6.43512307419869
20230613094411380,6.44,6.43,6.43512307419869
20230613094411440,6.44,6.43,6.43512307419869
20230613094414040,6.44,6.43,6.43512307419869
20230613094416130,6.44,6.43,6.43511944788533
20230613094416520,6.44,6.43,6.43511944788533
20230613094417270,6.44,6.43,6.43511944788533
20230613094419280,6.44,6.43,6.43511944788533
20230613094419480,6.44,6.43,6.435118542108988
20230613094422350,6.44,6.43,6.43517488632389
20230613094422510,6.44,6.43,6.435092066769919
20230613094422600,6.44,6.43,6.435092066769919
20230613094422610,6.44,6.43,6.435095442820292
20230613094424730,6.44,6.43,6.435095442820292
20230613094425060,6.44,6.43,6.435094566712517
20230613094425090,6.44,6.43,6.435091065292096
20230613094425100,6.44,6.43,6.435091065292096
20230613094427060,6.44,6.43,6.435089316386121
20230613094427130,6.44,6.43,6.435087568681318
20230613094427190,6.44,6.43,6.435087568681318
20230613094427260,6.44,6.43,6.435079718841076
20230613094427270,6.44,6.43,6.435071893187264
20230613094427300,6.44,6.43,6.435071025158309
20230613094427580,6.44,6.43,6.435071025158309
20230613094427810,6.44,6.43,6.43506755601163
20230613094427830,6.44,6.43,6.435065823217644
20230613094427950,6.44,6.43,6.435063226247437
20230613094428120,6.44,6.43,6.435061496412709
20230613094430460,6.44,6.43,6.435061496412709
20230613094432700,6.44,6.43,6.435061496412709
20230613094433230,6.43,6.43,6.435061496412709
20230613094433390,6.43,6.43,6.435061496412709
20230613094435140,6.43,6.43,6.435061496412709
20230613094435600,6.43,6.43,6.435061496412709
20230613094435850,6.43,6.43,6.434921306481638
20230613094435980,6.43,6.43,6.434878501518731
20230613094436200,6.43,6.43,6.434878501518731
20230613094438420,6.44,6.43,6.434878501518731
20230613094438790,6.43,6.43,6.434809914587171
20230613094438910,6.43,6.43,6.434809914587171
20230613094441100,6.43,6.43,6.434809914587171
20230613094441390,6.43,6.43,6.434809914587171
20230613094443400,6.43,6.43,6.434809914587171
20230613094443430,6.43,6.43,6.434809914587171
20230613094443940,6.43,6.43,6.434809914587171
20230613094444060,6.43,6.43,6.43277289113194
20230613094446010,6.43,6.43,6.4326506712367895
20230613094446060,6.43,6.43,6.4326506712367895
20230613094446440,6.43,6.43,6.4326506712367895
20230613094446450,6.43,6.43,6.4326506712367895
20230613094446620,6.43,6.43,6.4326506712367895
20230613094446690,6.43,6.43,6.4326506712367895
20230613094449000,6.43,6.43,6.4326506712367895
20230613094451190,6.43,6.43,6.4326506712367895
20230613094452130,6.43,6.43,6.432643448472738
20230613094452280,6.43,6.43,6.432643448472738
20230613094452320,6.43,6.43,6.432643448472738
20230613094454590,6.43,6.43,6.432618233618234
20230613094454610,6.43,6.43,6.432618233618234
20230613094459400,6.43,6.43,6.432618233618234
20230613094459410,6.43,6.43,6.432618233618234
20230613094459490,6.43,6.43,6.432618233618234
20230613094459620,6.43,6.43,6.432618233618234
20230613094500110,6.43,6.43,6.432618233618234
20230613094500340,6.43,6.43,6.432618233618234
20230613094502560,6.43,6.43,6.432618233618234
20230613094505150,6.43,6.43,6.432618233618234
20230613094505190,6.43,6.43,6.432618233618234
20230613094510700,6.43,6.43,6.432523681606107
20230613094512790,6.43,6.43,6.432523681606107
20230613094512810,6.43,6.43,6.432523681606107
20230613094512860,6.43,6.43,6.432523681606107
20230613094513040,6.43,6.43,6.432523681606107
20230613094515720,6.43,6.43,6.432523681606107
20230613094516000,6.43,6.43,6.432523681606107
20230613094516360,6.43,6.43,6.432523681606107
20230613094518320,6.42,6.43,6.431849177697553
20230613094518330,6.42,6.43,6.431442220787605
20230613094518340,6.42,6.43,6.431281985996181
20230613094518350,6.42,6.43,6.431108047129606
20230613094518360,6.42,6.43,6.431108047129606
20230613094518380,6.42,6.43,6.431101089815859
20230613094518400,6.42,6.43,6.4310927525347354
20230613094518420,6.42,6.43,6.4310885885885885
20230613094518430,6.43,6.43,6.430971895505757
20230613094518440,6.43,6.43,6.430971895505757
20230613094518480,6.43,6.43,6.430971895505757
20230613094518830,6.43,6.43,6.430971895505757
20230613094518920,6.43,6.43,6.430971895505757
20230613094519040,6.43,6.43,6.430971895505757
20230613094519050,6.43,6.43,6.430971895505757
20230613094519060,6.43,6.43,6.430971895505757
20230613094519080,6.43,6.43,6.430971895505757
20230613094519270,6.43,6.43,6.430971895505757
20230613094519310,6.43,6.43,6.430971895505757
20230613094520870,6.43,6.43,6.430971895505757
20230613094520880,6.43,6.43,6.430971895505757
20230613094521690,6.43,6.43,6.430971895505757
20230613094521800,6.43,6.43,6.430971895505757
20230613094522090,6.43,6.43,6.430971895505757
20230613094522110,6.43,6.43,6.430971895505757
20230613094523560,6.43,6.43,6.430971895505757
20230613094523630,6.43,6.43,6.430971895505757
20230613094523690,6.43,6.43,6.430971895505757
20230613094524090,6.43,6.43,6.4309499514091355
20230613094524560,6.43,6.43,6.4309499514091355
20230613094526460,6.43,6.43,6.4309499514091355
20230613094527180,6.43,6.43,6.4309499514091355
20230613094527270,6.43,6.43,6.4309499514091355
20230613094527500,6.43,6.43,6.4309499514091355
20230613094528990,6.43,6.43,6.4309499514091355
20230613094529750,6.43,6.43,6.4309499514091355
20230613094529770,6.43,6.43,6.4309499514091355
20230613094529900,6.43,6.43,6.4309499514091355
20230613094530220,6.43,6.43,6.4309499514091355
20230613094531720,6.43,6.43,6.4309499514091355
20230613094531880,6.43,6.43,6.4309499514091355
20230613094534520,6.43,6.43,6.4309499514091355
20230613094534620,6.44,6.43,6.4309097254536995
20230613094534660,6.44,6.43,6.430899470899471
20230613094534670,6.44,6.43,6.430899367452559
20230613094534680,6.44,6.43,6.430899367452559
20230613094534700,6.44,6.43,6.4308992640294385
20230613094534730,6.44,6.43,6.430898643989887
20230613094534750,6.44,6.43,6.430898643989887
20230613094534770,6.44,6.43,6.430898643989887
20230613094534860,6.44,6.43,6.4308984375
20230613094534880,6.44,6.43,6.430894020807134
20230613094534890,6.44,6.43,6.430894020807134
20230613094534910,6.44,6.43,6.430894020807134
20230613094534960,6.44,6.43,6.430894020807134
20230613094534980,6.44,6.43,6.430894020807134
20230613094535030,6.44,6.43,6.430894020807134
20230613094535040,6.44,6.43,6.430894020807134
20230613094535260,6.44,6.43,6.430894020807134
20230613094535440,6.44,6.43,6.430890255009108
20230613094537380,6.44,6.43,6.4308944014565315
20230613094537410,6.44,6.43,6.4308944014565315
20230613094537470,6.44,6.43,6.430865918621784
20230613094537530,6.44,6.43,6.430865918621784
20230613094537540,6.44,6.43,6.4307453485765524
20230613094537610,6.44,6.43,6.4307453485765524
20230613094537640,6.44,6.43,6.4307453485765524
20230613094537660,6.44,6.43,6.4307453485765524
20230613094537680,6.44,6.43,6.4307453485765524
20230613094537720,6.44,6.43,6.4307453485765524
20230613094537790,6.43,6.43,6.4307453485765524
20230613094538100,6.43,6.43,6.4307453485765524
20230613094538110,6.43,6.43,6.4307453485765524
20230613094538120,6.43,6.43,6.430745181532945
20230613094538150,6.44,6.43,6.430744931107875
20230613094539800,6.44,6.43,6.430744931107875
20230613094539930,6.44,6.43,6.430744931107875
20230613094540110,6.44,6.43,6.430744430762342
20230613094542560,6.44,6.43,6.430744430762342
20230613094543120,6.44,6.43,6.430744430762342
20230613094543370,6.44,6.43,6.430744430762342
20230613094543610,6.44,6.43,6.430744430762342
20230613094543650,6.44,6.43,6.430744430762342
20230613094545180,6.44,6.43,6.430744430762342
20230613094545410,6.44,6.43,6.430748573346761
20230613094545520,6.44,6.43,6.430748573346761
20230613094545790,6.44,6.43,6.430747569560845
20230613094545980,6.44,6.43,6.430747569560845
20230613094547960,6.44,6.43,6.430747569560845
20230613094548280,6.44,6.43,6.430747569560845
20230613094548450,6.44,6.43,6.430747569560845
20230613094548480,6.44,6.43,6.430747569560845
20230613094548500,6.44,6.43,6.430747569560845
20230613094551250,6.44,6.43,6.430747319034853
20230613094551420,6.44,6.43,6.430747319034853
20230613094553330,6.44,6.43,6.430747319034853
20230613094553340,6.44,6.43,6.430747319034853
20230613094553360,6.44,6.43,6.430747319034853
20230613094553370,6.44,6.43,6.430747319034853
20230613094553400,6.44,6.43,6.430747319034853
20230613094553440,6.44,6.43,6.430751451540867
20230613094553450,6.44,6.43,6.430752484090656
20230613094553640,6.44,6.43,6.430752484090656
20230613094553850,6.44,6.43,6.430752484090656
20230613094553970,6.44,6.43,6.430752484090656
20230613094554000,6.44,6.43,6.430752484090656
20230613094554430,6.44,6.43,6.430752484090656
20230613094555980,6.44,6.43,6.430767944716897
20230613094556030,6.44,6.43,6.430767944716897
20230613094556070,6.44,6.43,6.430767944716897
20230613094558730,6.43,6.43,6.430711262516775
20230613094558740,6.43,6.43,6.430706811653673
20230613094558770,6.43,6.43,6.430706811653673
20230613094559030,6.44,6.43,6.43070623206232
20230613094559060,6.44,6.43,6.43070623206232
20230613094559090,6.44,6.43,6.43070623206232
20230613094559770,6.44,6.43,6.43070623206232
20230613094601520,6.44,6.43,6.43070623206232
20230613094601620,6.44,6.43,6.43070623206232
20230613094602030,6.44,6.43,6.43070623206232
20230613094602080,6.44,6.43,6.43070623206232
20230613094602280,6.44,6.43,6.43070623206232
20230613094604090,6.44,6.43,6.43070623206232
20230613094604110,6.44,6.43,6.43070623206232
20230613094604120,6.44,6.43,6.430705942622951
20230613094604550,6.44,6.43,6.430705942622951
20230613094604580,6.44,6.43,6.430705725699068
20230613094606760,6.44,6.43,6.430705725699068
20230613094607120,6.44,6.43,6.430705725699068
20230613094607310,6.44,6.43,6.430705725699068
20230613094607490,6.44,6.43,6.430705725699068
20230613094607610,6.44,6.43,6.430705725699068
20230613094609930,6.44,6.43,6.430704643076294
20230613094610180,6.44,6.43,6.430704643076294
20230613094610260,6.44,6.43,6.430704643076294
20230613094610550,6.44,6.43,6.430704643076294
20230613094615040,6.44,6.43,6.430704643076294
20230613094615060,6.44,6.43,6.430704643076294
20230613094615630,6.44,6.43,6.43070255939635
20230613094618600,6.44,6.43,6.43070255939635
20230613094620890,6.44,6.43,6.43070255939635
20230613094621170,6.44,6.43,6.430701915240424
20230613094623050,6.44,6.43,6.430701915240424
20230613094623100,6.44,6.43,6.430701915240424
20230613094623130,6.44,6.43,6.430701915240424
20230613094623270,6.44,6.43,6.430701915240424
20230613094623280,6.44,6.43,6.430701915240424
20230613094623450,6.44,6.43,6.430701915240424
20230613094623610,6.44,6.43,6.430701915240424
20230613094623680,6.44,6.43,6.430701915240424
20230613094624190,6.44,6.43,6.430701915240424
20230613094625830,6.44,6.43,6.430701915240424
20230613094626030,6.44,6.43,6.430701915240424
20230613094626790,6.44,6.43,6.430701915240424
20230613094628440,6.44,6.43,6.430701915240424
20230613094628680,6.44,6.43,6.430701915240424
20230613094631380,6.44,6.43,6.430701915240424
20230613094631460,6.44,6.43,6.430701915240424
20230613094633940,6.44,6.43,6.430701915240424
20230613094634300,6.44,6.43,6.430701915240424
20230613094634520,6.44,6.43,6.430701915240424
20230613094634610,6.44,6.43,6.430701915240424
20230613094634960,6.43,6.43,6.430690796069781
20230613094635010,6.43,6.43,6.430690796069781
20230613094636480,6.43,6.43,6.430689551641313
20230613094636530,6.43,6.43,6.430689551641313
20230613094636650,6.43,6.43,6.430689551641313
20230613094636680,6.43,6.43,6.430688242932774
20230613094636710,6.43,6.43,6.430688242932774
20230613094636720,6.43,6.43,6.43068748752744
20230613094636730,6.43,6.43,6.43068748752744
20230613094636740,6.43,6.43,6.43068748752744
20230613094637070,6.43,6.43,6.43068748752744
20230613094637080,6.44,6.43,6.430713717693837
20230613094637090,6.44,6.43,6.430713717693837
20230613094637100,6.44,6.43,6.430722939424032
20230613094637110,6.44,6.43,6.430722939424032
20230613094637120,6.44,6.43,6.430722939424032
20230613094637130,6.44,6.43,6.430722939424032
20230613094637140,6.44,6.43,6.430722939424032
20230613094637180,6.44,6.43,6.430722939424032
20230613094637200,6.44,6.43,6.430722867639758
20230613094637220,6.44,6.43,6.430722867639758
20230613094639270,6.44,6.43,6.430722867639758
20230613094640080,6.44,6.43,6.430722867639758
20230613094640110,6.44,6.43,6.430722867639758
20230613094640120,6.44,6.43,6.430722580645162
20230613094640140,6.44,6.43,6.4307221505803
20230613094640200,6.44,6.43,6.4307221505803
20230613094640220,6.44,6.43,6.4307221505803
20230613094642170,6.44,6.43,6.4307221505803
20230613094642300,6.44,6.43,6.4307221505803
20230613094644930,6.44,6.43,6.430721935739786
20230613094645400,6.44,6.43,6.430721935739786
20230613094647330,6.44,6.43,6.430721792583779
20230613094648190,6.44,6.43,6.430721792583779
20230613094650340,6.44,6.43,6.430721792583779
20230613094650580,6.44,6.43,6.430721792583779
20230613094650920,6.44,6.43,6.430721792583779
20230613094653570,6.44,6.43,6.430721792583779
20230613094653860,6.44,6.43,6.430721792583779
20230613094655900,6.44,6.43,6.430720934838582
20230613094658080,6.44,6.44,6.430720934838582
20230613094658090,6.44,6.44,6.430720934838582
20230613094658150,6.44,6.44,6.430720934838582
20230613094658160,6.44,6.44,6.430720934838582
20230613094658170,6.44,6.44,6.430720934838582
20230613094658920,6.44,6.44,6.430720934838582
20230613094659290,6.44,6.44,6.430720934838582
20230613094701100,6.44,6.44,6.430720934838582
20230613094701110,6.44,6.44,6.430720934838582
20230613094701120,6.44,6.44,6.430720934838582
20230613094701130,6.44,6.44,6.430720934838582
20230613094701140,6.44,6.44,6.430720934838582
20230613094701150,6.44,6.44,6.430720934838582
20230613094701160,6.44,6.44,6.430720934838582
20230613094701220,6.44,6.44,6.430720934838582
20230613094701380,6.44,6.44,6.430720934838582
20230613094701400,6.44,6.44,6.430720934838582
20230613094704110,6.44,6.44,6.430720934838582
20230613094704120,6.44,6.44,6.430720934838582
20230613094704150,6.44,6.44,6.430772345679013
20230613094704380,6.44,6.44,6.430772345679013
20230613094706510,6.44,6.44,6.430772345679013
20230613094706520,6.44,6.44,6.430772345679013
20230613094706680,6.44,6.44,6.430772345679013
20230613094706770,6.44,6.44,6.430772345679013
20230613094706830,6.44,6.44,6.430772345679013
20230613094707020,6.44,6.44,6.430772345679013
20230613094707090,6.44,6.44,6.430772345679013
20230613094707110,6.44,6.44,6.430803034781752
20230613094707300,6.44,6.44,6.430803034781752
20230613094709190,6.44,6.44,6.430803034781752
20230613094709200,6.44,6.44,6.430803034781752
20230613094709310,6.44,6.44,6.430803034781752
20230613094711590,6.44,6.44,6.430803034781752
20230613094711820,6.44,6.44,6.430803034781752
20230613094712010,6.44,6.44,6.430803034781752
20230613094712150,6.44,6.44,6.43122688751926
20230613094712190,6.44,6.44,6.43122688751926
20230613094714290,6.44,6.44,6.43122688751926
20230613094714930,6.44,6.44,6.431243752402922
20230613094717050,6.44,6.44,6.431243752402922
20230613094717280,6.44,6.44,6.431243752402922
20230613094717810,6.44,6.44,6.431243752402922
20230613094717990,6.44,6.44,6.431243752402922
20230613094720070,6.44,6.44,6.431243752402922
20230613094720730,6.44,6.44,6.431243752402922
20230613094720840,6.44,6.44,6.431243752402922
20230613094725050,6.44,6.44,6.431243752402922
20230613094725270,6.44,6.44,6.431252160553101
20230613094725390,6.44,6.44,6.431258036656751
20230613094727810,6.44,6.44,6.431258036656751
20230613094727990,6.44,6.44,6.431258036656751
20230613094728120,6.44,6.44,6.431258036656751
20230613094731270,6.44,6.44,6.431258036656751
20230613094733160,6.44,6.44,6.431258036656751
20230613094734090,6.44,6.44,6.431258036656751
20230613094735940,6.44,6.44,6.431258036656751
20230613094736330,6.44,6.44,6.431258036656751
20230613094736690,6.44,6.44,6.431258036656751
20230613094737000,6.44,6.44,6.431258036656751
20230613094738980,6.44,6.44,6.431258036656751
20230613094741440,6.44,6.44,6.431258036656751
20230613094742000,6.44,6.44,6.431258036656751
20230613094744080,6.44,6.44,6.431258036656751
20230613094744320,6.44,6.44,6.431258036656751
20230613094745140,6.44,6.44,6.431258036656751
20230613094745200,6.44,6.44,6.431258036656751
20230613094746820,6.44,6.44,6.431258036656751
20230613094747220,6.44,6.44,6.431258036656751
20230613094747270,6.44,6.44,6.431258036656751
20230613094747830,6.44,6.44,6.431258036656751
20230613094749480,6.44,6.44,6.431258036656751
20230613094750390,6.44,6.44,6.431258036656751
20230613094750480,6.44,6.44,6.431273946360153
20230613094750550,6.44,6.44,6.431273946360153
20230613094752110,6.44,6.44,6.431273946360153
20230613094752510,6.44,6.44,6.431273946360153
20230613094752690,6.44,6.44,6.4312881323515345
20230613094753150,6.44,6.44,6.4312881323515345
20230613094754920,6.44,6.44,6.4312881323515345
20230613094755090,6.44,6.44,6.431308081289953
20230613094755220,6.44,6.44,6.431311397234144
20230613094757560,6.44,6.44,6.431339480939252
20230613094757570,6.44,6.44,6.431339480939252
20230613094757610,6.44,6.44,6.431339480939252
20230613094757620,6.44,6.44,6.431339480939252
20230613094757630,6.44,6.44,6.431339480939252
20230613094757640,6.44,6.44,6.431339480939252
20230613094757650,6.44,6.44,6.431441187523488
20230613094757720,6.44,6.44,6.431441187523488
20230613094757750,6.44,6.44,6.431441187523488
20230613094757860,6.44,6.44,6.431442795416118
20230613094757870,6.44,6.44,6.431442795416118
20230613094758030,6.44,6.44,6.431458841177574
20230613094758090,6.44,6.44,6.4316199061723855
20230613094758100,6.44,6.44,6.431623758734829
20230613094758110,6.44,6.44,6.4316252987681555
20230613094758330,6.44,6.44,6.4316252987681555
20230613094800150,6.44,6.44,6.4316252987681555
20230613094800310,6.44,6.44,6.4316252987681555
20230613094800470,6.44,6.44,6.4316252987681555
20230613094800930,6.44,6.44,6.4316252987681555
20230613094801000,6.44,6.44,6.4316222161121805
20230613094801080,6.44,6.44,6.43162375148905
20230613094801090,6.44,6.44,6.43162375148905
20230613094801100,6.44,6.44,6.43162375148905
20230613094801110,6.44,6.44,6.43162375148905
20230613094801190,6.44,6.44,6.431643020594966
20230613094801250,6.44,6.44,6.431673506611947
20230613094802960,6.44,6.44,6.431673506611947
20230613094804020,6.44,6.44,6.431673506611947
20230613094804050,6.44,6.44,6.431673506611947
20230613094804070,6.44,6.44,6.431673506611947
20230613094804090,6.44,6.44,6.431708291708292
20230613094804100,6.44,6.44,6.431708291708292
20230613094806080,6.44,6.44,6.431708291708292
20230613094806500,6.44,6.44,6.431708291708292
20230613094806690,6.44,6.44,6.431708291708292
20230613094806700,6.44,6.44,6.431708291708292
20230613094808270,6.44,6.44,6.431708291708292
20230613094808640,6.44,6.44,6.431708291708292
20230613094809000,6.44,6.44,6.431768842408943
20230613094809100,6.44,6.44,6.431768842408943
20230613094809210,6.44,6.44,6.431768842408943
20230613094809380,6.44,6.44,6.431768842408943
20230613094809400,6.44,6.44,6.431768842408943
20230613094809430,6.44,6.44,6.431768842408943
20230613094811100,6.44,6.44,6.431768842408943
20230613094811960,6.44,6.44,6.431768842408943
20230613094812170,6.44,6.44,6.431768842408943
20230613094813730,6.44,6.44,6.431768842408943
20230613094813780,6.44,6.44,6.431794202376666
20230613094817440,6.44,6.44,6.431794202376666
20230613094820230,6.44,6.44,6.431794202376666
20230613094820260,6.44,6.44,6.431794202376666
20230613094821910,6.44,6.44,6.431794202376666
20230613094822170,6.44,6.44,6.431794202376666
20230613094824590,6.44,6.44,6.431794202376666
20230613094824870,6.44,6.44,6.431794202376666
20230613094824910,6.44,6.44,6.431794202376666
20230613094825540,6.44,6.44,6.431794202376666
20230613094827420,6.44,6.44,6.431794202376666
20230613094827970,6.44,6.44,6.431794202376666
20230613094828130,6.44,6.44,6.431794202376666
20230613094830240,6.44,6.44,6.431794202376666
20230613094831090,6.44,6.44,6.431794202376666
20230613094832730,6.44,6.44,6.431794202376666
20230613094833040,6.44,6.44,6.431794202376666
20230613094835270,6.44,6.44,6.431794202376666
20230613094835410,6.44,6.44,6.431794202376666
20230613094835480,6.44,6.44,6.431798632355587
20230613094835490,6.44,6.44,6.431798632355587
20230613094835500,6.44,6.44,6.431798632355587
20230613094835620,6.44,6.44,6.431798632355587
20230613094835760,6.44,6.44,6.431798632355587
20230613094835950,6.44,6.44,6.431798632355587
20230613094835970,6.44,6.44,6.431798632355587
20230613094836020,6.44,6.44,6.431798632355587
20230613094836080,6.44,6.44,6.431807477979508
20230613094836090,6.44,6.44,6.431807477979508
20230613094836140,6.44,6.44,6.4318375570878485
20230613094836200,6.44,6.44,6.4318375570878485
20230613094836240,6.44,6.44,6.4318375570878485
20230613094836250,6.44,6.44,6.4318375570878485
20230613094838090,6.44,6.44,6.4318375570878485
20230613094838110,6.44,6.44,6.4318375570878485
20230613094838730,6.44,6.44,6.4318375570878485
20230613094840650,6.44,6.44,6.4318375570878485
20230613094840780,6.44,6.44,6.431865238732708
20230613094840790,6.44,6.44,6.431865238732708
20230613094840800,6.44,6.44,6.431865964661788
20230613094840910,6.44,6.44,6.431865964661788
20230613094841020,6.44,6.44,6.431865964661788
20230613094841080,6.44,6.44,6.431865964661788
20230613094841090,6.44,6.44,6.431865964661788
20230613094841100,6.44,6.44,6.43188045608409
20230613094843440,6.44,6.44,6.43188045608409
20230613094844090,6.44,6.44,6.43188045608409
20230613094844110,6.44,6.44,6.4318826253450885
20230613094844230,6.44,6.44,6.431904973357016
20230613094844240,6.44,6.44,6.431904973357016
20230613094846700,6.44,6.44,6.431904973357016
20230613094846740,6.44,6.44,6.431904973357016
20230613094846770,6.44,6.44,6.431904973357016
20230613094849160,6.44,6.44,6.431904973357016
20230613094849260,6.44,6.44,6.431904973357016
20230613094849770,6.44,6.44,6.431904973357016
20230613094849820,6.44,6.44,6.431904973357016
20230613094849830,6.44,6.44,6.4319300575475875
20230613094849860,6.44,6.44,6.4319257950530035
20230613094849960,6.44,6.44,6.4319257950530035
20230613094851630,6.44,6.44,6.4319257950530035
20230613094851660,6.44,6.44,6.4319257950530035
20230613094851760,6.44,6.44,6.4319307848503575
20230613094852090,6.44,6.44,6.4319307848503575
20230613094852490,6.44,6.44,6.4319307848503575
20230613094854550,6.44,6.44,6.4319407459659645
20230613094854580,6.44,6.44,6.4319407459659645
20230613094854660,6.44,6.44,6.4319407459659645
20230613094854690,6.44,6.44,6.4319407459659645
20230613094855010,6.44,6.44,6.4319407459659645
20230613094855080,6.44,6.44,6.4319407459659645
20230613094855230,6.44,6.44,6.4319407459659645
20230613094857200,6.44,6.44,6.431945007490967
20230613094857410,6.44,6.44,6.431945007490967
20230613094857510,6.44,6.44,6.431945007490967
20230613094857690,6.44,6.44,6.431945007490967
20230613094858020,6.44,6.44,6.431945007490967
20230613094858030,6.44,6.44,6.431949973577594
20230613094858090,6.44,6.44,6.431949973577594
20230613094858100,6.44,6.44,6.431949973577594
20230613094859570,6.44,6.44,6.431949973577594
20230613094859740,6.44,6.44,6.431949973577594
20230613094859900,6.44,6.44,6.431949973577594
20230613094900040,6.44,6.44,6.431949973577594
20230613094900050,6.44,6.44,6.431949973577594
20230613094900080,6.44,6.44,6.431949973577594
20230613094900100,6.44,6.44,6.431949973577594
20230613094900710,6.44,6.44,6.431949973577594
20230613094902610,6.44,6.44,6.431949973577594
20230613094902700,6.44,6.44,6.431949973577594
20230613094902830,6.44,6.44,6.431949973577594
20230613094903460,6.44,6.44,6.431949973577594
20230613094905340,6.44,6.44,6.431949973577594
20230613094905450,6.44,6.44,6.431949973577594
20230613094905740,6.44,6.44,6.431949973577594
20230613094907710,6.44,6.44,6.431949973577594
20230613094908410,6.44,6.44,6.431969803370786
20230613094908560,6.44,6.44,6.431969803370786
20230613094910390,6.44,6.44,6.431969630474853
20230613094910430,6.44,6.44,6.431969630474853
20230613094911200,6.44,6.44,6.431969630474853
20230613094913080,6.44,6.44,6.4319696571077785
20230613094913450,6.44,6.44,6.4319696571077785
20230613094915920,6.44,6.44,6.4319696571077785
20230613094915930,6.44,6.44,6.431976744186047
20230613094916120,6.44,6.44,6.431976744186047
20230613094916230,6.44,6.44,6.431988651243998
20230613094916240,6.44,6.44,6.4320095777100565
20230613094916630,6.44,6.44,6.4320095777100565
20230613094916700,6.44,6.44,6.4320095777100565
20230613094916890,6.44,6.44,6.4320095777100565
20230613094918830,6.44,6.44,6.4320095777100565
20230613094919150,6.44,6.44,6.4320095777100565
20230613094919460,6.44,6.44,6.4320095777100565
20230613094921130,6.44,6.44,6.4320095777100565
20230613094921210,6.44,6.44,6.4320095777100565
20230613094921600,6.44,6.44,6.4320095777100565
20230613094922050,6.44,6.44,6.4320095777100565
20230613094924180,6.44,6.44,6.4320095777100565
20230613094927040,6.44,6.44,6.4320095777100565
20230613094927620,6.44,6.44,6.4320095777100565
20230613094927780,6.44,6.44,6.4320095777100565
20230613094929260,6.44,6.44,6.4320095777100565
20230613094929880,6.44,6.44,6.4320095777100565
20230613094930000,6.44,6.44,6.4320095777100565
20230613094932010,6.44,6.44,6.4320095777100565
20230613094932430,6.44,6.44,6.4320095777100565
20230613094935540,6.44,6.44,6.4320095777100565
20230613094937760,6.44,6.44,6.4320095777100565
20230613094937770,6.44,6.44,6.4320095777100565
20230613094938440,6.44,6.44,6.4320095777100565
20230613094940100,6.44,6.44,6.4320095777100565
20230613094940130,6.44,6.44,6.4320095777100565
20230613094940280,6.44,6.44,6.4320095777100565
20230613094940520,6.44,6.44,6.4320095777100565
20230613094943120,6.44,6.44,6.4320095777100565
20230613094943210,6.44,6.44,6.4320095777100565
20230613094943230,6.44,6.44,6.4320095777100565
20230613094943310,6.44,6.44,6.4320095777100565
20230613094943440,6.44,6.44,6.4320095777100565
20230613094946210,6.44,6.44,6.4320095777100565
20230613094948890,6.44,6.44,6.4320095777100565
20230613094949070,6.44,6.44,6.4320095777100565
20230613094949200,6.44,6.44,6.4320095777100565
20230613094951310,6.44,6.44,6.4320095777100565
20230613094953960,6.44,6.44,6.4320095777100565
20230613094954710,6.44,6.44,6.4320095777100565
20230613094954790,6.44,6.44,6.4320095777100565
20230613094956240,6.44,6.44,6.4320095777100565
20230613094956480,6.44,6.44,6.43202566770725
20230613094959370,6.44,6.44,6.43202566770725
20230613094959640,6.44,6.44,6.43202566770725
20230613095000110,6.44,6.44,6.43202566770725
20230613095001780,6.44,6.44,6.43202566770725
20230613095002250,6.44,6.44,6.43202566770725
20230613095002370,6.44,6.44,6.43202566770725
20230613095004730,6.44,6.44,6.43202566770725
20230613095004840,6.44,6.44,6.43202566770725
20230613095004890,6.44,6.44,6.43202566770725
20230613095005160,6.44,6.44,6.43202566770725
20230613095005470,6.44,6.44,6.43202566770725
20230613095007630,6.44,6.44,6.432031886318343
20230613095007640,6.44,6.44,6.432031886318343
20230613095007870,6.44,6.44,6.432031886318343
20230613095010100,6.44,6.44,6.432031886318343
20230613095010320,6.44,6.44,6.432031886318343
20230613095012580,6.44,6.44,6.432031886318343
20230613095012970,6.44,6.44,6.432031886318343
20230613095013160,6.44,6.44,6.432031886318343
20230613095015350,6.44,6.44,6.432031886318343
20230613095016180,6.44,6.44,6.432031886318343
20230613095017970,6.44,6.44,6.432031886318343
20230613095017980,6.44,6.44,6.432031886318343
20230613095018790,6.44,6.44,6.432031886318343
20230613095020690,6.44,6.44,6.432031886318343
20230613095020720,6.44,6.44,6.432040639861651
20230613095020860,6.44,6.44,6.432040639861651
20230613095023940,6.44,6.44,6.432040639861651
20230613095026110,6.44,6.44,6.432040639861651
20230613095026210,6.44,6.44,6.432040639861651
20230613095031770,6.44,6.44,6.432040639861651
20230613095035200,6.44,6.44,6.432040639861651
20230613095037740,6.44,6.44,6.432042704011065
20230613095037950,6.44,6.44,6.432042704011065
20230613095040300,6.44,6.44,6.432042704011065
20230613095040590,6.44,6.44,6.432042704011065
20230613095042550,6.44,6.44,6.432042704011065
20230613095044920,6.44,6.44,6.432042704011065
20230613095045380,6.44,6.44,6.432042704011065
20230613095046050,6.44,6.44,6.432042704011065
20230613095048280,6.44,6.44,6.432042704011065
20230613095050460,6.44,6.44,6.432042704011065
20230613095055880,6.44,6.44,6.432042704011065
20230613095055910,6.44,6.44,6.432042704011065
20230613095055950,6.44,6.44,6.432042704011065
20230613095056210,6.44,6.44,6.432042704011065
20230613095056250,6.44,6.44,6.432042704011065
20230613095056380,6.44,6.44,6.432050133517099
20230613095058350,6.44,6.44,6.432050133517099
20230613095101100,6.44,6.44,6.432056291960751
20230613095101870,6.44,6.44,6.432056114984078
20230613095102280,6.44,6.44,6.432056114984078
20230613095104940,6.44,6.44,6.432054170249355
20230613095104980,6.44,6.44,6.432054170249355
20230613095106500,6.44,6.44,6.432048358055389
20230613095106640,6.44,6.44,6.432048358055389
20230613095107120,6.44,6.44,6.432048358055389
20230613095109480,6.44,6.44,6.432048358055389
20230613095109550,6.44,6.44,6.432048358055389
20230613095114600,6.44,6.44,6.432048358055389
20230613095115160,6.44,6.44,6.432048358055389
20230613095115520,6.44,6.44,6.432051084254735
20230613095117360,6.44,6.44,6.432051084254735
20230613095117510,6.44,6.44,6.432051084254735
20230613095117950,6.44,6.44,6.432051084254735
20230613095118280,6.44,6.44,6.432051084254735
20230613095119940,6.44,6.44,6.432051084254735
20230613095120330,6.44,6.44,6.432051084254735
20230613095120420,6.44,6.44,6.432051084254735
20230613095120830,6.44,6.44,6.432051084254735
20230613095121030,6.44,6.44,6.432051084254735
20230613095122680,6.44,6.44,6.432051084254735
20230613095123100,6.44,6.44,6.432051084254735
20230613095123180,6.44,6.44,6.432051084254735
20230613095123330,6.44,6.44,6.432051084254735
20230613095123400,6.44,6.44,6.432051084254735
20230613095123430,6.44,6.44,6.432051084254735
20230613095123610,6.44,6.44,6.432051084254735
20230613095125360,6.44,6.44,6.432051084254735
20230613095125540,6.44,6.44,6.432051084254735
20230613095125550,6.44,6.44,6.432051084254735
20230613095125840,6.44,6.44,6.432051084254735
20230613095125930,6.44,6.44,6.432051084254735
20230613095126080,6.44,6.44,6.432053127677806
20230613095126280,6.44,6.44,6.432053127677806
20230613095126420,6.44,6.44,6.4321308141997795
20230613095126460,6.44,6.44,6.4321308141997795
20230613095128230,6.44,6.44,6.4321308141997795
20230613095128510,6.44,6.44,6.4321308141997795
20230613095128640,6.44,6.44,6.4321308141997795
20230613095128690,6.44,6.44,6.432140802166187
20230613095128950,6.44,6.44,6.432140802166187
20230613095129280,6.44,6.44,6.432140802166187
20230613095131120,6.44,6.44,6.432140077821011
20230613095131270,6.44,6.44,6.432140077821011
20230613095131300,6.44,6.44,6.432140077821011
20230613095131910,6.44,6.44,6.432140077821011
20230613095136190,6.44,6.44,6.432140077821011
20230613095136240,6.44,6.44,6.432140077821011
20230613095136260,6.44,6.44,6.432140077821011
20230613095136380,6.44,6.44,6.432140077821011
20230613095139280,6.44,6.44,6.432136102668018
20230613095139930,6.44,6.44,6.432136102668018
20230613095142420,6.44,6.43,6.43213448072218
20230613095144540,6.44,6.43,6.43213448072218
20230613095147970,6.44,6.43,6.43213448072218
20230613095148070,6.44,6.43,6.43213448072218
20230613095148130,6.44,6.43,6.43213448072218
20230613095150690,6.44,6.43,6.43213448072218
20230613095152980,6.44,6.43,6.43213448072218
20230613095153040,6.44,6.43,6.43213448072218
20230613095155380,6.44,6.43,6.43213448072218
20230613095155490,6.44,6.43,6.43213448072218
20230613095158000,6.44,6.43,6.43213448072218
20230613095158060,6.44,6.43,6.432131782945737
20230613095158460,6.44,6.43,6.432131782945737
20230613095200530,6.44,6.43,6.432131782945737
20230613095201100,6.44,6.43,6.432131782945737
20230613095201150,6.44,6.43,6.432131782945737
20230613095201300,6.44,6.43,6.432131782945737
20230613095201340,6.44,6.43,6.432131782945737
20230613095201400,6.44,6.43,6.432131782945737
20230613095208820,6.44,6.43,6.432131257888094
20230613095217220,6.44,6.43,6.432131257888094
20230613095219340,6.44,6.43,6.432131257888094
20230613095219730,6.44,6.43,6.432131257888094
20230613095220100,6.44,6.43,6.432131257888094
20230613095220130,6.44,6.43,6.432131257888094
20230613095220360,6.44,6.43,6.432131257888094
20230613095222350,6.44,6.43,6.432131257888094
20230613095222480,6.44,6.43,6.432131257888094
20230613095223180,6.44,6.43,6.432131257888094
20230613095225390,6.44,6.43,6.432131257888094
20230613095225660,6.44,6.43,6.432131257888094
20230613095227530,6.44,6.43,6.432131257888094
20230613095227900,6.44,6.43,6.432131257888094
20230613095231110,6.44,6.43,6.432131257888094
20230613095231350,6.44,6.43,6.432131257888094
20230613095232890,6.44,6.43,6.432131257888094
20230613095233890,6.44,6.43,6.432131257888094
20230613095233990,6.44,6.43,6.432131257888094
20230613095234000,6.44,6.43,6.432127856182795
20230613095236580,6.44,6.43,6.432127856182795
20230613095238420,6.44,6.43,6.432127856182795
20230613095241820,6.44,6.43,6.432127856182795
20230613095246890,6.44,6.43,6.432127856182795
20230613095246940,6.44,6.43,6.432127856182795
20230613095247410,6.44,6.43,6.432127856182795
20230613095249250,6.44,6.43,6.432127856182795
20230613095249350,6.44,6.43,6.432127856182795
20230613095249550,6.44,6.43,6.432127856182795
20230613095249620,6.44,6.43,6.432127856182795
20230613095252700,6.44,6.43,6.432127856182795
20230613095255030,6.44,6.43,6.432127856182795
20230613095255090,6.44,6.43,6.432127856182795
20230613095255100,6.43,6.43,6.432127856182795
20230613095255110,6.43,6.43,6.432127856182795
20230613095255120,6.44,6.43,6.432127856182795
20230613095255130,6.44,6.43,6.432127856182795
20230613095255160,6.43,6.43,6.432127856182795
20230613095255270,6.43,6.43,6.432127856182795
20230613095255330,6.43,6.43,6.432127856182795
20230613095255360,6.43,6.43,6.432127856182795
20230613095255570,6.43,6.43,6.432127856182795
20230613095257610,6.43,6.43,6.432127856182795
20230613095258110,6.43,6.43,6.432127856182795
20230613095259830,6.43,6.43,6.432127856182795
20230613095300130,6.43,6.43,6.432127856182795
20230613095300350,6.43,6.43,6.432127856182795
20230613095303090,6.43,6.43,6.432127856182795
20230613095303190,6.43,6.43,6.432127856182795
20230613095306160,6.43,6.43,6.432127856182795
20230613095308120,6.43,6.43,6.432127856182795
20230613095311150,6.43,6.43,6.432127856182795
20230613095313940,6.43,6.43,6.432127856182795
20230613095314530,6.43,6.43,6.432127856182795
20230613095316860,6.43,6.43,6.432127856182795
20230613095319090,6.43,6.43,6.432127856182795
20230613095319140,6.43,6.43,6.432127856182795
20230613095319610,6.43,6.43,6.432127856182795
20230613095322110,6.43,6.43,6.432127856182795
20230613095322520,6.43,6.43,6.432127856182795
20230613095324450,6.43,6.43,6.432127856182795
20230613095324850,6.43,6.43,6.432127856182795
20230613095325090,6.43,6.43,6.432127856182795
20230613095330010,6.43,6.43,6.432127856182795
20230613095332270,6.43,6.43,6.432127856182795
20230613095332790,6.43,6.43,6.432127856182795
20230613095332840,6.43,6.43,6.432127856182795
20230613095333090,6.43,6.43,6.432127856182795
20230613095335450,6.43,6.43,6.432127856182795
20230613095335520,6.43,6.43,6.432127856182795
20230613095337630,6.43,6.43,6.432127856182795
20230613095340600,6.43,6.43,6.432127856182795
20230613095340860,6.43,6.43,6.432127856182795
20230613095341000,6.43,6.43,6.432127856182795
20230613095341090,6.43,6.43,6.432127856182795
20230613095341190,6.43,6.43,6.432127856182795
20230613095343220,6.44,6.43,6.432135977799543
20230613095343740,6.44,6.43,6.432135977799543
20230613095344190,6.44,6.43,6.432135977799543
20230613095345780,6.44,6.43,6.432135977799543
20230613095346460,6.44,6.43,6.432135977799543
20230613095346610,6.44,6.43,6.432135977799543
20230613095346800,6.44,6.43,6.432135977799543
20230613095346850,6.44,6.43,6.432135977799543
20230613095348660,6.44,6.43,6.432135977799543
20230613095349190,6.44,6.43,6.432135977799543
20230613095349410,6.44,6.43,6.432135977799543
20230613095351730,6.44,6.43,6.432135977799543
20230613095351880,6.44,6.43,6.432135977799543
20230613095354570,6.44,6.43,6.432135977799543
20230613095354590,6.44,6.43,6.432135977799543
20230613095355000,6.44,6.43,6.432135977799543
20230613095356900,6.44,6.43,6.432135977799543
20230613095356960,6.44,6.43,6.432135977799543
20230613095357020,6.44,6.43,6.432135977799543
20230613095359680,6.44,6.43,6.432135977799543
20230613095400120,6.44,6.43,6.432135977799543
20230613095405060,6.44,6.43,6.432148250385646
20230613095405220,6.44,6.43,6.432148250385646
20230613095405260,6.44,6.43,6.432148250385646
20230613095412860,6.44,6.43,6.432148250385646
20230613095413110,6.44,6.43,6.432148250385646
20230613095413200,6.44,6.43,6.432136800452233
20230613095413330,6.44,6.43,6.432136800452233
20230613095416220,6.44,6.43,6.432136800452233
20230613095418170,6.44,6.43,6.432136800452233
20230613095418640,6.44,6.43,6.432136800452233
20230613095421530,6.44,6.43,6.432136800452233
20230613095421700,6.44,6.43,6.432136800452233
20230613095421760,6.44,6.43,6.432136800452233
20230613095424680,6.44,6.43,6.432136800452233
20230613095426220,6.44,6.43,6.432136800452233
20230613095427120,6.44,6.43,6.432134215195999
20230613095427280,6.44,6.43,6.432134215195999
20230613095427340,6.44,6.43,6.432134215195999
20230613095429440,6.44,6.43,6.432134215195999
20230613095429530,6.44,6.43,6.432134215195999
20230613095431820,6.44,6.43,6.432134215195999
20230613095431970,6.44,6.43,6.432134215195999
20230613095432710,6.44,6.43,6.432134215195999
20230613095434900,6.44,6.43,6.432134215195999
20230613095437190,6.44,6.43,6.432134215195999
20230613095437400,6.44,6.43,6.432134215195999
20230613095437520,6.44,6.43,6.432134215195999
20230613095437670,6.44,6.43,6.432134215195999
20230613095437830,6.44,6.43,6.432134215195999
20230613095438220,6.44,6.43,6.432134215195999
20230613095440390,6.44,6.43,6.432134215195999
20230613095440660,6.44,6.43,6.432134215195999
20230613095443140,6.44,6.43,6.432134215195999
20230613095443400,6.44,6.43,6.432134215195999
20230613095445360,6.44,6.43,6.432134215195999
20230613095445400,6.44,6.43,6.432134215195999
20230613095445770,6.44,6.43,6.432211845466155
20230613095445810,6.44,6.43,6.432211845466155
20230613095448020,6.44,6.43,6.432211845466155
20230613095448470,6.44,6.43,6.432203052949594
20230613095448510,6.44,6.43,6.432203052949594
20230613095451260,6.44,6.43,6.432203052949594
20230613095453260,6.44,6.43,6.432203052949594
20230613095453780,6.44,6.43,6.432203052949594
20230613095454220,6.44,6.43,6.432203052949594
20230613095456030,6.44,6.43,6.432203052949594
20230613095456660,6.44,6.43,6.432209865755818
20230613095502310,6.44,6.43,6.432209865755818
20230613095504410,6.44,6.43,6.432209865755818
20230613095504530,6.44,6.43,6.432209865755818
20230613095504610,6.44,6.43,6.432209865755818
20230613095504650,6.44,6.43,6.432209865755818
20230613095505120,6.44,6.43,6.432209865755818
20230613095505140,6.44,6.43,6.432209865755818
20230613095505150,6.44,6.43,6.432209865755818
20230613095506760,6.44,6.43,6.432209865755818
20230613095506960,6.44,6.43,6.432209865755818
20230613095507010,6.44,6.43,6.432214733169455
20230613095507130,6.44,6.43,6.432214733169455
20230613095507160,6.44,6.43,6.432214733169455
20230613095507330,6.44,6.43,6.432214733169455
20230613095507370,6.44,6.43,6.432212978369384
20230613095507380,6.44,6.43,6.432212978369384
20230613095507390,6.44,6.43,6.432212978369384
20230613095507760,6.44,6.43,6.432212978369384
20230613095507790,6.44,6.43,6.432212978369384
20230613095507910,6.44,6.43,6.432210176465933
20230613095509520,6.44,6.43,6.432210176465933
20230613095510120,6.44,6.43,6.4322086035109916
20230613095510170,6.44,6.43,6.4322086035109916
20230613095510230,6.44,6.43,6.4322086035109916
20230613095510510,6.43,6.43,6.432204767919166
20230613095510520,6.43,6.43,6.432204767919166
20230613095512840,6.44,6.43,6.432204593890599
20230613095512850,6.43,6.43,6.432204593890599
20230613095513070,6.44,6.43,6.432191791571843
20230613095513080,6.44,6.43,6.432191619585687
20230613095513090,6.43,6.43,6.432183225201282
20230613095513110,6.43,6.43,6.432183054556823
20230613095513150,6.43,6.43,6.432183054556823
20230613095513210,6.43,6.43,6.432183054556823
20230613095513220,6.43,6.43,6.432183054556823
20230613095513250,6.43,6.43,6.432183054556823
20230613095515060,6.43,6.43,6.432183054556823
20230613095518340,6.43,6.43,6.432183054556823
20230613095518360,6.43,6.43,6.432183054556823
20230613095518420,6.44,6.43,6.432183054556823
20230613095518510,6.44,6.43,6.432183054556823
20230613095518670,6.44,6.43,6.432183054556823
20230613095520710,6.44,6.43,6.432183054556823
20230613095520950,6.44,6.43,6.432183054556823
20230613095521130,6.44,6.43,6.432183054556823
20230613095526240,6.44,6.43,6.432183054556823
20230613095526680,6.44,6.43,6.432183054556823
20230613095529020,6.44,6.43,6.432183054556823
20230613095529030,6.44,6.43,6.432183054556823
20230613095529080,6.44,6.43,6.432183054556823
20230613095529090,6.43,6.43,6.432183054556823
20230613095529350,6.43,6.43,6.432183054556823
20230613095531580,6.43,6.43,6.432183054556823
20230613095532150,6.43,6.43,6.432183054556823
20230613095532170,6.43,6.43,6.432183054556823
20230613095534070,6.43,6.43,6.432183054556823
20230613095534090,6.43,6.43,6.432183054556823
20230613095534100,6.43,6.43,6.432183054556823
20230613095534410,6.43,6.43,6.432183054556823
20230613095534930,6.43,6.43,6.432183054556823
20230613095536620,6.43,6.43,6.432183054556823
20230613095536640,6.43,6.43,6.432183054556823
20230613095537430,6.43,6.43,6.432183054556823
20230613095537450,6.43,6.43,6.432183054556823
20230613095542040,6.43,6.43,6.432183054556823
20230613095542070,6.43,6.43,6.432183054556823
20230613095545070,6.43,6.43,6.432183054556823
20230613095547390,6.43,6.43,6.432183054556823
20230613095548210,6.43,6.43,6.432183054556823
20230613095550120,6.43,6.43,6.432183054556823
20230613095550690,6.43,6.43,6.432183054556823
20230613095552870,6.43,6.43,6.432183054556823
20230613095552880,6.43,6.43,6.432183054556823
20230613095553170,6.43,6.43,6.432183054556823
20230613095558020,6.43,6.43,6.432183054556823
20230613095558480,6.43,6.43,6.432183054556823
20230613095559110,6.43,6.43,6.432183054556823
20230613095601740,6.44,6.43,6.432183054556823
20230613095601830,6.44,6.43,6.432183054556823
20230613095601940,6.44,6.43,6.432183054556823
