Timestamp,ask1,bid1,VWAP
20230717093000080,6.23,7.61,0.0
20230717093000090,6.23,7.61,0.0
20230717093000100,6.23,7.61,0.0
20230717093000110,6.56,7.27,0.0
20230717093000120,6.56,7.27,6.906666666666666
20230717093000130,6.86,6.92,6.9078723404255316
20230717093000140,6.88,6.92,6.9078723404255316
20230717093000150,6.88,6.92,6.9078723404255316
20230717093000160,6.88,6.89,6.895542521994135
20230717093000170,6.88,6.9,6.895542521994135
20230717093000180,6.88,6.9,6.895542521994135
20230717093000190,6.88,6.89,6.898235294117647
20230717093000200,6.88,6.89,6.898235294117647
20230717093000210,6.88,6.89,6.898235294117647
20230717093000500,6.88,6.89,6.898268041237113
20230717093000510,6.88,6.89,6.897809523809523
20230717093000520,6.88,6.89,6.897919876733436
20230717093000530,6.9,6.89,6.900872235872236
20230717093000540,6.9,6.9,6.900872235872236
20230717093000550,6.9,6.9,6.900872235872236
20230717093000560,6.9,6.9,6.900872235872236
20230717093000570,6.9,6.89,6.900849282296651
20230717093000580,6.9,6.89,6.900849282296651
20230717093000590,6.9,6.89,6.900849282296651
20230717093000600,6.9,6.89,6.900834312573443
20230717093000610,6.9,6.89,6.900834312573443
20230717093000620,6.9,6.89,6.900834312573443
20230717093000630,6.9,6.89,6.900834312573443
20230717093000640,6.9,6.89,6.900834312573443
20230717093000660,6.9,6.89,6.900834312573443
20230717093000670,6.9,6.89,6.900834312573443
20230717093000680,6.9,6.89,6.900834312573443
20230717093000690,6.9,6.89,6.900834312573443
20230717093000700,6.9,6.89,6.900834312573443
20230717093000710,6.9,6.89,6.900834312573443
20230717093000720,6.9,6.89,6.900834312573443
20230717093000730,6.9,6.89,6.900834312573443
20230717093000740,6.9,6.89,6.900834312573443
20230717093001330,6.9,6.89,6.900834312573443
20230717093001350,6.9,6.89,6.900834312573443
20230717093001360,6.9,6.89,6.900834312573443
20230717093001370,6.9,6.89,6.900834312573443
20230717093001380,6.9,6.89,6.900834312573443
20230717093001400,6.9,6.89,6.900834312573443
20230717093001410,6.9,6.89,6.900834312573443
20230717093001420,6.9,6.89,6.900834312573443
20230717093001430,6.89,6.89,6.900834312573443
20230717093001440,6.89,6.89,6.900834312573443
20230717093001450,6.89,6.89,6.900834312573443
20230717093001460,6.89,6.89,6.899427402862986
20230717093001470,6.89,6.89,6.899427402862986
20230717093001480,6.89,6.89,6.899427402862986
20230717093001520,6.89,6.89,6.899417773237998
20230717093001540,6.89,6.89,6.899417773237998
20230717093001570,6.89,6.89,6.899417773237998
20230717093001580,6.89,6.89,6.899417773237998
20230717093001600,6.89,6.89,6.899417773237998
20230717093001610,6.9,6.89,6.898899613899614
20230717093001620,6.91,6.89,6.898899613899614
20230717093001640,6.91,6.89,6.898899613899614
20230717093001650,6.91,6.89,6.898899613899614
20230717093001660,6.91,6.89,6.898899613899614
20230717093001670,6.91,6.89,6.898899613899614
20230717093001690,6.91,6.89,6.898899613899614
20230717093001700,6.91,6.89,6.898899613899614
20230717093001710,6.91,6.89,6.898899613899614
20230717093001730,6.91,6.89,6.898899613899614
20230717093001740,6.91,6.89,6.898899613899614
20230717093001760,6.91,6.89,6.897928348909657
20230717093001780,6.91,6.89,6.897928348909657
20230717093001790,6.91,6.89,6.897928348909657
20230717093001800,6.91,6.89,6.897928348909657
20230717093001810,6.91,6.89,6.897928348909657
20230717093001820,6.91,6.89,6.897928348909657
20230717093001830,6.91,6.89,6.897928348909657
20230717093001840,6.91,6.89,6.897928348909657
20230717093001850,6.91,6.89,6.897928348909657
20230717093001880,6.89,6.89,6.897928348909657
20230717093001900,6.89,6.89,6.897889485801995
20230717093002870,6.89,6.89,6.897889485801995
20230717093002900,6.89,6.89,6.897889485801995
20230717093002920,6.89,6.89,6.897889485801995
20230717093002930,6.89,6.89,6.897889485801995
20230717093002940,6.89,6.89,6.897889485801995
20230717093002950,6.89,6.89,6.897889485801995
20230717093002960,6.92,6.88,6.897311220889202
20230717093002980,6.9,6.88,6.897311220889202
20230717093003010,6.9,6.88,6.897311220889202
20230717093003020,6.9,6.88,6.898259587020649
20230717093003030,6.9,6.88,6.898259587020649
20230717093003060,6.9,6.88,6.898259587020649
20230717093003100,6.9,6.88,6.898259587020649
20230717093003120,6.9,6.88,6.898259587020649
20230717093003130,6.9,6.88,6.898259587020649
20230717093003160,6.9,6.88,6.898259587020649
20230717093003170,6.9,6.88,6.898259587020649
20230717093003190,6.9,6.88,6.898259587020649
20230717093003200,6.9,6.88,6.898259587020649
20230717093003210,6.9,6.88,6.898259587020649
20230717093003220,6.9,6.88,6.898259587020649
20230717093003280,6.9,6.88,6.898259587020649
20230717093003310,6.9,6.88,6.898261638185033
20230717093003330,6.9,6.88,6.898261638185033
20230717093003350,6.9,6.88,6.898218694885362
20230717093003360,6.9,6.88,6.898218694885362
20230717093003390,6.9,6.88,6.898218694885362
20230717093003400,6.9,6.88,6.898218694885362
20230717093003420,6.9,6.88,6.898218694885362
20230717093003440,6.9,6.88,6.898218694885362
20230717093003460,6.9,6.89,6.898218694885362
20230717093003470,6.9,6.89,6.898222873900293
20230717093003480,6.9,6.89,6.898222873900293
20230717093003500,6.9,6.89,6.898222873900293
20230717093003510,6.9,6.89,6.898247541931752
20230717093003520,6.89,6.88,6.898238012709417
20230717093003540,6.89,6.88,6.897000538502962
20230717093003560,6.89,6.88,6.897000538502962
20230717093003570,6.89,6.88,6.897000538502962
20230717093003580,6.89,6.88,6.896993006993007
20230717093003600,6.89,6.88,6.896993006993007
20230717093003620,6.89,6.88,6.896993006993007
20230717093003640,6.89,6.88,6.896993006993007
20230717093003650,6.89,6.88,6.896993006993007
20230717093003660,6.89,6.88,6.896993006993007
20230717093003670,6.89,6.88,6.896993006993007
20230717093003740,6.89,6.88,6.896993006993007
20230717093003810,6.89,6.88,6.896993006993007
20230717093003830,6.89,6.88,6.896951871657754
20230717093003840,6.89,6.88,6.89692225772098
20230717093003860,6.89,6.88,6.896552419354839
20230717093003870,6.89,6.88,6.896535947712418
20230717093005080,6.89,6.88,6.896535947712418
20230717093005090,6.89,6.88,6.896535947712418
20230717093005160,6.89,6.88,6.896535947712418
20230717093005200,6.89,6.88,6.896535947712418
20230717093005220,6.89,6.88,6.896535947712418
20230717093005240,6.89,6.88,6.896535947712418
20230717093005280,6.89,6.89,6.896535947712418
20230717093005350,6.89,6.89,6.896535947712418
20230717093005360,6.89,6.89,6.896535947712418
20230717093005370,6.89,6.89,6.896535947712418
20230717093005390,6.89,6.9,6.896535947712418
20230717093005410,6.89,6.9,6.896535947712418
20230717093005420,6.89,6.9,6.896535947712418
20230717093005430,6.9,6.9,6.896535947712418
20230717093005440,6.9,6.9,6.896535947712418
20230717093005450,6.9,6.9,6.896535947712418
20230717093005480,6.9,6.9,6.896535947712418
20230717093005490,6.9,6.89,6.896535947712418
20230717093005520,6.91,6.89,6.896535947712418
20230717093005530,6.91,6.89,6.896535947712418
20230717093005540,6.91,6.89,6.896535947712418
20230717093005570,6.91,6.89,6.896535947712418
20230717093005600,6.91,6.89,6.896535947712418
20230717093005680,6.91,6.89,6.896535947712418
20230717093005700,6.91,6.89,6.896535947712418
20230717093005720,6.91,6.9,6.896535947712418
20230717093005810,6.91,6.9,6.896535947712418
20230717093005820,6.91,6.9,6.896535947712418
20230717093005880,6.91,6.9,6.896535947712418
20230717093005940,6.91,6.9,6.896535947712418
20230717093005960,6.91,6.9,6.896535947712418
20230717093005970,6.91,6.89,6.897173418297679
20230717093006020,6.91,6.89,6.897173418297679
20230717093006060,6.91,6.9,6.897173418297679
20230717093006110,6.91,6.9,6.897173418297679
20230717093006200,6.91,6.89,6.897198917456022
20230717093006240,6.89,6.88,6.896544
20230717093006300,6.89,6.88,6.896544
20230717093006390,6.89,6.88,6.896544
20230717093006400,6.89,6.88,6.896544
20230717093006430,6.89,6.88,6.896544
20230717093006440,6.89,6.88,6.896544
20230717093006470,6.89,6.88,6.896544
20230717093006530,6.89,6.88,6.896520526106018
20230717093006570,6.89,6.88,6.896513944223107
20230717093006630,6.89,6.88,6.896513944223107
20230717093006660,6.89,6.88,6.896513944223107
20230717093006680,6.89,6.88,6.896513944223107
20230717093006690,6.89,6.88,6.896513944223107
20230717093006860,6.89,6.88,6.896406739811912
20230717093006910,6.89,6.88,6.896406739811912
20230717093006930,6.89,6.88,6.896406739811912
20230717093006950,6.89,6.88,6.896406739811912
20230717093006980,6.89,6.88,6.896406739811912
20230717093007000,6.89,6.88,6.896406739811912
20230717093007020,6.89,6.88,6.896406739811912
20230717093007060,6.89,6.88,6.896406739811912
20230717093007110,6.89,6.88,6.896406739811912
20230717093007130,6.89,6.88,6.896401722787784
20230717093010130,6.89,6.88,6.896401722787784
20230717093010140,6.89,6.88,6.896401722787784
20230717093010180,6.89,6.88,6.896401722787784
20230717093010200,6.89,6.88,6.896401722787784
20230717093010210,6.89,6.88,6.896401722787784
20230717093010300,6.89,6.89,6.896401722787784
20230717093010310,6.89,6.89,6.896401722787784
20230717093010330,6.89,6.89,6.896401722787784
20230717093010340,6.89,6.89,6.896401722787784
20230717093010360,6.89,6.89,6.896401722787784
20230717093010390,6.89,6.89,6.896401722787784
20230717093010410,6.89,6.89,6.896401722787784
20230717093010770,6.89,6.89,6.896401722787784
20230717093010860,6.89,6.89,6.896406858924396
20230717093010980,6.89,6.89,6.896412451361868
20230717093010990,6.89,6.89,6.896412451361868
20230717093011260,6.89,6.89,6.896412451361868
20230717093011370,6.89,6.89,6.896412451361868
20230717093011460,6.89,6.89,6.896412451361868
20230717093011560,6.89,6.89,6.8963335895465026
20230717093011830,6.89,6.89,6.89633499807914
20230717093011860,6.89,6.89,6.89633499807914
20230717093011890,6.89,6.89,6.89633499807914
20230717093011950,6.89,6.89,6.89633499807914
20230717093012120,6.89,6.89,6.89633499807914
20230717093012190,6.89,6.89,6.89638346727899
20230717093012380,6.89,6.9,6.89638346727899
20230717093012420,6.89,6.9,6.89638346727899
20230717093012500,6.89,6.9,6.89638346727899
20230717093012510,6.89,6.9,6.89638346727899
20230717093012590,6.9,6.9,6.89638346727899
20230717093016010,6.9,6.9,6.89638346727899
20230717093016070,6.9,6.9,6.89638346727899
20230717093016080,6.92,6.91,6.89777739608382
20230717093016090,6.92,6.91,6.89777739608382
20230717093016110,6.92,6.91,6.89777739608382
20230717093016130,6.92,6.91,6.89777739608382
20230717093016150,6.92,6.91,6.89777739608382
20230717093016160,6.92,6.91,6.89777739608382
20230717093016170,6.92,6.91,6.89777739608382
20230717093016210,6.92,6.91,6.89777739608382
20230717093016270,6.92,6.91,6.897955314827353
20230717093016350,6.92,6.91,6.897955314827353
20230717093016390,6.92,6.91,6.897955314827353
20230717093016510,6.92,6.91,6.897955314827353
20230717093016590,6.92,6.91,6.897955314827353
20230717093016600,6.92,6.91,6.897955314827353
20230717093016650,6.92,6.91,6.897955314827353
20230717093016660,6.92,6.91,6.897955314827353
20230717093016700,6.92,6.91,6.897955314827353
20230717093016710,6.92,6.91,6.897955314827353
20230717093016740,6.92,6.91,6.897955314827353
20230717093016850,6.92,6.91,6.898076407506703
20230717093016900,6.92,6.91,6.898076407506703
20230717093016950,6.92,6.91,6.898076407506703
20230717093017030,6.92,6.91,6.898076407506703
20230717093017040,6.92,6.91,6.899517845961177
20230717093017050,6.92,6.91,6.899521126760563
20230717093017110,6.92,6.91,6.899608938547486
20230717093017120,6.92,6.91,6.899608938547486
20230717093017190,6.92,6.91,6.8997222222222225
20230717093017210,6.92,6.91,6.8997222222222225
20230717093017260,6.92,6.91,6.8997222222222225
20230717093017310,6.92,6.91,6.899763295419612
20230717093017370,6.92,6.91,6.899779005524862
20230717093017410,6.92,6.91,6.899779005524862
20230717093017420,6.92,6.91,6.899779005524862
20230717093017440,6.92,6.91,6.899779005524862
20230717093017520,6.92,6.91,6.899779005524862
20230717093017600,6.92,6.91,6.9004452359750665
20230717093017630,6.92,6.91,6.9004452359750665
20230717093017660,6.92,6.91,6.9004452359750665
20230717093017670,6.92,6.91,6.9004452359750665
20230717093017690,6.92,6.91,6.9004452359750665
20230717093017700,6.92,6.91,6.9004452359750665
20230717093017710,6.92,6.91,6.9004452359750665
20230717093017720,6.92,6.91,6.9004452359750665
20230717093017740,6.92,6.91,6.9004452359750665
20230717093017750,6.92,6.91,6.9004452359750665
20230717093017770,6.92,6.91,6.901198630136986
20230717093017860,6.92,6.91,6.901198630136986
20230717093017880,6.92,6.91,6.901203650884199
20230717093017910,6.92,6.91,6.901203650884199
20230717093017980,6.92,6.91,6.901203650884199
20230717093019770,6.92,6.91,6.901203650884199
20230717093019780,6.92,6.91,6.901203650884199
20230717093019790,6.92,6.91,6.901203650884199
20230717093019800,6.92,6.91,6.901203650884199
20230717093019820,6.92,6.91,6.901203650884199
20230717093019860,6.92,6.91,6.901203650884199
20230717093019910,6.92,6.91,6.901203650884199
20230717093019930,6.92,6.91,6.901203650884199
20230717093019940,6.92,6.91,6.901203650884199
20230717093019950,6.92,6.91,6.901203650884199
20230717093019960,6.92,6.91,6.901203650884199
20230717093020200,6.92,6.91,6.901203650884199
20230717093020270,6.92,6.91,6.901203650884199
20230717093020350,6.92,6.91,6.901203650884199
20230717093020390,6.92,6.91,6.901203650884199
20230717093020620,6.92,6.91,6.901203650884199
20230717093020730,6.92,6.93,6.901203650884199
20230717093020760,6.92,6.93,6.901203650884199
20230717093020860,6.92,6.93,6.901203650884199
20230717093020880,6.92,6.93,6.901203650884199
20230717093020890,6.92,6.93,6.901203650884199
20230717093020900,6.92,6.93,6.901203650884199
20230717093020910,6.92,6.93,6.901203650884199
20230717093022560,6.92,6.93,6.901203650884199
20230717093022570,6.92,6.93,6.901203650884199
20230717093022740,6.92,6.93,6.901203650884199
20230717093022870,6.92,6.93,6.901203650884199
20230717093023050,6.92,6.93,6.901203650884199
20230717093023220,6.92,6.93,6.901203650884199
20230717093023360,6.92,6.93,6.901203650884199
20230717093023370,6.92,6.93,6.901203650884199
20230717093023450,6.92,6.93,6.901203650884199
20230717093023470,6.92,6.93,6.901203650884199
20230717093023480,6.92,6.93,6.901203650884199
20230717093023500,6.92,6.93,6.901203650884199
20230717093023510,6.92,6.93,6.901203650884199
20230717093023520,6.92,6.93,6.901203650884199
20230717093023550,6.92,6.93,6.901203650884199
20230717093023570,6.92,6.93,6.901203650884199
20230717093023610,6.92,6.93,6.901203650884199
20230717093025080,6.92,6.93,6.901203650884199
20230717093025130,6.92,6.93,6.905035952747817
20230717093025140,6.92,6.93,6.905035952747817
20230717093025150,6.92,6.93,6.905035952747817
20230717093025160,6.92,6.93,6.905035952747817
20230717093025370,6.92,6.93,6.905035952747817
20230717093025500,6.92,6.93,6.905035952747817
20230717093025690,6.92,6.93,6.905035952747817
20230717093025730,6.95,6.93,6.905035952747817
20230717093025820,6.95,6.93,6.905035952747817
20230717093025860,6.95,6.93,6.905035952747817
20230717093025960,6.95,6.93,6.905035952747817
20230717093026050,6.95,6.93,6.905035952747817
20230717093026230,6.94,6.93,6.905035952747817
20230717093026280,6.94,6.93,6.905035952747817
20230717093028090,6.94,6.93,6.905035952747817
20230717093028100,6.95,6.93,6.905035952747817
20230717093028120,6.95,6.93,6.905035952747817
20230717093028130,6.94,6.93,6.905035952747817
20230717093028140,6.94,6.93,6.905035952747817
20230717093028150,6.94,6.93,6.905035952747817
20230717093028160,6.94,6.93,6.905035952747817
20230717093028180,6.94,6.93,6.905035952747817
20230717093028310,6.94,6.93,6.905035952747817
20230717093028610,6.94,6.93,6.905035952747817
20230717093030540,6.94,6.93,6.905035952747817
20230717093030870,6.94,6.93,6.905035952747817
20230717093030950,6.95,6.93,6.908308755760369
20230717093030960,6.95,6.93,6.908439651216154
20230717093030970,6.95,6.93,6.908533516357813
20230717093031010,6.95,6.93,6.908533516357813
20230717093031040,6.95,6.93,6.908533516357813
20230717093031220,6.95,6.93,6.908533516357813
20230717093031370,6.95,6.93,6.908533516357813
20230717093031400,6.95,6.93,6.908533516357813
20230717093031630,6.94,6.93,6.908533516357813
20230717093031710,6.94,6.93,6.908533516357813
20230717093033200,6.94,6.93,6.908533516357813
20230717093033270,6.94,6.93,6.908718181818182
20230717093033310,6.94,6.93,6.908718181818182
20230717093033370,6.94,6.93,6.908718181818182
20230717093033390,6.94,6.93,6.908718181818182
20230717093033630,6.94,6.93,6.908718181818182
20230717093033670,6.95,6.93,6.909242831541219
20230717093033740,6.95,6.93,6.909242831541219
20230717093033770,6.95,6.93,6.909242831541219
20230717093033790,6.95,6.93,6.909249720044793
20230717093033800,6.95,6.93,6.909249720044793
20230717093033970,6.95,6.93,6.9093800178412135
20230717093033980,6.94,6.93,6.9093800178412135
20230717093034020,6.94,6.93,6.9093800178412135
20230717093034030,6.94,6.93,6.909745892661555
20230717093034040,6.94,6.93,6.909745892661555
20230717093034090,6.94,6.93,6.909745892661555
20230717093034120,6.95,6.93,6.909745892661555
20230717093034180,6.95,6.93,6.909745892661555
20230717093034230,6.95,6.93,6.909745892661555
20230717093034270,6.95,6.94,6.909745892661555
20230717093034280,6.95,6.93,6.910180141539781
20230717093035890,6.95,6.93,6.910180141539781
20230717093035960,6.95,6.93,6.910180141539781
20230717093036030,6.95,6.92,6.910180141539781
20230717093036100,6.95,6.92,6.910180141539781
20230717093036210,6.94,6.92,6.910180141539781
20230717093036390,6.94,6.92,6.910180141539781
20230717093036420,6.94,6.92,6.910180141539781
20230717093036480,6.94,6.92,6.910180141539781
20230717093036510,6.94,6.92,6.910180141539781
20230717093036650,6.95,6.92,6.910180141539781
20230717093036710,6.95,6.92,6.910180141539781
20230717093036990,6.95,6.92,6.910180141539781
20230717093037090,6.94,6.92,6.910180141539781
20230717093037120,6.94,6.92,6.910180141539781
20230717093038630,6.94,6.92,6.910180141539781
20230717093038830,6.94,6.92,6.910180141539781
20230717093038890,6.95,6.92,6.910180141539781
20230717093038930,6.95,6.92,6.910180141539781
20230717093038950,6.94,6.92,6.910180141539781
20230717093038960,6.94,6.92,6.910180141539781
20230717093039220,6.94,6.92,6.910180141539781
20230717093039320,6.94,6.92,6.910180141539781
20230717093039380,6.94,6.92,6.910180141539781
20230717093039440,6.95,6.92,6.911753364129344
20230717093039560,6.95,6.92,6.911753364129344
20230717093039620,6.95,6.92,6.911781701444623
20230717093041380,6.95,6.92,6.911781701444623
20230717093041540,6.95,6.92,6.911781701444623
20230717093041570,6.95,6.92,6.911781701444623
20230717093041610,6.95,6.92,6.911781701444623
20230717093041630,6.95,6.92,6.911781701444623
20230717093041680,6.95,6.92,6.911781701444623
20230717093041920,6.94,6.92,6.911781701444623
20230717093041980,6.94,6.92,6.911781701444623
20230717093042030,6.94,6.92,6.911781701444623
20230717093042060,6.94,6.92,6.911781701444623
20230717093042070,6.94,6.92,6.911781701444623
20230717093042350,6.95,6.92,6.911781701444623
20230717093042360,6.95,6.92,6.911781701444623
20230717093042420,6.94,6.92,6.911781701444623
20230717093042490,6.94,6.92,6.911781701444623
20230717093042510,6.94,6.92,6.911781701444623
20230717093044220,6.94,6.92,6.911781701444623
20230717093044320,6.94,6.94,6.911781701444623
20230717093044340,6.94,6.94,6.911781701444623
20230717093044380,6.94,6.94,6.911781701444623
20230717093047300,6.94,6.94,6.911781701444623
20230717093047380,6.94,6.94,6.911781701444623
20230717093047620,6.94,6.94,6.911781701444623
20230717093047690,6.94,6.94,6.911781701444623
20230717093047760,6.94,6.94,6.911781701444623
20230717093047770,6.94,6.94,6.911781701444623
20230717093047910,6.94,6.93,6.911781701444623
20230717093049380,6.94,6.93,6.911781701444623
20230717093049510,6.94,6.93,6.911781701444623
20230717093049550,6.94,6.93,6.912209944751381
20230717093049560,6.94,6.93,6.912209944751381
20230717093049840,6.94,6.93,6.912209944751381
20230717093049940,6.95,6.93,6.912209944751381
20230717093052070,6.95,6.94,6.912209944751381
20230717093052080,6.95,6.93,6.912209944751381
20230717093052090,6.95,6.93,6.912209944751381
20230717093052110,6.95,6.93,6.912209944751381
20230717093052150,6.95,6.93,6.912209944751381
20230717093052160,6.95,6.93,6.912209944751381
20230717093052330,6.95,6.93,6.912209944751381
20230717093052430,6.96,6.93,6.912209944751381
20230717093052490,6.96,6.93,6.912209944751381
20230717093052740,6.96,6.94,6.912209944751381
20230717093052900,6.96,6.94,6.912209944751381
20230717093053000,6.96,6.94,6.912209944751381
20230717093053110,6.96,6.94,6.912209944751381
20230717093053220,6.95,6.94,6.912209944751381
20230717093053290,6.95,6.94,6.912209944751381
20230717093053320,6.95,6.94,6.912209944751381
20230717093054910,6.95,6.94,6.912209944751381
20230717093054930,6.95,6.94,6.912209944751381
20230717093055090,6.95,6.94,6.912209944751381
20230717093055180,6.95,6.94,6.912209944751381
20230717093055220,6.95,6.94,6.912209944751381
20230717093055260,6.95,6.94,6.913320588797553
20230717093055330,6.96,6.94,6.913598937583001
20230717093055340,6.96,6.94,6.913598937583001
20230717093055390,6.96,6.94,6.913603945371776
20230717093055420,6.96,6.94,6.913603945371776
20230717093055440,6.96,6.94,6.913608951261142
20230717093055710,6.96,6.94,6.913608951261142
20230717093055810,6.95,6.94,6.913608951261142
20230717093056010,6.95,6.94,6.91361395525218
20230717093057580,6.95,6.94,6.91361395525218
20230717093057590,6.95,6.94,6.91361395525218
20230717093057600,6.95,6.94,6.91361395525218
20230717093057970,6.95,6.94,6.91361395525218
20230717093058050,6.94,6.93,6.91361395525218
20230717093058290,6.94,6.93,6.91361395525218
20230717093058390,6.94,6.93,6.914075316927666
20230717093058400,6.94,6.93,6.914075316927666
20230717093100180,6.94,6.94,6.914075316927666
20230717093100240,6.94,6.94,6.914075316927666
20230717093100250,6.94,6.94,6.914075316927666
20230717093100280,6.94,6.94,6.914075316927666
20230717093100290,6.94,6.94,6.914075316927666
20230717093100400,6.94,6.94,6.914075316927666
20230717093100630,6.94,6.94,6.914075316927666
20230717093100740,6.94,6.94,6.914075316927666
20230717093100790,6.94,6.94,6.914075316927666
20230717093100850,6.94,6.94,6.914075316927666
20230717093100890,6.94,6.94,6.914075316927666
20230717093100940,6.94,6.94,6.914433370247323
20230717093100990,6.94,6.94,6.914433370247323
20230717093101060,6.94,6.94,6.914433370247323
20230717093101070,6.94,6.94,6.914433370247323
20230717093101080,6.94,6.94,6.914433370247323
20230717093101090,6.94,6.94,6.914433370247323
20230717093101100,6.94,6.94,6.914433370247323
20230717093101120,6.94,6.94,6.914433370247323
20230717093101150,6.94,6.94,6.914433370247323
20230717093101230,6.94,6.94,6.914433370247323
20230717093101410,6.94,6.94,6.914433370247323
20230717093102880,6.94,6.94,6.914433370247323
20230717093103070,6.94,6.94,6.914433370247323
20230717093103090,6.94,6.94,6.914433370247323
20230717093103220,6.94,6.94,6.914433370247323
20230717093103280,6.94,6.94,6.914433370247323
20230717093103330,6.94,6.94,6.914433370247323
20230717093103540,6.94,6.94,6.914433370247323
20230717093103650,6.94,6.94,6.914433370247323
20230717093103660,6.96,6.94,6.915322667625382
20230717093103680,6.96,6.94,6.915322667625382
20230717093103720,6.95,6.94,6.915322667625382
20230717093103760,6.95,6.94,6.915322667625382
20230717093104070,6.95,6.94,6.915322667625382
20230717093104080,6.95,6.94,6.915322667625382
20230717093104090,6.95,6.94,6.915322667625382
20230717093104110,6.95,6.94,6.915322667625382
20230717093106050,6.95,6.94,6.915322667625382
20230717093106080,6.95,6.94,6.915322667625382
20230717093106270,6.95,6.94,6.915322667625382
20230717093106290,6.95,6.94,6.915322667625382
20230717093106320,6.95,6.94,6.915322667625382
20230717093106600,6.95,6.94,6.915322667625382
20230717093106690,6.95,6.94,6.915322667625382
20230717093106760,6.95,6.94,6.915322667625382
20230717093106780,6.95,6.94,6.915322667625382
20230717093108250,6.95,6.94,6.917067553735927
20230717093108260,6.95,6.94,6.917067553735927
20230717093108280,6.95,6.94,6.917067553735927
20230717093108410,6.95,6.94,6.917067553735927
20230717093108430,6.95,6.94,6.917067553735927
20230717093108440,6.95,6.94,6.917067553735927
20230717093108490,6.95,6.94,6.917067553735927
20230717093108590,6.95,6.94,6.917067553735927
20230717093108610,6.95,6.94,6.917067553735927
20230717093108810,6.95,6.94,6.917067553735927
20230717093108820,6.95,6.94,6.917067553735927
20230717093108840,6.95,6.94,6.917067553735927
20230717093108850,6.95,6.94,6.917067553735927
20230717093108880,6.95,6.94,6.917067553735927
20230717093108920,6.95,6.94,6.917067553735927
20230717093109070,6.95,6.94,6.917067553735927
20230717093109110,6.95,6.94,6.917067553735927
20230717093109130,6.95,6.94,6.917067553735927
20230717093109170,6.95,6.94,6.917067553735927
20230717093109180,6.95,6.94,6.9170753751705325
20230717093109320,6.95,6.94,6.9170753751705325
20230717093110960,6.95,6.94,6.9170753751705325
20230717093111180,6.95,6.94,6.9170753751705325
20230717093111230,6.95,6.94,6.9170753751705325
20230717093111290,6.95,6.94,6.9170753751705325
20230717093111300,6.95,6.94,6.9170753751705325
20230717093111670,6.95,6.94,6.9170753751705325
20230717093111850,6.95,6.94,6.9170753751705325
20230717093111860,6.95,6.94,6.9170753751705325
20230717093111890,6.95,6.94,6.9170753751705325
20230717093111970,6.95,6.94,6.9170753751705325
20230717093112100,6.95,6.94,6.9170753751705325
20230717093112170,6.95,6.94,6.9170753751705325
20230717093113720,6.95,6.94,6.9170753751705325
20230717093113730,6.95,6.94,6.9170753751705325
20230717093113990,6.95,6.94,6.9170753751705325
20230717093114030,6.95,6.93,6.918457943925234
20230717093114040,6.95,6.93,6.918457943925234
20230717093114050,6.95,6.93,6.918457943925234
20230717093114080,6.95,6.93,6.918457943925234
20230717093114110,6.95,6.94,6.918457943925234
20230717093114310,6.95,6.94,6.918457943925234
20230717093114340,6.95,6.94,6.918457943925234
20230717093114380,6.95,6.94,6.918457943925234
20230717093114490,6.95,6.94,6.918457943925234
20230717093114520,6.95,6.94,6.918457943925234
20230717093114530,6.95,6.94,6.918457943925234
20230717093114580,6.95,6.94,6.918457943925234
20230717093114650,6.96,6.94,6.918957608351787
20230717093114700,6.96,6.94,6.918967425679949
20230717093114740,6.95,6.94,6.918967425679949
20230717093114750,6.95,6.94,6.918967425679949
20230717093114780,6.95,6.94,6.918967425679949
20230717093114870,6.95,6.94,6.918967425679949
20230717093114890,6.95,6.94,6.918967425679949
20230717093116410,6.95,6.94,6.918967425679949
20230717093116470,6.95,6.93,6.918967425679949
20230717093116520,6.95,6.93,6.919174886488179
20230717093116690,6.95,6.93,6.919218261413383
20230717093116760,6.95,6.93,6.919218261413383
20230717093116910,6.95,6.93,6.919218261413383
20230717093116920,6.95,6.93,6.919218261413383
20230717093116950,6.95,6.93,6.919218261413383
20230717093117250,6.95,6.93,6.919218261413383
20230717093117380,6.95,6.94,6.919218261413383
20230717093117390,6.95,6.94,6.919218261413383
20230717093117490,6.95,6.94,6.919218261413383
20230717093119080,6.96,6.94,6.919593822393822
20230717093119110,6.95,6.94,6.919593822393822
20230717093119120,6.95,6.94,6.919593822393822
20230717093119150,6.95,6.94,6.919593822393822
20230717093119160,6.95,6.94,6.919593822393822
20230717093119190,6.95,6.93,6.919879701537993
20230717093119200,6.95,6.93,6.919879701537993
20230717093119230,6.95,6.93,6.919905674729956
20230717093119310,6.95,6.94,6.919905674729956
20230717093119550,6.95,6.94,6.919905674729956
20230717093119560,6.95,6.94,6.919905674729956
20230717093119610,6.95,6.94,6.919905674729956
20230717093119630,6.95,6.94,6.919905674729956
20230717093119690,6.95,6.94,6.9199422580154994
20230717093119700,6.95,6.94,6.9199422580154994
20230717093119810,6.95,6.94,6.9199422580154994
20230717093119820,6.95,6.94,6.9199422580154994
20230717093119940,6.96,6.94,6.9200333232353834
20230717093120070,6.96,6.94,6.9200333232353834
20230717093120110,6.96,6.94,6.9200333232353834
20230717093120200,6.95,6.94,6.9200333232353834
20230717093120210,6.96,6.94,6.920074118892755
20230717093120250,6.96,6.94,6.920074118892755
20230717093121840,6.96,6.94,6.920074118892755
20230717093121850,6.96,6.94,6.920074118892755
20230717093121910,6.96,6.94,6.920074118892755
20230717093121920,6.96,6.95,6.920074118892755
20230717093122000,6.96,6.95,6.920074118892755
20230717093122040,6.96,6.95,6.920074118892755
20230717093122100,6.96,6.94,6.920074118892755
20230717093122110,6.96,6.94,6.920074118892755
20230717093122120,6.96,6.95,6.920074118892755
20230717093122130,6.96,6.94,6.920074118892755
20230717093122160,6.96,6.95,6.920074118892755
20230717093122180,6.96,6.95,6.920074118892755
20230717093122190,6.96,6.95,6.920074118892755
20230717093122200,6.96,6.95,6.920074118892755
20230717093122230,6.96,6.94,6.920414236578436
20230717093122260,6.95,6.94,6.9205332141793265
20230717093122300,6.95,6.95,6.9205332141793265
20230717093122320,6.95,6.95,6.9205332141793265
20230717093122360,6.95,6.95,6.9205332141793265
20230717093122440,6.95,6.95,6.920594530321046
20230717093122510,6.95,6.95,6.920594530321046
20230717093122550,6.95,6.95,6.920725066587748
20230717093122610,6.95,6.95,6.920733727810651
20230717093122640,6.95,6.95,6.920733727810651
20230717093122950,6.95,6.95,6.920733727810651
20230717093123000,6.95,6.95,6.920733727810651
20230717093124510,6.95,6.95,6.920733727810651
20230717093124890,6.95,6.95,6.920733727810651
20230717093125030,6.96,6.95,6.920875901663477
20230717093125050,6.96,6.95,6.920875901663477
20230717093125080,6.96,6.95,6.920875901663477
20230717093125130,6.96,6.95,6.920875901663477
20230717093125140,6.96,6.95,6.920875901663477
20230717093125150,6.96,6.95,6.920875901663477
20230717093125160,6.96,6.95,6.920875901663477
20230717093125190,6.96,6.95,6.920875901663477
20230717093125200,6.96,6.95,6.920875901663477
20230717093125230,6.96,6.95,6.920875901663477
20230717093125240,6.96,6.95,6.920875901663477
20230717093125270,6.96,6.95,6.920875901663477
20230717093125280,6.96,6.95,6.920875901663477
20230717093125300,6.96,6.95,6.920875901663477
20230717093125330,6.96,6.95,6.920875901663477
20230717093125400,6.96,6.95,6.920875901663477
20230717093125670,6.96,6.95,6.920875901663477
20230717093127180,6.96,6.95,6.920875901663477
20230717093127230,6.96,6.95,6.920875901663477
20230717093127240,6.96,6.95,6.920875901663477
20230717093127250,6.96,6.95,6.920875901663477
20230717093127260,6.96,6.95,6.920969919295671
20230717093127290,6.96,6.95,6.920978436262286
20230717093127370,6.96,6.95,6.920978436262286
20230717093127400,6.96,6.95,6.920978436262286
20230717093127460,6.96,6.95,6.920978436262286
20230717093127470,6.96,6.95,6.920978436262286
20230717093127630,6.96,6.95,6.9211182481751825
20230717093127660,6.96,6.95,6.92118555199534
20230717093127670,6.96,6.95,6.921219086412569
20230717093127680,6.96,6.95,6.9212567194537264
20230717093127700,6.96,6.95,6.92129008852126
20230717093127730,6.96,6.95,6.92129008852126
20230717093127800,6.96,6.95,6.921323380200029
20230717093127830,6.96,6.95,6.921323380200029
20230717093128030,6.96,6.95,6.921323380200029
20230717093128090,6.96,6.95,6.921364886380084
20230717093128100,6.96,6.95,6.921364886380084
20230717093128120,6.96,6.95,6.921376067139343
20230717093128240,6.96,6.95,6.921429809358752
20230717093128290,6.96,6.95,6.921429809358752
20230717093128400,6.96,6.95,6.921462781304097
20230717093130050,6.96,6.95,6.921462781304097
20230717093130140,6.96,6.95,6.921462781304097
20230717093130260,6.96,6.95,6.921462781304097
20230717093130270,6.96,6.95,6.921506770383175
20230717093130300,6.96,6.95,6.921506770383175
20230717093130400,6.96,6.95,6.921506770383175
20230717093130410,6.96,6.95,6.921506770383175
20230717093130500,6.96,6.95,6.921506770383175
20230717093130510,6.96,6.95,6.921506770383175
20230717093130550,6.96,6.95,6.921506770383175
20230717093130560,6.96,6.95,6.921506770383175
20230717093130610,6.96,6.95,6.921506770383175
20230717093130800,6.96,6.95,6.921641577060932
20230717093130840,6.96,6.95,6.921843416370106
20230717093130850,6.96,6.95,6.921851430197808
20230717093130860,6.96,6.95,6.921859439465074
20230717093131090,6.96,6.95,6.921975063757438
20230717093132700,6.96,6.95,6.921975063757438
20230717093132750,6.96,6.95,6.921975063757438
20230717093133000,6.96,6.95,6.921975063757438
20230717093133010,6.96,6.95,6.921990937411498
20230717093133020,6.96,6.95,6.921990937411498
20230717093133050,6.96,6.95,6.922044683257918
20230717093133100,6.96,6.95,6.922056537102473
20230717093133110,6.96,6.95,6.922560721721027
20230717093133120,6.96,6.95,6.922560721721027
20230717093133180,6.96,6.95,6.9226097189533435
20230717093133220,6.95,6.95,6.9226097189533435
20230717093133240,6.95,6.95,6.9226097189533435
20230717093133280,6.95,6.95,6.922983749829305
20230717093133300,6.95,6.95,6.922983749829305
20230717093133470,6.96,6.95,6.922983749829305
20230717093133650,6.96,6.95,6.922983749829305
20230717093133780,6.96,6.95,6.922983749829305
20230717093133800,6.95,6.95,6.922983749829305
20230717093133810,6.95,6.95,6.922983749829305
20230717093135260,6.95,6.95,6.922983749829305
20230717093135290,6.95,6.95,6.922983749829305
20230717093135380,6.95,6.95,6.922983749829305
20230717093135450,6.95,6.95,6.922983749829305
20230717093135480,6.95,6.95,6.922983749829305
20230717093135500,6.95,6.95,6.922983749829305
20230717093135640,6.95,6.95,6.922983749829305
20230717093135680,6.95,6.95,6.922983749829305
20230717093135750,6.95,6.95,6.922983749829305
20230717093135760,6.95,6.95,6.922983749829305
20230717093135790,6.95,6.95,6.922983749829305
20230717093135800,6.95,6.95,6.922983749829305
20230717093135810,6.95,6.95,6.922983749829305
20230717093135820,6.95,6.95,6.922983749829305
20230717093135930,6.95,6.95,6.922983749829305
20230717093135990,6.95,6.95,6.922983749829305
20230717093136200,6.95,6.95,6.922983749829305
20230717093136280,6.95,6.95,6.922983749829305
20230717093136500,6.95,6.95,6.922983749829305
20230717093136520,6.95,6.95,6.922983749829305
20230717093138160,6.95,6.95,6.922983749829305
20230717093138200,6.95,6.95,6.922983749829305
20230717093138230,6.95,6.95,6.922983749829305
20230717093138400,6.95,6.95,6.922983749829305
20230717093138420,6.95,6.95,6.922983749829305
20230717093138430,6.95,6.95,6.922983749829305
20230717093138440,6.95,6.95,6.922983749829305
20230717093138720,6.95,6.95,6.922983749829305
20230717093138860,6.95,6.95,6.922983749829305
20230717093138900,6.95,6.95,6.922983749829305
20230717093138950,6.95,6.95,6.922983749829305
20230717093139040,6.95,6.95,6.922983749829305
20230717093139180,6.95,6.95,6.922983749829305
20230717093140750,6.95,6.95,6.922983749829305
20230717093140790,6.95,6.95,6.922983749829305
20230717093140940,6.95,6.95,6.922983749829305
20230717093140980,6.94,6.95,6.922983749829305
20230717093141030,6.94,6.95,6.922983749829305
20230717093141050,6.95,6.95,6.922983749829305
20230717093141100,6.95,6.95,6.922983749829305
20230717093141200,6.95,6.95,6.922983749829305
20230717093141620,6.95,6.95,6.922983749829305
20230717093143410,6.95,6.95,6.922983749829305
20230717093143510,6.95,6.95,6.922983749829305
20230717093143640,6.95,6.95,6.922983749829305
20230717093143860,6.95,6.95,6.922983749829305
20230717093143930,6.95,6.95,6.922983749829305
20230717093143960,6.94,6.95,6.922983749829305
20230717093143990,6.94,6.95,6.922983749829305
20230717093144050,6.94,6.95,6.922983749829305
20230717093144400,6.94,6.95,6.922983749829305
20230717093144410,6.94,6.95,6.922983749829305
20230717093144430,6.94,6.95,6.922983749829305
20230717093144490,6.94,6.95,6.922983749829305
20230717093144520,6.94,6.95,6.922983749829305
20230717093146150,6.94,6.95,6.922983749829305
20230717093146160,6.94,6.95,6.922983749829305
20230717093146230,6.94,6.95,6.922983749829305
20230717093146320,6.94,6.95,6.922983749829305
20230717093146380,6.94,6.95,6.922983749829305
20230717093146450,6.95,6.93,6.923197251414713
20230717093146570,6.95,6.93,6.923573498419389
20230717093146620,6.95,6.93,6.923573498419389
20230717093146700,6.95,6.93,6.923573498419389
20230717093146830,6.95,6.93,6.923573498419389
20230717093146850,6.94,6.93,6.923573498419389
20230717093146870,6.94,6.93,6.923573498419389
20230717093146900,6.94,6.93,6.923573498419389
20230717093147050,6.94,6.93,6.923573498419389
20230717093147310,6.94,6.93,6.923573498419389
20230717093147320,6.94,6.93,6.923573498419389
20230717093148810,6.94,6.93,6.923573498419389
20230717093148840,6.94,6.93,6.923573498419389
20230717093149110,6.95,6.93,6.923587213891081
20230717093149130,6.95,6.93,6.923587213891081
20230717093149210,6.95,6.93,6.923587213891081
20230717093149230,6.95,6.93,6.923587213891081
20230717093149240,6.94,6.93,6.923587213891081
20230717093149430,6.94,6.93,6.923587213891081
20230717093149450,6.94,6.93,6.923587213891081
20230717093149520,6.94,6.93,6.923587213891081
20230717093149610,6.94,6.93,6.923587213891081
20230717093149730,6.94,6.93,6.923587213891081
20230717093149890,6.94,6.93,6.923587213891081
20230717093151510,6.94,6.93,6.923587213891081
20230717093151560,6.95,6.93,6.923714434873401
20230717093151640,6.95,6.93,6.923714434873401
20230717093151660,6.95,6.93,6.923714434873401
20230717093151790,6.95,6.93,6.923714434873401
20230717093151890,6.95,6.93,6.923733715476811
20230717093151950,6.95,6.93,6.923733715476811
20230717093152030,6.95,6.93,6.923733715476811
20230717093152070,6.95,6.93,6.923733715476811
20230717093152080,6.95,6.93,6.923733715476811
20230717093152100,6.94,6.93,6.923733715476811
20230717093152280,6.94,6.93,6.923733715476811
20230717093152300,6.94,6.93,6.923733715476811
20230717093152350,6.94,6.93,6.923733715476811
20230717093152530,6.95,6.93,6.9238036175710596
20230717093152650,6.95,6.93,6.9238036175710596
20230717093152680,6.95,6.93,6.9238036175710596
20230717093152710,6.95,6.93,6.9238036175710596
20230717093154190,6.93,6.93,6.9238036175710596
20230717093154260,6.93,6.93,6.9238036175710596
20230717093154420,6.93,6.93,6.9238036175710596
20230717093154510,6.93,6.92,6.923854046428113
20230717093154550,6.93,6.92,6.923854046428113
20230717093154620,6.93,6.92,6.923854046428113
20230717093154670,6.93,6.92,6.923854046428113
20230717093154710,6.93,6.92,6.923854046428113
20230717093154790,6.93,6.92,6.923854046428113
20230717093154840,6.93,6.92,6.923854046428113
20230717093154860,6.93,6.92,6.923854046428113
20230717093154910,6.93,6.92,6.923854046428113
20230717093154970,6.93,6.92,6.923854046428113
20230717093154990,6.93,6.92,6.923854046428113
20230717093155040,6.93,6.92,6.923854046428113
20230717093155080,6.93,6.92,6.923854046428113
20230717093155200,6.93,6.92,6.923854046428113
20230717093155210,6.93,6.92,6.923854046428113
20230717093155260,6.93,6.92,6.923854046428113
20230717093155270,6.93,6.92,6.923854046428113
20230717093155320,6.93,6.92,6.92385312899106
20230717093156920,6.93,6.92,6.92385312899106
20230717093157060,6.93,6.92,6.92385312899106
20230717093157080,6.93,6.92,6.92385312899106
20230717093157110,6.93,6.92,6.92385312899106
20230717093157310,6.93,6.92,6.92385312899106
20230717093157320,6.93,6.92,6.92385312899106
20230717093157630,6.93,6.92,6.92385312899106
20230717093157880,6.93,6.92,6.92385312899106
20230717093158040,6.93,6.92,6.92385312899106
20230717093158090,6.93,6.92,6.92385312899106
20230717093158100,6.93,6.92,6.92385312899106
20230717093159560,6.93,6.92,6.92385312899106
20230717093159880,6.93,6.92,6.92385312899106
20230717093200020,6.93,6.92,6.92385312899106
20230717093200050,6.93,6.92,6.92385312899106
20230717093200090,6.93,6.92,6.92385312899106
20230717093200110,6.93,6.92,6.92385312899106
20230717093200170,6.93,6.92,6.92385312899106
20230717093200200,6.92,6.92,6.92385312899106
20230717093200250,6.92,6.92,6.92385312899106
20230717093200270,6.92,6.92,6.923814941221084
20230717093200280,6.92,6.92,6.923814941221084
20230717093200320,6.92,6.92,6.923814941221084
20230717093200450,6.92,6.92,6.923814941221084
20230717093200460,6.92,6.92,6.923814941221084
20230717093200550,6.92,6.92,6.923814941221084
20230717093200560,6.92,6.92,6.923814941221084
20230717093200590,6.92,6.92,6.923814941221084
20230717093200680,6.92,6.92,6.923812050018946
20230717093202270,6.92,6.92,6.923812050018946
20230717093202300,6.92,6.92,6.923812050018946
20230717093202570,6.92,6.92,6.923812050018946
20230717093202780,6.92,6.92,6.923812050018946
20230717093202880,6.93,6.92,6.924030668127053
20230717093202890,6.92,6.92,6.924010656333253
20230717093202910,6.92,6.92,6.924010656333253
20230717093202960,6.92,6.92,6.924010656333253
20230717093203020,6.92,6.92,6.924009685230025
20230717093203060,6.92,6.92,6.924005321078727
20230717093203070,6.92,6.92,6.924005321078727
20230717093203120,6.92,6.92,6.924005321078727
20230717093203160,6.92,6.92,6.924005321078727
20230717093203170,6.93,6.92,6.9239825337959084
20230717093203280,6.93,6.92,6.9239825337959084
20230717093203320,6.93,6.92,6.9239825337959084
20230717093203330,6.93,6.92,6.9239825337959084
20230717093203340,6.93,6.92,6.923980153036824
20230717093203360,6.93,6.92,6.923980153036824
20230717093203500,6.93,6.92,6.923980153036824
20230717093205370,6.93,6.92,6.923980153036824
20230717093205440,6.93,6.92,6.923980153036824
20230717093205790,6.93,6.92,6.923980153036824
20230717093205850,6.93,6.92,6.923980153036824
20230717093205910,6.93,6.92,6.923980153036824
20230717093206000,6.93,6.92,6.923980153036824
20230717093206050,6.93,6.92,6.923980153036824
20230717093206080,6.93,6.92,6.923980153036824
20230717093206130,6.93,6.92,6.923980153036824
20230717093206150,6.93,6.92,6.923980153036824
20230717093206190,6.93,6.92,6.923980153036824
20230717093206210,6.93,6.92,6.923980153036824
20230717093207660,6.93,6.92,6.923980153036824
20230717093207680,6.93,6.92,6.923980153036824
20230717093207690,6.93,6.92,6.923980153036824
20230717093207750,6.93,6.92,6.923980153036824
20230717093207760,6.93,6.92,6.923980153036824
20230717093207810,6.93,6.92,6.923980153036824
20230717093207820,6.93,6.92,6.923980153036824
20230717093207830,6.93,6.92,6.923980153036824
20230717093207880,6.93,6.92,6.923980153036824
20230717093207920,6.93,6.92,6.923980153036824
20230717093207940,6.93,6.92,6.923980153036824
20230717093208020,6.93,6.92,6.923960524760666
20230717093208030,6.93,6.92,6.923960524760666
20230717093208060,6.93,6.92,6.923960524760666
20230717093208150,6.93,6.92,6.923960524760666
20230717093208250,6.93,6.92,6.923960524760666
20230717093208280,6.93,6.92,6.923960524760666
20230717093208410,6.93,6.92,6.923960524760666
20230717093208420,6.93,6.92,6.923960524760666
20230717093208430,6.93,6.92,6.923960524760666
20230717093208580,6.93,6.92,6.923960524760666
20230717093208640,6.93,6.92,6.923960524760666
20230717093208750,6.93,6.92,6.923960524760666
20230717093208780,6.93,6.92,6.923960524760666
20230717093208880,6.93,6.92,6.9239188399017655
20230717093208900,6.93,6.92,6.923897418004187
20230717093210400,6.93,6.92,6.923897418004187
20230717093210450,6.93,6.92,6.923896964763345
20230717093210810,6.93,6.92,6.923896964763345
20230717093210820,6.93,6.92,6.923896964763345
20230717093210950,6.93,6.92,6.9238933426280935
20230717093210960,6.93,6.92,6.9238933426280935
20230717093211100,6.93,6.92,6.92388882441685
20230717093211280,6.93,6.92,6.92388882441685
20230717093211380,6.93,6.92,6.92388882441685
20230717093211400,6.93,6.92,6.92388882441685
20230717093211460,6.93,6.92,6.92388882441685
20230717093211590,6.93,6.92,6.92388837317243
20230717093213100,6.93,6.92,6.92388837317243
20230717093213350,6.93,6.92,6.92388837317243
20230717093213660,6.93,6.92,6.92388837317243
20230717093213880,6.93,6.92,6.92388837317243
20230717093213890,6.93,6.92,6.92388837317243
20230717093213920,6.93,6.92,6.92388837317243
20230717093214010,6.93,6.92,6.92388837317243
20230717093214080,6.93,6.92,6.92388837317243
20230717093214190,6.93,6.92,6.92388837317243
20230717093214200,6.93,6.92,6.923889082260123
20230717093214290,6.93,6.92,6.923890499942002
20230717093215790,6.93,6.92,6.923890499942002
20230717093215850,6.92,6.92,6.923890499942002
20230717093215980,6.92,6.92,6.923890499942002
20230717093215990,6.92,6.92,6.923890499942002
20230717093216170,6.92,6.92,6.923890499942002
20230717093216180,6.92,6.92,6.923890499942002
20230717093216300,6.92,6.92,6.923890499942002
20230717093216470,6.92,6.92,6.923890499942002
20230717093216580,6.92,6.92,6.923890499942002
20230717093216590,6.92,6.92,6.923890499942002
20230717093216680,6.92,6.92,6.923890499942002
20230717093216960,6.92,6.92,6.923890499942002
20230717093218480,6.92,6.92,6.923890499942002
20230717093218560,6.92,6.92,6.923890499942002
20230717093218840,6.92,6.92,6.923890499942002
20230717093218990,6.92,6.92,6.923890499942002
20230717093219110,6.92,6.92,6.923890499942002
20230717093219120,6.92,6.92,6.923890499942002
20230717093219130,6.92,6.92,6.923890499942002
20230717093219180,6.92,6.92,6.923890499942002
20230717093219200,6.92,6.92,6.923879040667362
20230717093219220,6.93,6.92,6.923879040667362
20230717093219270,6.93,6.92,6.923879040667362
20230717093219280,6.93,6.92,6.923832796688132
20230717093219300,6.92,6.92,6.923832796688132
20230717093219340,6.92,6.92,6.923832796688132
20230717093219390,6.92,6.92,6.923832796688132
20230717093219410,6.92,6.92,6.923818306793447
20230717093219440,6.92,6.92,6.923818306793447
20230717093219450,6.92,6.92,6.923818306793447
20230717093219600,6.92,6.92,6.923818306793447
20230717093219620,6.92,6.92,6.923818306793447
20230717093221150,6.92,6.92,6.923818306793447
20230717093221300,6.92,6.92,6.923818306793447
20230717093221420,6.92,6.92,6.923818306793447
20230717093221480,6.92,6.92,6.923818306793447
20230717093221570,6.92,6.92,6.923818306793447
20230717093221630,6.92,6.92,6.923818306793447
20230717093221680,6.92,6.92,6.923818306793447
20230717093221720,6.92,6.92,6.923818306793447
20230717093221960,6.92,6.92,6.923818306793447
20230717093221990,6.92,6.92,6.923818306793447
20230717093222060,6.92,6.92,6.923818306793447
20230717093222100,6.92,6.92,6.923818306793447
20230717093222110,6.92,6.92,6.923818306793447
20230717093222230,6.92,6.92,6.923802494564596
20230717093222310,6.92,6.92,6.923802494564596
20230717093222340,6.92,6.92,6.923802494564596
20230717093222410,6.92,6.92,6.923802494564596
20230717093224170,6.92,6.92,6.923802494564596
20230717093224210,6.92,6.92,6.923802494564596
20230717093224280,6.92,6.92,6.923802494564596
20230717093224390,6.92,6.92,6.923802494564596
20230717093224480,6.92,6.92,6.923802494564596
20230717093224550,6.92,6.92,6.923802494564596
20230717093224850,6.92,6.92,6.923802494564596
20230717093224900,6.92,6.92,6.923802494564596
20230717093224910,6.92,6.92,6.923802494564596
20230717093225000,6.92,6.92,6.923802494564596
20230717093225010,6.92,6.92,6.923802494564596
20230717093225100,6.92,6.92,6.923802494564596
20230717093226600,6.92,6.92,6.923802494564596
20230717093226840,6.92,6.92,6.923802494564596
20230717093226910,6.92,6.92,6.923802494564596
20230717093226920,6.92,6.92,6.923802494564596
20230717093227250,6.92,6.92,6.923802494564596
20230717093227440,6.92,6.92,6.923802494564596
20230717093227710,6.92,6.92,6.923802494564596
20230717093227720,6.92,6.92,6.923802494564596
20230717093229250,6.92,6.92,6.923802494564596
20230717093229330,6.92,6.92,6.923802494564596
20230717093229420,6.92,6.92,6.923802494564596
20230717093229550,6.92,6.92,6.923802494564596
20230717093229700,6.92,6.92,6.923802494564596
20230717093229710,6.92,6.92,6.923802494564596
20230717093229920,6.92,6.92,6.923802494564596
20230717093229980,6.92,6.92,6.923802494564596
20230717093230000,6.92,6.92,6.923802494564596
20230717093230050,6.92,6.92,6.9237444482405195
20230717093230100,6.92,6.92,6.9237444482405195
20230717093230110,6.92,6.92,6.923744021862902
20230717093230120,6.92,6.92,6.923744021862902
20230717093230150,6.92,6.92,6.923744021862902
20230717093230280,6.92,6.92,6.923744021862902
20230717093230360,6.92,6.92,6.923744021862902
20230717093230370,6.92,6.92,6.923744021862902
20230717093230420,6.92,6.91,6.923744021862902
20230717093232010,6.92,6.91,6.923744021862902
20230717093232020,6.92,6.91,6.923744021862902
20230717093232080,6.92,6.91,6.923709842206834
20230717093232140,6.92,6.91,6.923709842206834
20230717093232170,6.92,6.91,6.923709842206834
20230717093232190,6.92,6.91,6.923709842206834
20230717093232260,6.92,6.91,6.923709842206834
20230717093232270,6.92,6.91,6.923709842206834
20230717093232350,6.92,6.91,6.923709842206834
20230717093232450,6.92,6.91,6.923709842206834
20230717093232880,6.92,6.91,6.923709842206834
20230717093232920,6.92,6.91,6.923709842206834
20230717093232960,6.92,6.91,6.9236989564428315
20230717093233040,6.92,6.91,6.923697278911565
20230717093233190,6.92,6.91,6.923697278911565
20230717093234690,6.92,6.91,6.923697278911565
20230717093234700,6.92,6.91,6.923697278911565
20230717093234860,6.92,6.91,6.923697278911565
20230717093234910,6.92,6.91,6.923697278911565
20230717093235010,6.92,6.91,6.923697278911565
20230717093235040,6.92,6.91,6.923644680370454
20230717093235170,6.92,6.91,6.923644680370454
20230717093235220,6.91,6.91,6.923612394366197
20230717093235380,6.91,6.91,6.923612394366197
20230717093235570,6.91,6.91,6.923612394366197
20230717093235820,6.91,6.91,6.923612394366197
20230717093235840,6.91,6.91,6.923612394366197
20230717093237360,6.91,6.91,6.923612394366197
20230717093237440,6.91,6.91,6.923612394366197
20230717093237450,6.91,6.91,6.923612394366197
20230717093237460,6.91,6.91,6.923612394366197
20230717093237700,6.91,6.91,6.923612394366197
20230717093237800,6.91,6.91,6.923612394366197
20230717093237810,6.91,6.91,6.923612394366197
20230717093237930,6.92,6.91,6.923612394366197
20230717093237970,6.92,6.91,6.923612394366197
20230717093238150,6.91,6.91,6.923588446841987
20230717093238420,6.91,6.91,6.923588446841987
20230717093240080,6.91,6.91,6.923588446841987
20230717093240110,6.91,6.91,6.923588446841987
20230717093240140,6.91,6.91,6.923588446841987
20230717093240160,6.91,6.91,6.923461882405545
20230717093240420,6.91,6.91,6.923461882405545
20230717093240510,6.91,6.91,6.923461882405545
20230717093240550,6.91,6.91,6.923461882405545
20230717093240890,6.91,6.91,6.923461882405545
20230717093240970,6.91,6.91,6.923461882405545
20230717093241230,6.91,6.91,6.923461882405545
20230717093241290,6.91,6.91,6.923461882405545
20230717093242800,6.91,6.91,6.923279033687943
20230717093242810,6.91,6.91,6.92327315019938
20230717093242880,6.91,6.91,6.9232584642620045
20230717093243050,6.91,6.91,6.923251133473405
20230717093243070,6.91,6.91,6.9232394210584465
20230717093243090,6.91,6.91,6.923198590153101
20230717093243110,6.91,6.91,6.923197136563877
20230717093243120,6.91,6.91,6.923197136563877
20230717093243180,6.91,6.91,6.923139254385965
20230717093243230,6.91,6.91,6.923002387152778
20230717093243240,6.91,6.91,6.922989701897019
20230717093243320,6.91,6.91,6.922970018400259
20230717093243340,6.91,6.91,6.922970018400259
20230717093243490,6.91,6.91,6.922970018400259
20230717093243510,6.91,6.91,6.922970018400259
20230717093243800,6.91,6.91,6.922970018400259
20230717093243870,6.91,6.91,6.922970018400259
20230717093243970,6.91,6.91,6.922924406047517
20230717093245470,6.91,6.91,6.9229087003222345
20230717093245790,6.91,6.91,6.9229087003222345
20230717093245860,6.91,6.91,6.9229087003222345
20230717093245970,6.91,6.91,6.9229087003222345
20230717093246080,6.91,6.91,6.9229087003222345
20230717093246090,6.91,6.91,6.9229087003222345
20230717093246140,6.91,6.91,6.922874129619711
20230717093246170,6.91,6.91,6.9228713719610155
20230717093246370,6.91,6.91,6.9228713719610155
20230717093246460,6.91,6.91,6.9228713719610155
20230717093246530,6.91,6.91,6.9228713719610155
20230717093248330,6.91,6.91,6.9228713719610155
20230717093248350,6.91,6.91,6.922860659246576
20230717093248420,6.91,6.91,6.922860659246576
20230717093248450,6.91,6.91,6.922860659246576
20230717093248510,6.91,6.91,6.922860659246576
20230717093248680,6.91,6.91,6.922860659246576
20230717093248700,6.91,6.91,6.922860659246576
20230717093248900,6.91,6.91,6.922860659246576
20230717093248950,6.91,6.91,6.922860659246576
20230717093249090,6.91,6.91,6.922857601369423
20230717093249110,6.91,6.91,6.922857601369423
20230717093249120,6.91,6.91,6.922855157669695
20230717093249160,6.91,6.91,6.922850891237059
20230717093249190,6.91,6.91,6.922850891237059
20230717093249200,6.91,6.91,6.922850891237059
20230717093249210,6.91,6.91,6.922850891237059
20230717093249300,6.91,6.91,6.922850891237059
20230717093250870,6.91,6.91,6.922850891237059
20230717093250900,6.91,6.91,6.922850891237059
20230717093251020,6.91,6.91,6.922850891237059
20230717093251030,6.91,6.91,6.92284677763551
20230717093251040,6.91,6.91,6.922845407020164
20230717093251080,6.91,6.91,6.9228440366972475
20230717093251590,6.91,6.91,6.9228440366972475
20230717093251800,6.91,6.91,6.9228440366972475
20230717093252060,6.91,6.91,6.9228440366972475
20230717093252090,6.91,6.91,6.922841914508048
20230717093253650,6.91,6.91,6.922841914508048
20230717093253710,6.91,6.91,6.922828239804068
20230717093254280,6.91,6.91,6.922828239804068
20230717093254300,6.91,6.91,6.922828239804068
20230717093254540,6.91,6.91,6.922828239804068
20230717093254760,6.91,6.91,6.922828239804068
20230717093256360,6.92,6.91,6.922828239804068
20230717093256370,6.92,6.91,6.922828239804068
20230717093256400,6.91,6.91,6.922828239804068
20230717093256430,6.91,6.91,6.922828239804068
20230717093256450,6.91,6.91,6.922828239804068
20230717093256460,6.91,6.91,6.922828239804068
20230717093256470,6.91,6.91,6.922828239804068
20230717093256500,6.91,6.91,6.922828239804068
20230717093256540,6.91,6.91,6.922828239804068
20230717093256600,6.91,6.91,6.922828239804068
20230717093256770,6.92,6.91,6.922219292017446
20230717093257060,6.92,6.91,6.922219292017446
20230717093257070,6.92,6.91,6.922219292017446
20230717093257080,6.92,6.91,6.922219292017446
20230717093257100,6.92,6.91,6.922219292017446
20230717093257180,6.92,6.91,6.922219292017446
20230717093257190,6.92,6.91,6.922219292017446
20230717093257200,6.92,6.91,6.922219292017446
20230717093257300,6.92,6.91,6.922219292017446
20230717093259510,6.92,6.91,6.922219292017446
20230717093259760,6.92,6.91,6.922206910527915
20230717093259870,6.92,6.91,6.922206910527915
20230717093300010,6.92,6.91,6.922206910527915
20230717093300050,6.92,6.91,6.922206910527915
20230717093300100,6.92,6.91,6.922206910527915
20230717093300120,6.92,6.91,6.922206910527915
20230717093300130,6.91,6.91,6.922206910527915
20230717093300140,6.91,6.91,6.922206910527915
20230717093300150,6.92,6.91,6.922206910527915
20230717093301850,6.92,6.91,6.922206910527915
20230717093302210,6.92,6.91,6.922206910527915
20230717093302580,6.92,6.91,6.922206910527915
20230717093302610,6.92,6.91,6.922206910527915
20230717093302680,6.92,6.91,6.922206910527915
20230717093302690,6.92,6.91,6.922206910527915
20230717093302780,6.92,6.91,6.922167895747045
20230717093302790,6.92,6.91,6.922167895747045
20230717093304350,6.92,6.91,6.922167895747045
20230717093304380,6.92,6.91,6.922167895747045
20230717093304430,6.91,6.91,6.922167895747045
20230717093304600,6.91,6.91,6.922167895747045
20230717093304610,6.91,6.91,6.922167895747045
20230717093304780,6.91,6.91,6.922167895747045
20230717093304930,6.91,6.91,6.922167895747045
20230717093305000,6.91,6.91,6.922167895747045
20230717093305200,6.91,6.91,6.922167895747045
20230717093305490,6.92,6.91,6.922167895747045
20230717093307040,6.92,6.91,6.922167895747045
20230717093307180,6.91,6.91,6.922167895747045
20230717093307320,6.91,6.91,6.922167895747045
20230717093307390,6.91,6.91,6.922167895747045
20230717093307500,6.91,6.91,6.922167895747045
20230717093307610,6.91,6.91,6.922167895747045
20230717093307780,6.91,6.91,6.922167895747045
20230717093307880,6.91,6.91,6.922032780331801
20230717093308050,6.91,6.91,6.922032780331801
20230717093308070,6.91,6.91,6.922010782747604
20230717093308190,6.91,6.91,6.922010782747604
20230717093308210,6.91,6.91,6.921793198892843
20230717093308260,6.91,6.91,6.921793198892843
20230717093309760,6.91,6.91,6.921793198892843
20230717093310090,6.91,6.91,6.9217910447761195
20230717093310190,6.9,6.91,6.921433015749563
20230717093310200,6.9,6.91,6.921433015749563
20230717093310210,6.9,6.91,6.921433015749563
20230717093310220,6.9,6.91,6.921433015749563
20230717093310240,6.9,6.91,6.921433015749563
20230717093310250,6.9,6.91,6.921433015749563
20230717093310420,6.9,6.91,6.921433015749563
20230717093310590,6.9,6.91,6.921433015749563
20230717093310630,6.9,6.91,6.921433015749563
20230717093310720,6.9,6.91,6.921433015749563
20230717093310890,6.9,6.91,6.92143093224458
20230717093310940,6.9,6.91,6.9214101194522675
20230717093310980,6.9,6.91,6.9209026263392435
20230717093312500,6.9,6.91,6.9209026263392435
20230717093312540,6.9,6.91,6.9209026263392435
20230717093312760,6.9,6.91,6.920882826560576
20230717093312790,6.9,6.91,6.920882826560576
20230717093312850,6.9,6.91,6.920882826560576
20230717093312870,6.9,6.91,6.920882826560576
20230717093312990,6.9,6.91,6.920882826560576
20230717093313070,6.9,6.91,6.920882826560576
20230717093313200,6.9,6.91,6.9208799014964955
20230717093313210,6.9,6.91,6.9208799014964955
20230717093313220,6.9,6.91,6.9208799014964955
20230717093313260,6.9,6.91,6.9208799014964955
20230717093313280,6.9,6.91,6.9208799014964955
20230717093313480,6.9,6.91,6.9208799014964955
20230717093313530,6.9,6.91,6.9208799014964955
20230717093313560,6.9,6.91,6.9208799014964955
20230717093313610,6.9,6.91,6.9208799014964955
20230717093315280,6.9,6.91,6.9208799014964955
20230717093315310,6.9,6.91,6.9208799014964955
20230717093315330,6.9,6.91,6.9208799014964955
20230717093315400,6.9,6.91,6.920750541482249
20230717093315430,6.9,6.91,6.920750541482249
20230717093315440,6.9,6.91,6.920750541482249
20230717093315590,6.9,6.91,6.920750541482249
20230717093315630,6.9,6.91,6.920405705816969
20230717093315640,6.9,6.91,6.920405705816969
20230717093315670,6.9,6.91,6.920405705816969
20230717093315680,6.9,6.91,6.920405705816969
20230717093315760,6.9,6.91,6.920405705816969
20230717093316070,6.9,6.91,6.920405705816969
20230717093316080,6.9,6.91,6.920301945668135
20230717093316170,6.9,6.91,6.920301945668135
20230717093316210,6.9,6.91,6.920301945668135
20230717093316310,6.9,6.91,6.920301945668135
20230717093316370,6.9,6.91,6.920301945668135
20230717093318240,6.9,6.91,6.920301945668135
20230717093318290,6.9,6.91,6.920301945668135
20230717093318300,6.9,6.91,6.920301945668135
20230717093318320,6.9,6.91,6.920301945668135
20230717093318350,6.9,6.91,6.920231642556308
20230717093318620,6.9,6.91,6.920231642556308
20230717093318780,6.9,6.91,6.920231642556308
20230717093319070,6.9,6.91,6.920231642556308
20230717093320800,6.9,6.91,6.920231642556308
20230717093320820,6.9,6.91,6.920231642556308
20230717093321210,6.9,6.91,6.920231642556308
20230717093321610,6.9,6.91,6.920231642556308
20230717093321710,6.92,6.91,6.919889288928893
20230717093321730,6.91,6.91,6.919889288928893
20230717093321770,6.91,6.91,6.919889288928893
20230717093323260,6.91,6.91,6.919889288928893
20230717093323270,6.91,6.91,6.919889288928893
20230717093323300,6.91,6.91,6.919889288928893
20230717093323480,6.91,6.91,6.919889288928893
20230717093323830,6.92,6.91,6.919507170795306
20230717093323840,6.91,6.91,6.919507170795306
20230717093323860,6.9,6.91,6.919507170795306
20230717093324080,6.9,6.91,6.919507170795306
20230717093324100,6.9,6.91,6.919454199463714
20230717093324210,6.9,6.91,6.919420602711337
20230717093324220,6.9,6.91,6.919420602711337
20230717093324370,6.9,6.91,6.919418925919531
20230717093326230,6.91,6.91,6.91941724941725
20230717093326260,6.91,6.91,6.91941724941725
20230717093326320,6.9,6.91,6.91941724941725
20230717093326410,6.9,6.91,6.91941724941725
20230717093326500,6.9,6.91,6.91941724941725
20230717093326640,6.9,6.91,6.91941724941725
20230717093326650,6.9,6.91,6.91941724941725
20230717093326810,6.9,6.91,6.91941724941725
20230717093326890,6.9,6.91,6.91941724941725
20230717093326970,6.9,6.91,6.91941724941725
20230717093326980,6.9,6.91,6.91941724941725
20230717093327000,6.9,6.91,6.91941724941725
20230717093327160,6.9,6.91,6.91941724941725
20230717093328720,6.9,6.91,6.91941724941725
20230717093328730,6.91,6.91,6.91941724941725
20230717093329270,6.91,6.91,6.91941724941725
20230717093329320,6.91,6.91,6.91941724941725
20230717093329440,6.91,6.91,6.91941724941725
20230717093329450,6.91,6.91,6.91941724941725
20230717093329460,6.91,6.91,6.91941724941725
20230717093329490,6.92,6.91,6.91941724941725
20230717093329500,6.92,6.91,6.91941724941725
20230717093329530,6.92,6.91,6.91941724941725
20230717093329850,6.91,6.91,6.91941724941725
20230717093331660,6.91,6.91,6.919140764710892
20230717093332120,6.91,6.91,6.919139134877384
20230717093332190,6.91,6.91,6.919139134877384
20230717093332300,6.91,6.91,6.919139134877384
20230717093332350,6.91,6.91,6.919139134877384
20230717093332450,6.91,6.91,6.919139134877384
20230717093332490,6.91,6.91,6.919139134877384
20230717093332550,6.91,6.91,6.919139134877384
20230717093334170,6.91,6.91,6.919139134877384
20230717093334230,6.91,6.91,6.919139134877384
20230717093334510,6.91,6.91,6.919139134877384
20230717093334610,6.91,6.91,6.919139134877384
20230717093334650,6.91,6.91,6.919139134877384
20230717093334790,6.91,6.91,6.919139134877384
20230717093334890,6.91,6.91,6.919139134877384
20230717093335100,6.91,6.91,6.919132618318011
20230717093335130,6.91,6.91,6.919132618318011
20230717093336990,6.91,6.91,6.919132618318011
20230717093337160,6.9,6.91,6.919132618318011
20230717093337170,6.9,6.91,6.919132618318011
20230717093337180,6.9,6.91,6.919132618318011
20230717093337250,6.9,6.91,6.919132618318011
20230717093337320,6.9,6.91,6.919132618318011
20230717093337470,6.9,6.91,6.919132618318011
20230717093337480,6.9,6.91,6.919132618318011
20230717093337780,6.9,6.91,6.919132618318011
20230717093337850,6.9,6.91,6.919132618318011
20230717093337930,6.91,6.91,6.919132618318011
20230717093339630,6.91,6.91,6.919132618318011
20230717093339650,6.91,6.91,6.919132618318011
20230717093339670,6.9,6.91,6.919132618318011
20230717093339680,6.9,6.91,6.919132618318011
20230717093339690,6.9,6.91,6.919132618318011
20230717093339840,6.9,6.91,6.919132618318011
20230717093339860,6.9,6.91,6.919132618318011
20230717093340040,6.9,6.91,6.919132618318011
20230717093340060,6.9,6.91,6.919132618318011
20230717093340080,6.9,6.91,6.919132618318011
20230717093340200,6.9,6.91,6.919132618318011
20230717093340230,6.9,6.91,6.919132618318011
20230717093340280,6.9,6.91,6.919132618318011
20230717093340300,6.9,6.91,6.919132618318011
20230717093340330,6.9,6.91,6.919132618318011
20230717093340410,6.9,6.91,6.919132618318011
20230717093340430,6.9,6.91,6.919132618318011
20230717093340560,6.9,6.91,6.919132618318011
20230717093342260,6.9,6.91,6.919132618318011
20230717093342330,6.9,6.91,6.919132618318011
20230717093342440,6.9,6.91,6.919132618318011
20230717093342450,6.9,6.91,6.919132618318011
20230717093342510,6.9,6.91,6.919132618318011
20230717093342520,6.9,6.91,6.919132618318011
20230717093342590,6.9,6.91,6.919132618318011
20230717093342660,6.9,6.91,6.919132618318011
20230717093342670,6.9,6.89,6.919132618318011
20230717093342740,6.9,6.89,6.919132618318011
20230717093342760,6.91,6.89,6.918518918021905
20230717093342980,6.91,6.89,6.918518918021905
20230717093343000,6.9,6.89,6.918518918021905
20230717093343100,6.9,6.89,6.918518918021905
20230717093343260,6.9,6.89,6.918518918021905
20230717093343370,6.9,6.89,6.918518918021905
20230717093344970,6.9,6.89,6.918518918021905
20230717093345140,6.9,6.89,6.918518918021905
20230717093345250,6.9,6.89,6.918518918021905
20230717093345410,6.9,6.89,6.918518918021905
20230717093345460,6.9,6.89,6.918518918021905
20230717093345470,6.9,6.89,6.918518918021905
20230717093345580,6.9,6.89,6.918518918021905
20230717093345690,6.9,6.89,6.918313541151245
20230717093345790,6.9,6.89,6.918313541151245
20230717093346010,6.9,6.89,6.918313541151245
20230717093346050,6.9,6.89,6.918287880036253
20230717093346080,6.9,6.89,6.918287880036253
20230717093346090,6.9,6.89,6.918278560250391
20230717093347730,6.9,6.89,6.918276231263383
20230717093347750,6.91,6.89,6.918064962552914
20230717093347990,6.91,6.89,6.918064962552914
20230717093348020,6.9,6.89,6.918064962552914
20230717093348250,6.9,6.89,6.918064962552914
20230717093348310,6.9,6.89,6.918064962552914
20230717093348330,6.9,6.89,6.918064962552914
20230717093348340,6.9,6.89,6.918064962552914
20230717093348420,6.9,6.89,6.91804897892767
20230717093348540,6.9,6.89,6.91804897892767
20230717093348730,6.9,6.89,6.9180372387999025
20230717093350520,6.89,6.89,6.9180372387999025
20230717093351030,6.89,6.89,6.9180372387999025
20230717093351080,6.89,6.89,6.9180372387999025
20230717093351100,6.89,6.89,6.9180372387999025
20230717093351220,6.89,6.89,6.9180372387999025
20230717093351300,6.89,6.89,6.9180372387999025
20230717093351490,6.89,6.89,6.9180372387999025
20230717093352970,6.89,6.89,6.9180372387999025
20230717093353010,6.89,6.89,6.9180372387999025
20230717093353140,6.89,6.89,6.9180372387999025
20230717093353210,6.89,6.89,6.9180372387999025
20230717093353300,6.89,6.89,6.917936456475928
20230717093353370,6.89,6.89,6.917936456475928
20230717093353530,6.89,6.88,6.917649613899614
20230717093353640,6.89,6.88,6.917649613899614
20230717093353790,6.89,6.88,6.917649613899614
20230717093353910,6.89,6.88,6.917649613899614
20230717093353920,6.89,6.88,6.917649613899614
20230717093353930,6.89,6.88,6.917115216874158
20230717093353940,6.89,6.88,6.917112274024738
20230717093353950,6.89,6.88,6.9169103383013955
20230717093353960,6.89,6.88,6.9169103383013955
20230717093354000,6.89,6.88,6.916804529013996
20230717093354110,6.89,6.88,6.916503158387273
20230717093355690,6.89,6.88,6.916503158387273
20230717093355700,6.89,6.88,6.916503158387273
20230717093355750,6.89,6.88,6.916503158387273
20230717093355810,6.89,6.88,6.916503158387273
20230717093355870,6.9,6.89,6.914339162844037
20230717093355880,6.89,6.88,6.914205574167795
20230717093355890,6.89,6.88,6.914205574167795
20230717093355900,6.89,6.88,6.914205574167795
20230717093355910,6.89,6.88,6.914205574167795
20230717093355920,6.89,6.88,6.914205574167795
20230717093355930,6.89,6.88,6.914205574167795
20230717093355940,6.89,6.88,6.914205574167795
20230717093355980,6.89,6.88,6.914205574167795
20230717093356020,6.89,6.88,6.914205574167795
20230717093356030,6.89,6.88,6.914205574167795
20230717093356290,6.89,6.88,6.914205574167795
20230717093356550,6.89,6.89,6.914196950263645
20230717093356730,6.89,6.89,6.914196950263645
20230717093356740,6.89,6.89,6.914196950263645
20230717093356770,6.89,6.89,6.914196950263645
20230717093356800,6.89,6.89,6.914196950263645
20230717093358490,6.89,6.89,6.914196950263645
20230717093358570,6.89,6.89,6.914196950263645
20230717093358850,6.89,6.89,6.914196950263645
20230717093359090,6.89,6.89,6.914196950263645
20230717093359270,6.89,6.89,6.914196950263645
20230717093359310,6.89,6.89,6.914191778870129
20230717093359340,6.89,6.89,6.914191778870129
20230717093359370,6.89,6.89,6.914191778870129
20230717093359450,6.9,6.88,6.913924148606811
20230717093359540,6.9,6.88,6.913924148606811
20230717093401070,6.9,6.89,6.913924148606811
20230717093401080,6.9,6.89,6.913818474007826
20230717093401110,6.9,6.89,6.913818474007826
20230717093401140,6.9,6.89,6.913818474007826
20230717093401150,6.9,6.89,6.913818474007826
20230717093401280,6.9,6.89,6.9138084928062575
20230717093401290,6.9,6.89,6.913805167597765
20230717093401310,6.9,6.89,6.913805167597765
20230717093401410,6.9,6.89,6.913805167597765
20230717093401810,6.89,6.88,6.913755400696864
20230717093401820,6.9,6.88,6.913753745383597
20230717093401860,6.9,6.88,6.913753745383597
20230717093401870,6.9,6.89,6.913753745383597
20230717093401960,6.9,6.89,6.913753745383597
20230717093401980,6.9,6.89,6.913753745383597
20230717093402200,6.9,6.89,6.913753745383597
20230717093402210,6.9,6.88,6.9136364267370025
20230717093402230,6.89,6.88,6.9136364267370025
20230717093402260,6.89,6.88,6.9136364267370025
20230717093403930,6.89,6.88,6.9136364267370025
20230717093404070,6.89,6.88,6.9136364267370025
20230717093404090,6.89,6.88,6.9136364267370025
20230717093404120,6.89,6.88,6.913634786229872
20230717093404380,6.89,6.88,6.913634786229872
20230717093404420,6.89,6.88,6.9134961705651
20230717093404480,6.89,6.88,6.913486447341196
20230717093404570,6.89,6.88,6.9134495349638305
20230717093404580,6.89,6.88,6.9134495349638305
20230717093404670,6.89,6.88,6.9134495349638305
20230717093404690,6.89,6.88,6.9134495349638305
20230717093404720,6.89,6.88,6.913436617778696
20230717093404760,6.89,6.88,6.913436617778696
20230717093406880,6.89,6.88,6.913436617778696
20230717093406970,6.89,6.88,6.913397510829952
20230717093406990,6.89,6.88,6.913397510829952
20230717093407020,6.89,6.88,6.913397510829952
20230717093407030,6.89,6.88,6.913397510829952
20230717093407080,6.89,6.88,6.913397510829952
20230717093407200,6.89,6.88,6.913397510829952
20230717093407310,6.88,6.88,6.913397510829952
20230717093407320,6.88,6.88,6.913397510829952
20230717093407480,6.88,6.88,6.913397510829952
20230717093407590,6.88,6.88,6.913397510829952
20230717093407690,6.88,6.88,6.913397510829952
20230717093407700,6.88,6.88,6.913397510829952
20230717093409350,6.88,6.88,6.913397510829952
20230717093409400,6.88,6.88,6.913397510829952
20230717093409520,6.88,6.88,6.913397510829952
20230717093409610,6.88,6.88,6.913397510829952
20230717093409890,6.88,6.88,6.913397510829952
20230717093409930,6.88,6.88,6.913397510829952
20230717093410280,6.88,6.88,6.913397510829952
20230717093410400,6.88,6.88,6.9132586962476035
20230717093411940,6.88,6.88,6.9132586962476035
20230717093412190,6.88,6.88,6.9132586962476035
20230717093412450,6.88,6.88,6.9132586962476035
20230717093412560,6.88,6.88,6.9132586962476035
20230717093412770,6.88,6.88,6.9132586962476035
20230717093412980,6.88,6.88,6.913190515238486
20230717093414630,6.88,6.88,6.913190515238486
20230717093414700,6.88,6.88,6.913183712509394
20230717093415220,6.88,6.88,6.913183712509394
20230717093415320,6.88,6.88,6.913140693231441
20230717093415350,6.88,6.88,6.91313911441632
20230717093415390,6.88,6.88,6.91313911441632
20230717093415400,6.88,6.88,6.91313911441632
20230717093415450,6.88,6.88,6.91313911441632
20230717093415470,6.88,6.88,6.913130072982743
20230717093415660,6.88,6.88,6.913130072982743
20230717093415760,6.89,6.88,6.912996744879967
20230717093417270,6.89,6.88,6.912996744879967
20230717093417440,6.89,6.88,6.912996744879967
20230717093417640,6.89,6.88,6.912996744879967
20230717093417740,6.89,6.88,6.912996744879967
20230717093417760,6.89,6.88,6.912996744879967
20230717093417800,6.89,6.88,6.912996744879967
20230717093417990,6.89,6.88,6.912996744879967
20230717093418020,6.89,6.88,6.912996744879967
20230717093418100,6.89,6.88,6.912996744879967
20230717093420050,6.89,6.88,6.912996744879967
20230717093420130,6.88,6.88,6.912759038578065
20230717093420140,6.89,6.88,6.9127502187521035
20230717093420160,6.89,6.88,6.9127502187521035
20230717093420190,6.88,6.88,6.912567630752789
20230717093420230,6.88,6.88,6.912567630752789
20230717093420340,6.88,6.88,6.912567630752789
20230717093420350,6.88,6.88,6.912463546174846
20230717093420450,6.88,6.88,6.912463546174846
20230717093420460,6.88,6.88,6.91246138482024
20230717093420760,6.89,6.88,6.912338661537441
20230717093420970,6.89,6.88,6.912338661537441
20230717093421080,6.89,6.88,6.912338661537441
20230717093421090,6.89,6.88,6.912240581625909
20230717093421130,6.89,6.88,6.912240581625909
20230717093423040,6.89,6.88,6.912240581625909
20230717093423670,6.88,6.88,6.912240581625909
20230717093425670,6.88,6.88,6.912240581625909
20230717093425800,6.89,6.88,6.912240581625909
20230717093426140,6.89,6.88,6.912240581625909
20230717093426150,6.89,6.88,6.912240581625909
20230717093426220,6.89,6.88,6.912240581625909
20230717093428070,6.89,6.88,6.912240581625909
20230717093428210,6.89,6.88,6.912240581625909
20230717093428260,6.89,6.88,6.912240581625909
20230717093428270,6.89,6.88,6.912240581625909
20230717093428320,6.88,6.88,6.911966751750769
20230717093428330,6.88,6.88,6.911966751750769
20230717093428370,6.9,6.88,6.911469515705969
20230717093428410,6.89,6.88,6.911469515705969
20230717093428490,6.89,6.88,6.911436054682509
20230717093428870,6.89,6.88,6.911436054682509
20230717093428880,6.89,6.88,6.911436054682509
20230717093428960,6.89,6.88,6.911436054682509
20230717093429130,6.89,6.88,6.911436054682509
20230717093429270,6.89,6.88,6.911436054682509
20230717093430760,6.89,6.88,6.911373924131336
20230717093430910,6.89,6.88,6.911373924131336
20230717093430950,6.89,6.88,6.911373924131336
20230717093431110,6.89,6.88,6.911373924131336
20230717093431140,6.89,6.88,6.911333970073225
20230717093431150,6.89,6.88,6.911333970073225
20230717093431160,6.89,6.88,6.911333970073225
20230717093431380,6.89,6.88,6.911333970073225
20230717093431440,6.89,6.88,6.911333970073225
20230717093431470,6.89,6.88,6.911333970073225
20230717093431650,6.89,6.88,6.911333970073225
20230717093431700,6.89,6.88,6.911333970073225
20230717093431830,6.89,6.88,6.911333970073225
20230717093431930,6.89,6.88,6.911333970073225
20230717093433440,6.89,6.88,6.911333970073225
20230717093433800,6.89,6.88,6.911333970073225
20230717093433940,6.89,6.88,6.911333970073225
20230717093433990,6.89,6.88,6.911333970073225
20230717093434070,6.89,6.88,6.911333970073225
20230717093434080,6.89,6.89,6.91132853778089
20230717093434090,6.89,6.89,6.91132853778089
20230717093434100,6.89,6.89,6.91132853778089
20230717093434170,6.89,6.89,6.91132853778089
20230717093434240,6.89,6.89,6.911312257489982
20230717093434360,6.89,6.89,6.911312257489982
20230717093434370,6.89,6.89,6.911312257489982
20230717093434430,6.89,6.89,6.9113054813684345
20230717093434700,6.89,6.89,6.9113054813684345
20230717093436720,6.89,6.89,6.9113054813684345
20230717093436950,6.89,6.89,6.9113054813684345
20230717093437090,6.89,6.89,6.9113054813684345
20230717093437110,6.89,6.89,6.9113054813684345
20230717093437130,6.89,6.89,6.9113054813684345
20230717093437340,6.89,6.89,6.9113054813684345
20230717093437360,6.89,6.89,6.9113054813684345
20230717093437390,6.89,6.89,6.9113054813684345
20230717093437400,6.89,6.89,6.911265951368167
20230717093439020,6.89,6.89,6.911265951368167
20230717093439620,6.89,6.89,6.911265951368167
20230717093439720,6.89,6.89,6.911265951368167
20230717093439760,6.89,6.89,6.911265951368167
20230717093439920,6.89,6.89,6.911265951368167
20230717093440070,6.89,6.89,6.911265951368167
20230717093440080,6.89,6.89,6.911239852866565
20230717093441540,6.89,6.89,6.911239852866565
20230717093441570,6.89,6.89,6.911239852866565
20230717093441600,6.89,6.89,6.911239852866565
20230717093441750,6.89,6.89,6.911239852866565
20230717093441760,6.9,6.89,6.911239852866565
20230717093441800,6.9,6.89,6.911239852866565
20230717093441810,6.9,6.89,6.911239852866565
20230717093441820,6.9,6.89,6.911239852866565
20230717093442020,6.9,6.89,6.911239852866565
20230717093442060,6.9,6.89,6.911239852866565
20230717093442080,6.9,6.89,6.911239852866565
20230717093442110,6.9,6.89,6.911239852866565
20230717093442300,6.9,6.89,6.911239852866565
20230717093442540,6.9,6.89,6.911239852866565
20230717093442600,6.9,6.89,6.911239852866565
20230717093442720,6.9,6.89,6.911092706890036
20230717093444600,6.9,6.89,6.911092706890036
20230717093444720,6.9,6.89,6.911092706890036
20230717093444780,6.9,6.89,6.911092706890036
20230717093445030,6.9,6.89,6.911092706890036
20230717093445150,6.9,6.89,6.911092706890036
20230717093445270,6.9,6.89,6.911092706890036
20230717093445430,6.9,6.89,6.911092706890036
20230717093445500,6.9,6.89,6.911092706890036
20230717093447000,6.9,6.89,6.911092706890036
20230717093447060,6.9,6.89,6.911045591559909
20230717093447090,6.9,6.89,6.911023439458511
20230717093447120,6.9,6.89,6.911023439458511
20230717093447280,6.9,6.89,6.911023439458511
20230717093447690,6.9,6.89,6.911023439458511
20230717093447850,6.9,6.89,6.911023439458511
20230717093448100,6.9,6.89,6.911023439458511
20230717093448130,6.9,6.89,6.911021367253587
20230717093449700,6.9,6.89,6.911021367253587
20230717093449990,6.9,6.89,6.911021367253587
20230717093450010,6.9,6.89,6.911021367253587
20230717093450120,6.9,6.89,6.911021367253587
20230717093450140,6.9,6.89,6.911021367253587
20230717093450300,6.9,6.89,6.911021367253587
20230717093450390,6.9,6.89,6.911021367253587
20230717093450400,6.9,6.89,6.911021367253587
20230717093450410,6.9,6.89,6.911021367253587
20230717093450590,6.9,6.89,6.911021367253587
20230717093450640,6.89,6.88,6.910637185558768
20230717093450670,6.89,6.88,6.910635916359164
20230717093452500,6.89,6.88,6.910635916359164
20230717093452590,6.89,6.88,6.910635916359164
20230717093452630,6.89,6.88,6.910635916359164
20230717093453120,6.89,6.88,6.910635916359164
20230717093453200,6.89,6.88,6.910635916359164
20230717093453340,6.89,6.88,6.910635916359164
20230717093453360,6.89,6.88,6.910635916359164
20230717093455040,6.89,6.89,6.910635916359164
20230717093455090,6.89,6.89,6.910633300541073
20230717093455210,6.89,6.89,6.910633300541073
20230717093455240,6.89,6.89,6.910633300541073
20230717093455300,6.89,6.89,6.910633300541073
20230717093455420,6.89,6.89,6.910633300541073
20230717093455520,6.89,6.89,6.910633300541073
20230717093455560,6.89,6.89,6.9105984532285785
20230717093455580,6.89,6.89,6.9105984532285785
20230717093456050,6.89,6.89,6.9105984532285785
20230717093456230,6.89,6.89,6.9105984532285785
20230717093456280,6.89,6.89,6.9105984532285785
20230717093458260,6.89,6.89,6.9105984532285785
20230717093458430,6.89,6.89,6.9105984532285785
20230717093458450,6.89,6.89,6.9105984532285785
20230717093458500,6.89,6.89,6.9105984532285785
20230717093458530,6.89,6.89,6.9105984532285785
20230717093458540,6.89,6.89,6.9105984532285785
20230717093458650,6.89,6.89,6.9105984532285785
20230717093458660,6.89,6.89,6.910518965727528
20230717093458850,6.89,6.89,6.910518965727528
20230717093458900,6.89,6.89,6.910518965727528
20230717093500530,6.89,6.89,6.910518965727528
20230717093500540,6.89,6.89,6.910518965727528
20230717093500590,6.89,6.89,6.910518965727528
20230717093500720,6.89,6.89,6.910518965727528
20230717093500850,6.89,6.89,6.910518965727528
20230717093500960,6.89,6.89,6.910518965727528
20230717093501000,6.89,6.89,6.910518965727528
20230717093501080,6.89,6.89,6.910518965727528
20230717093501090,6.89,6.89,6.910518965727528
20230717093501120,6.89,6.89,6.910518965727528
20230717093501200,6.89,6.89,6.910518965727528
20230717093501270,6.89,6.89,6.910503868884421
20230717093501420,6.89,6.89,6.910503868884421
20230717093501540,6.89,6.89,6.910503868884421
20230717093501610,6.89,6.89,6.910503868884421
20230717093501650,6.89,6.89,6.910503868884421
20230717093503210,6.89,6.89,6.910503868884421
20230717093503340,6.89,6.89,6.910503868884421
20230717093503570,6.89,6.89,6.910503868884421
20230717093503630,6.89,6.89,6.910503868884421
20230717093503760,6.89,6.89,6.910503868884421
20230717093503780,6.89,6.89,6.910503868884421
20230717093503790,6.89,6.89,6.910503868884421
20230717093503830,6.89,6.89,6.910503868884421
20230717093503840,6.89,6.89,6.910503868884421
20230717093503850,6.89,6.89,6.910503868884421
20230717093503910,6.89,6.89,6.910503868884421
20230717093503940,6.89,6.89,6.910503868884421
20230717093504090,6.89,6.89,6.910503868884421
20230717093504100,6.89,6.89,6.910503868884421
20230717093504140,6.89,6.89,6.910503868884421
20230717093504330,6.89,6.89,6.910503868884421
20230717093505830,6.89,6.89,6.910503868884421
20230717093505890,6.89,6.89,6.910503868884421
20230717093506200,6.89,6.89,6.910503868884421
20230717093506340,6.89,6.89,6.910503868884421
20230717093506430,6.89,6.89,6.910503868884421
20230717093506670,6.89,6.89,6.910503868884421
20230717093506840,6.89,6.89,6.910503868884421
20230717093506910,6.89,6.89,6.910503868884421
20230717093507040,6.89,6.89,6.910503868884421
20230717093508670,6.89,6.89,6.910503868884421
20230717093509240,6.89,6.89,6.910503868884421
20230717093509510,6.89,6.89,6.910503868884421
20230717093509550,6.89,6.89,6.910503868884421
20230717093509670,6.89,6.89,6.910503868884421
20230717093511250,6.89,6.89,6.910503868884421
20230717093511280,6.89,6.89,6.910503868884421
20230717093511360,6.89,6.89,6.910503868884421
20230717093511560,6.89,6.89,6.910503868884421
20230717093511700,6.89,6.89,6.910503868884421
20230717093511710,6.89,6.89,6.910503868884421
20230717093511720,6.89,6.89,6.910503868884421
20230717093511740,6.89,6.89,6.910503868884421
20230717093511760,6.89,6.89,6.910503868884421
20230717093511840,6.89,6.89,6.910503868884421
20230717093512000,6.89,6.89,6.910503868884421
20230717093512030,6.89,6.89,6.910503868884421
20230717093512110,6.89,6.89,6.910503868884421
20230717093512300,6.9,6.89,6.910217965653897
20230717093512320,6.9,6.89,6.910217965653897
20230717093512350,6.9,6.89,6.910129730376039
20230717093514010,6.9,6.89,6.910129730376039
20230717093514030,6.9,6.89,6.910129730376039
20230717093514080,6.9,6.89,6.910129730376039
20230717093514580,6.9,6.89,6.910129730376039
20230717093514770,6.9,6.89,6.909987537831583
20230717093514800,6.9,6.89,6.909870796460177
20230717093514810,6.9,6.89,6.909870796460177
20230717093514910,6.9,6.89,6.909870796460177
20230717093515060,6.9,6.89,6.909850887015972
20230717093515120,6.9,6.89,6.909840362865221
20230717093515150,6.9,6.89,6.909840362865221
20230717093515170,6.9,6.89,6.909840362865221
20230717093516690,6.9,6.89,6.909840362865221
20230717093516940,6.9,6.89,6.909840362865221
20230717093517090,6.9,6.89,6.909840362865221
20230717093517170,6.9,6.89,6.909840362865221
20230717093517280,6.9,6.89,6.909840362865221
20230717093517380,6.9,6.89,6.909776329693554
20230717093517600,6.9,6.89,6.909767046121347
20230717093517690,6.9,6.89,6.909767046121347
20230717093517750,6.9,6.89,6.909767046121347
20230717093519550,6.9,6.89,6.909767046121347
20230717093519680,6.9,6.89,6.909767046121347
20230717093519820,6.9,6.89,6.909767046121347
20230717093519880,6.9,6.89,6.909767046121347
20230717093519920,6.9,6.89,6.909767046121347
20230717093520280,6.9,6.89,6.909767046121347
20230717093520520,6.89,6.89,6.909767046121347
20230717093522110,6.89,6.89,6.909767046121347
20230717093522130,6.89,6.89,6.909767046121347
20230717093522140,6.89,6.89,6.909767046121347
20230717093522150,6.89,6.89,6.909767046121347
20230717093522260,6.89,6.89,6.909767046121347
20230717093522270,6.89,6.89,6.909767046121347
20230717093522300,6.89,6.89,6.909767046121347
20230717093522330,6.89,6.89,6.909767046121347
20230717093522750,6.9,6.89,6.909641940751108
20230717093522760,6.89,6.89,6.909641940751108
20230717093522790,6.89,6.89,6.909641940751108
20230717093522840,6.89,6.89,6.909641940751108
20230717093522930,6.89,6.89,6.909641940751108
20230717093522980,6.89,6.89,6.909641940751108
20230717093523010,6.89,6.89,6.909641940751108
20230717093523220,6.89,6.89,6.909641940751108
20230717093524780,6.89,6.89,6.909641940751108
20230717093524900,6.89,6.89,6.909641940751108
20230717093525120,6.89,6.89,6.909641940751108
20230717093525130,6.89,6.89,6.909641940751108
20230717093525450,6.89,6.89,6.909641940751108
20230717093525620,6.89,6.89,6.9094844583623285
20230717093525920,6.89,6.89,6.9094844583623285
20230717093527510,6.89,6.89,6.9094844583623285
20230717093527590,6.89,6.89,6.9094844583623285
20230717093527940,6.89,6.89,6.9094844583623285
20230717093527960,6.89,6.89,6.9094844583623285
20230717093528030,6.89,6.89,6.9094844583623285
20230717093528120,6.89,6.89,6.9094844583623285
20230717093528130,6.89,6.89,6.9094844583623285
20230717093528150,6.89,6.89,6.9094844583623285
20230717093528170,6.89,6.89,6.9094844583623285
20230717093528180,6.89,6.89,6.9094844583623285
20230717093528240,6.89,6.89,6.9094844583623285
20230717093528350,6.89,6.89,6.9094844583623285
20230717093528610,6.89,6.89,6.9094844583623285
20230717093530280,6.89,6.89,6.9094844583623285
20230717093530350,6.89,6.89,6.9094844583623285
20230717093530550,6.89,6.89,6.9094844583623285
20230717093530630,6.89,6.89,6.9094844583623285
20230717093530690,6.89,6.89,6.9094844583623285
20230717093531340,6.89,6.89,6.9094844583623285
20230717093532980,6.89,6.89,6.9094844583623285
20230717093533010,6.89,6.89,6.9094844583623285
20230717093533460,6.89,6.89,6.9094844583623285
20230717093533610,6.89,6.89,6.9094844583623285
20230717093533660,6.89,6.89,6.9094844583623285
20230717093533710,6.89,6.89,6.9094844583623285
20230717093533730,6.89,6.89,6.9094844583623285
20230717093533800,6.89,6.89,6.9094844583623285
20230717093533810,6.89,6.89,6.9094844583623285
20230717093533820,6.89,6.89,6.9094844583623285
20230717093534080,6.89,6.89,6.9094844583623285
20230717093534090,6.89,6.89,6.9094844583623285
20230717093535620,6.89,6.89,6.9094844583623285
20230717093535790,6.89,6.89,6.9094844583623285
20230717093536140,6.89,6.89,6.9094844583623285
20230717093536320,6.89,6.89,6.9094844583623285
20230717093536330,6.89,6.89,6.908923398959041
20230717093536430,6.89,6.89,6.908923398959041
20230717093536530,6.89,6.89,6.908923398959041
20230717093538270,6.89,6.89,6.908923398959041
20230717093538580,6.89,6.89,6.908923398959041
20230717093538660,6.89,6.89,6.908923398959041
20230717093538700,6.9,6.89,6.908838637003661
20230717093538740,6.9,6.89,6.908756238434363
20230717093538770,6.89,6.89,6.908756238434363
20230717093539430,6.89,6.89,6.908756238434363
20230717093540960,6.89,6.89,6.908756238434363
20230717093541030,6.89,6.89,6.908756238434363
20230717093541060,6.89,6.89,6.908756238434363
20230717093541090,6.89,6.89,6.908756238434363
20230717093541320,6.89,6.89,6.908756238434363
20230717093541520,6.89,6.88,6.908095055576849
20230717093541630,6.89,6.88,6.908095055576849
20230717093541780,6.89,6.88,6.908095055576849
20230717093541840,6.89,6.88,6.908095055576849
20230717093541870,6.89,6.88,6.9079542359030235
20230717093541910,6.89,6.88,6.9079542359030235
20230717093542160,6.89,6.88,6.9079542359030235
20230717093542200,6.89,6.88,6.9079542359030235
20230717093543810,6.89,6.88,6.9079542359030235
20230717093543830,6.89,6.88,6.9079542359030235
20230717093543880,6.89,6.88,6.907863725065048
20230717093543890,6.9,6.88,6.9077702884874626
20230717093543910,6.89,6.88,6.9077702884874626
20230717093544110,6.89,6.88,6.9077702884874626
20230717093544280,6.89,6.88,6.9077702884874626
20230717093544560,6.89,6.88,6.9077702884874626
20230717093544690,6.89,6.88,6.9077702884874626
20230717093544730,6.89,6.88,6.9077702884874626
20230717093546330,6.89,6.88,6.9077702884874626
20230717093546520,6.89,6.88,6.9077702884874626
20230717093546590,6.89,6.88,6.9077702884874626
20230717093546600,6.89,6.88,6.9077702884874626
20230717093546660,6.89,6.88,6.907621346205417
20230717093546740,6.89,6.88,6.907621346205417
20230717093546850,6.89,6.88,6.907621346205417
20230717093547240,6.89,6.88,6.90761986485037
20230717093547350,6.89,6.88,6.907618383654207
20230717093549110,6.89,6.88,6.907618383654207
20230717093549120,6.89,6.88,6.907618383654207
20230717093549390,6.89,6.88,6.907618383654207
20230717093549420,6.89,6.88,6.907618383654207
20230717093549520,6.89,6.88,6.907618383654207
20230717093549640,6.89,6.88,6.907612460457885
20230717093549720,6.89,6.88,6.907612460457885
20230717093549980,6.89,6.88,6.907612460457885
20230717093550030,6.89,6.88,6.907612460457885
20230717093551730,6.89,6.88,6.907612460457885
20230717093551800,6.89,6.88,6.907612460457885
20230717093551880,6.89,6.88,6.907612460457885
20230717093552050,6.89,6.88,6.907612460457885
20230717093552190,6.89,6.88,6.907569983407376
20230717093552260,6.89,6.88,6.9075567087524075
20230717093552340,6.89,6.88,6.9075567087524075
20230717093552400,6.89,6.88,6.9075567087524075
20230717093552590,6.89,6.88,6.9075567087524075
20230717093552660,6.89,6.88,6.9075567087524075
20230717093552680,6.89,6.88,6.9075567087524075
20230717093552920,6.89,6.88,6.907524831784684
20230717093554530,6.89,6.88,6.907524831784684
20230717093554590,6.89,6.88,6.907524831784684
20230717093555040,6.89,6.88,6.907524831784684
20230717093555050,6.89,6.88,6.907523361990709
20230717093555080,6.89,6.88,6.907523361990709
20230717093555120,6.89,6.88,6.907523361990709
20230717093555180,6.89,6.88,6.90751961988148
20230717093555340,6.89,6.88,6.90751961988148
20230717093555650,6.89,6.88,6.907510807493195
20230717093557320,6.89,6.88,6.907510807493195
20230717093557460,6.89,6.88,6.907510807493195
20230717093557530,6.89,6.88,6.907505201942058
20230717093557870,6.89,6.88,6.907505201942058
20230717093557890,6.89,6.88,6.907505201942058
20230717093557900,6.89,6.88,6.907505201942058
20230717093558310,6.89,6.88,6.907505201942058
20230717093600040,6.89,6.88,6.907505201942058
20230717093600070,6.89,6.88,6.907480952634663
20230717093600080,6.89,6.88,6.907480952634663
20230717093600090,6.89,6.88,6.907480952634663
20230717093600280,6.89,6.88,6.907480952634663
20230717093600290,6.89,6.88,6.9074642039708305
20230717093600690,6.89,6.88,6.907461415646621
20230717093600890,6.89,6.88,6.907461415646621
20230717093600910,6.89,6.88,6.907461415646621
20230717093602730,6.89,6.88,6.907461415646621
20230717093602770,6.89,6.88,6.907461415646621
20230717093602840,6.89,6.88,6.907461415646621
20230717093603410,6.89,6.88,6.907458628212632
20230717093603510,6.89,6.88,6.907393035354072
20230717093603740,6.89,6.88,6.907386574688246
20230717093603780,6.89,6.88,6.907383807300509
20230717093605330,6.89,6.88,6.907383807300509
20230717093605480,6.89,6.88,6.907383807300509
20230717093605630,6.89,6.89,6.907308505018489
20230717093605640,6.89,6.89,6.907308505018489
20230717093605800,6.89,6.89,6.907308505018489
20230717093605880,6.89,6.89,6.907308505018489
20230717093605950,6.89,6.88,6.9072875006595265
20230717093605980,6.89,6.88,6.9072875006595265
20230717093605990,6.89,6.88,6.9072875006595265
20230717093606040,6.89,6.88,6.9072875006595265
20230717093606220,6.89,6.88,6.9072875006595265
20230717093606330,6.89,6.88,6.9072875006595265
20230717093608010,6.89,6.88,6.90728567660248
20230717093608200,6.89,6.88,6.90728567660248
20230717093608870,6.89,6.89,6.9072121243958815
20230717093608930,6.89,6.89,6.9072121243958815
20230717093608940,6.89,6.89,6.9072121243958815
20230717093609020,6.89,6.89,6.9072121243958815
20230717093609060,6.89,6.89,6.9072121243958815
20230717093609080,6.89,6.89,6.9072121243958815
20230717093609100,6.89,6.89,6.9072121243958815
20230717093609110,6.89,6.89,6.9072121243958815
20230717093610700,6.89,6.89,6.9072121243958815
20230717093610760,6.89,6.89,6.9072121243958815
20230717093610980,6.89,6.89,6.9072121243958815
20230717093611030,6.89,6.89,6.9072121243958815
20230717093611090,6.89,6.89,6.9072121243958815
20230717093611100,6.89,6.89,6.90718684431389
20230717093611110,6.89,6.89,6.90718684431389
20230717093611120,6.89,6.89,6.90718684431389
20230717093611150,6.89,6.89,6.90718684431389
20230717093611160,6.89,6.89,6.907183238934341
20230717093611170,6.89,6.89,6.907179635067114
20230717093611330,6.9,6.89,6.906994432241916
20230717093611350,6.9,6.89,6.906986727922409
20230717093611390,6.9,6.89,6.906985860854474
20230717093611660,6.9,6.89,6.906985860854474
20230717093613710,6.9,6.89,6.906985860854474
20230717093613760,6.9,6.89,6.906985860854474
20230717093614180,6.9,6.89,6.906985860854474
20230717093614550,6.9,6.89,6.906985860854474
20230717093616060,6.9,6.89,6.906982653061225
20230717093616090,6.9,6.89,6.906970206264324
20230717093616100,6.9,6.89,6.906970206264324
20230717093616210,6.9,6.89,6.906970206264324
20230717093616230,6.9,6.89,6.906970206264324
20230717093616310,6.9,6.89,6.9069670128283445
20230717093616320,6.9,6.9,6.906954621677931
20230717093616330,6.9,6.89,6.906954621677931
20230717093616910,6.9,6.89,6.906953760162602
20230717093617130,6.9,6.89,6.906953760162602
20230717093617210,6.9,6.89,6.906953406839083
20230717093618750,6.9,6.89,6.906953406839083
20230717093618790,6.9,6.89,6.906953406839083
20230717093618990,6.9,6.89,6.906944797115433
20230717093619000,6.9,6.89,6.9069396354774835
20230717093619090,6.9,6.9,6.90693752220474
20230717093619120,6.9,6.9,6.90693752220474
20230717093619240,6.9,6.9,6.906937170117742
20230717093619250,6.9,6.9,6.906937170117742
20230717093619270,6.9,6.9,6.906937170117742
20230717093619400,6.9,6.9,6.906930838657337
20230717093619430,6.9,6.9,6.90693048724839
20230717093619520,6.9,6.9,6.90693048724839
20230717093619530,6.9,6.9,6.90693048724839
20230717093619540,6.9,6.9,6.90693048724839
20230717093619680,6.9,6.9,6.90693048724839
20230717093621560,6.9,6.9,6.90693048724839
20230717093621600,6.9,6.9,6.906926975117823
20230717093621660,6.9,6.9,6.906926975117823
20230717093621840,6.9,6.9,6.906926975117823
20230717093621930,6.9,6.9,6.9069189107106705
20230717093621960,6.9,6.9,6.9069189107106705
20230717093621970,6.9,6.9,6.906903884034548
20230717093621990,6.9,6.9,6.906903884034548
20230717093622070,6.9,6.9,6.906903884034548
20230717093622090,6.9,6.9,6.906889269694068
20230717093622150,6.9,6.9,6.906889269694068
20230717093622360,6.9,6.9,6.906889269694068
20230717093622610,6.9,6.9,6.906889269694068
20230717093624150,6.9,6.9,6.906889269694068
20230717093624240,6.9,6.9,6.906889269694068
20230717093624370,6.9,6.9,6.906889269694068
20230717093624690,6.9,6.9,6.906889269694068
20230717093624810,6.9,6.9,6.906889269694068
20230717093624830,6.9,6.9,6.906889269694068
20230717093624960,6.9,6.9,6.906889269694068
20230717093625030,6.9,6.9,6.906889269694068
20230717093625080,6.9,6.9,6.906889269694068
20230717093625200,6.9,6.9,6.906888922487653
20230717093627020,6.9,6.9,6.906888922487653
20230717093627100,6.9,6.9,6.906888922487653
20230717093627390,6.9,6.9,6.906888922487653
20230717093627420,6.9,6.9,6.906888922487653
20230717093627500,6.9,6.9,6.906888922487653
20230717093627590,6.9,6.9,6.906888922487653
20230717093627730,6.9,6.9,6.9068837185879035
20230717093627760,6.9,6.9,6.9068837185879035
20230717093629540,6.9,6.9,6.9068837185879035
20230717093629660,6.9,6.9,6.9068837185879035
20230717093629810,6.9,6.9,6.9068837185879035
20230717093629840,6.9,6.9,6.9068837185879035
20230717093629850,6.9,6.9,6.9068837185879035
20230717093629860,6.9,6.9,6.90689933356717
20230717093630030,6.9,6.9,6.906899644270755
20230717093630090,6.9,6.9,6.906899644270755
20230717093630290,6.91,6.9,6.9069019725643335
20230717093630330,6.91,6.9,6.9069019725643335
20230717093630340,6.91,6.9,6.906880958322935
20230717093630660,6.91,6.9,6.906880958322935
20230717093632420,6.91,6.9,6.906880958322935
20230717093632500,6.91,6.9,6.906880958322935
20230717093632910,6.91,6.9,6.906880958322935
20230717093635490,6.91,6.9,6.906880958322935
20230717093635500,6.91,6.9,6.906880958322935
20230717093635570,6.91,6.9,6.906880958322935
20230717093635660,6.91,6.9,6.906874750896772
20230717093635740,6.91,6.9,6.906854261871647
20230717093635880,6.91,6.9,6.906849498659784
20230717093635900,6.91,6.9,6.906847799116669
20230717093635940,6.91,6.9,6.906813984494593
20230717093635990,6.91,6.9,6.906789844019092
20230717093636060,6.91,6.9,6.906789844019092
20230717093636100,6.91,6.9,6.906789844019092
20230717093636120,6.91,6.9,6.906789844019092
20230717093637700,6.91,6.9,6.906789844019092
20230717093637950,6.91,6.9,6.906789844019092
20230717093638380,6.91,6.9,6.906789844019092
20230717093638630,6.91,6.9,6.906789844019092
20230717093638660,6.91,6.9,6.906789844019092
20230717093640330,6.91,6.9,6.906789844019092
20230717093640710,6.91,6.9,6.906789844019092
20230717093640940,6.91,6.9,6.906789844019092
20230717093640960,6.91,6.9,6.90678401569012
20230717093641040,6.91,6.9,6.90678401569012
20230717093641260,6.91,6.9,6.90678401569012
20230717093641340,6.91,6.9,6.90678401569012
20230717093643180,6.91,6.9,6.90678401569012
20230717093643360,6.91,6.9,6.90678401569012
20230717093643500,6.91,6.9,6.90678401569012
20230717093643650,6.91,6.9,6.90678401569012
20230717093643750,6.91,6.9,6.90678401569012
20230717093643930,6.91,6.9,6.906777195474359
20230717093646090,6.91,6.9,6.906777195474359
20230717093646470,6.91,6.9,6.906777195474359
20230717093646630,6.91,6.9,6.906777195474359
20230717093648470,6.91,6.9,6.906777195474359
20230717093648820,6.91,6.9,6.906778930879185
20230717093648870,6.91,6.9,6.906778930879185
20230717093649200,6.91,6.9,6.906778930879185
20230717093649330,6.91,6.9,6.906779246206559
20230717093651530,6.91,6.9,6.906779246206559
20230717093651720,6.91,6.9,6.906781136875061
20230717093651760,6.91,6.9,6.906781294330577
20230717093651790,6.91,6.9,6.906788990825688
20230717093651850,6.91,6.9,6.906788990825688
20230717093652140,6.91,6.9,6.906788990825688
20230717093654010,6.91,6.9,6.906788990825688
20230717093654270,6.91,6.9,6.906788990825688
20230717093654700,6.91,6.9,6.906788990825688
20230717093654710,6.91,6.9,6.9067441973155015
20230717093655090,6.91,6.9,6.9067441973155015
20230717093657010,6.91,6.9,6.9067441973155015
20230717093657440,6.91,6.9,6.9067441973155015
20230717093657450,6.91,6.9,6.9067441973155015
20230717093657560,6.91,6.9,6.9067441973155015
20230717093657630,6.91,6.9,6.906743263509264
20230717093659990,6.92,6.9,6.90697849208225
20230717093700020,6.92,6.9,6.90697849208225
20230717093700060,6.92,6.9,6.90697849208225
20230717093700090,6.92,6.9,6.90697849208225
20230717093700100,6.92,6.91,6.90697849208225
20230717093700120,6.92,6.91,6.90697849208225
20230717093700270,6.92,6.92,6.907042021551927
20230717093700290,6.92,6.92,6.907042021551927
20230717093700350,6.92,6.92,6.907042021551927
20230717093700360,6.92,6.92,6.907046288456111
20230717093700440,6.92,6.92,6.907046288456111
20230717093702560,6.92,6.92,6.907046288456111
20230717093702570,6.92,6.92,6.907046288456111
20230717093702850,6.92,6.92,6.907046288456111
20230717093703110,6.92,6.92,6.907046288456111
20230717093704750,6.92,6.92,6.907046288456111
20230717093704900,6.92,6.92,6.907046288456111
20230717093705100,6.92,6.92,6.907083958724202
20230717093705430,6.92,6.92,6.9070906192864845
20230717093705550,6.92,6.92,6.9070906192864845
20230717093707360,6.92,6.92,6.9070906192864845
20230717093707430,6.92,6.92,6.9070906192864845
20230717093707620,6.92,6.92,6.9070906192864845
20230717093707940,6.92,6.92,6.9070906192864845
20230717093708000,6.92,6.92,6.9070906192864845
20230717093708310,6.92,6.92,6.9070906192864845
20230717093708540,6.92,6.92,6.9070906192864845
20230717093710080,6.92,6.92,6.907091224451528
20230717093710200,6.92,6.92,6.907091829559837
20230717093710440,6.92,6.92,6.907095459018699
20230717093710720,6.92,6.92,6.907095459018699
20230717093710790,6.92,6.92,6.9070960637300844
20230717093711040,6.92,6.92,6.9070960637300844
20230717093711180,6.92,6.92,6.9070960637300844
20230717093713090,6.92,6.92,6.9070960637300844
20230717093713200,6.92,6.92,6.9070960637300844
20230717093713450,6.92,6.92,6.9070960637300844
20230717093715620,6.92,6.92,6.9070960637300844
20230717093715740,6.92,6.92,6.9070960637300844
20230717093716030,6.92,6.92,6.9070960637300844
20230717093716080,6.92,6.92,6.9070960637300844
20230717093716650,6.92,6.92,6.9070960637300844
20230717093716660,6.92,6.92,6.9070960637300844
20230717093718690,6.92,6.92,6.9070960637300844
20230717093718700,6.92,6.92,6.9070960637300844
20230717093718830,6.92,6.92,6.90712299915754
20230717093719220,6.92,6.92,6.90712299915754
20230717093719310,6.92,6.92,6.90712299915754
20230717093719320,6.92,6.92,6.90712299915754
20230717093720830,6.92,6.92,6.90712299915754
20230717093721060,6.92,6.92,6.9071240698273035
20230717093721090,6.92,6.92,6.9071240698273035
20230717093721850,6.92,6.92,6.9071240698273035
20230717093722010,6.92,6.92,6.9071240698273035
20230717093723580,6.92,6.92,6.9071240698273035
20230717093723670,6.92,6.92,6.907304319584281
20230717093723710,6.92,6.92,6.907304319584281
20230717093723740,6.92,6.91,6.9073905817174515
20230717093724010,6.92,6.91,6.9074108913173795
20230717093724270,6.92,6.91,6.9074108913173795
20230717093724410,6.92,6.91,6.9074108913173795
20230717093724580,6.93,6.91,6.907421302484215
20230717093724760,6.93,6.91,6.907421302484215
20230717093726210,6.93,6.91,6.907459740498758
20230717093726260,6.93,6.91,6.907459740498758
20230717093726280,6.93,6.92,6.907459740498758
20230717093726560,6.93,6.92,6.907459740498758
20230717093726690,6.93,6.92,6.907459740498758
20230717093726810,6.93,6.92,6.907459740498758
20230717093726830,6.93,6.92,6.907459740498758
20230717093726840,6.93,6.93,6.907644884548691
20230717093726850,6.93,6.93,6.907645904631531
20230717093726920,6.93,6.93,6.907645904631531
20230717093727020,6.93,6.93,6.907652023174125
20230717093727240,6.93,6.93,6.907654061944077
20230717093727280,6.93,6.93,6.907654061944077
20230717093728980,6.93,6.93,6.907654061944077
20230717093729000,6.93,6.93,6.907654061944077
20230717093729040,6.93,6.93,6.907654061944077
20230717093729140,6.93,6.93,6.907654061944077
20230717093729290,6.93,6.93,6.907654061944077
20230717093729400,6.93,6.93,6.907654061944077
20230717093729440,6.93,6.93,6.907654061944077
20230717093729530,6.93,6.93,6.907654061944077
20230717093729560,6.93,6.93,6.907654061944077
20230717093729670,6.93,6.93,6.907654061944077
20230717093729750,6.93,6.93,6.907654061944077
20230717093729880,6.93,6.93,6.907654061944077
20230717093729970,6.93,6.93,6.907659157241882
20230717093731670,6.93,6.93,6.907659157241882
20230717093731920,6.93,6.93,6.907659157241882
20230717093732180,6.93,6.93,6.907659157241882
20230717093732270,6.93,6.93,6.907659157241882
20230717093732340,6.93,6.93,6.907659157241882
