Timestamp,ask1,bid1,VWAP
20230713093000120,5.98,7.3,0.0
20230713093000130,5.98,7.3,0.0
20230713093000140,5.98,7.3,0.0
20230713093000150,5.98,7.3,0.0
20230713093000160,5.98,7.3,0.0
20230713093000170,6.31,6.68,6.659642857142857
20230713093000180,6.31,6.68,6.659642857142857
20230713093000190,6.31,6.68,6.659642857142857
20230713093000200,6.31,6.68,6.659642857142857
20230713093000210,6.31,6.68,6.659642857142857
20230713093000220,6.31,6.68,6.659642857142857
20230713093000230,6.31,6.68,6.659642857142857
20230713093000250,6.31,6.68,6.659642857142857
20230713093000270,6.31,6.68,6.659642857142857
20230713093000280,6.5,6.68,6.659642857142857
20230713093000590,6.5,6.68,6.668686440677966
20230713093000620,6.5,6.68,6.668686440677966
20230713093000660,6.5,6.68,6.668686440677966
20230713093000670,6.5,6.68,6.668702928870293
20230713093000680,6.5,6.68,6.668702928870293
20230713093000690,6.5,6.68,6.668702928870293
20230713093000710,6.5,6.68,6.668708333333333
20230713093000720,6.5,6.68,6.668708333333333
20230713093000740,6.5,6.68,6.668708333333333
20230713093000770,6.5,6.68,6.668708333333333
20230713093000790,6.5,6.68,6.668708333333333
20230713093000800,6.5,6.68,6.668708333333333
20230713093000810,6.5,6.68,6.668075471698113
20230713093000820,6.5,6.68,6.668075471698113
20230713093000830,6.5,6.68,6.668075471698113
20230713093000850,6.5,6.68,6.668075471698113
20230713093000880,6.5,6.68,6.668075471698113
20230713093001460,6.5,6.68,6.668075471698113
20230713093001470,6.5,6.68,6.668075471698113
20230713093001480,6.5,6.68,6.668075471698113
20230713093001500,6.5,6.68,6.668075471698113
20230713093001520,6.5,6.68,6.668467153284672
20230713093001540,6.5,6.68,6.668467153284672
20230713093001550,6.5,6.68,6.668467153284672
20230713093001560,6.5,6.68,6.668467153284672
20230713093001570,6.5,6.68,6.668467153284672
20230713093001590,6.5,6.68,6.668467153284672
20230713093001610,6.5,6.68,6.668509090909091
20230713093001620,6.5,6.68,6.668509090909091
20230713093001630,6.5,6.68,6.668509090909091
20230713093001640,6.5,6.68,6.668509090909091
20230713093001650,6.5,6.68,6.668509090909091
20230713093001670,6.5,6.68,6.668509090909091
20230713093001680,6.5,6.68,6.668509090909091
20230713093001690,6.5,6.68,6.668509090909091
20230713093001700,6.62,6.68,6.670945558739255
20230713093001710,6.62,6.68,6.670945558739255
20230713093001730,6.62,6.68,6.670945558739255
20230713093001750,6.62,6.68,6.670945558739255
20230713093001780,6.62,6.68,6.670945558739255
20230713093001800,6.62,6.68,6.670945558739255
20230713093001810,6.62,6.68,6.670945558739255
20230713093001820,6.62,6.68,6.670945558739255
20230713093001840,6.62,6.68,6.670945558739255
20230713093001900,6.62,6.68,6.670945558739255
20230713093001910,6.62,6.68,6.670945558739255
20230713093001920,6.62,6.68,6.671318681318681
20230713093001930,6.62,6.68,6.671318681318681
20230713093001950,6.62,6.68,6.671318681318681
20230713093001960,6.62,6.68,6.671318681318681
20230713093001980,6.62,6.68,6.671318681318681
20230713093001990,6.62,6.68,6.671318681318681
20230713093002000,6.62,6.68,6.671318681318681
20230713093002020,6.62,6.68,6.671318681318681
20230713093002030,6.62,6.68,6.671318681318681
20230713093002050,6.62,6.68,6.671318681318681
20230713093003070,6.62,6.68,6.671318681318681
20230713093003090,6.62,6.68,6.671318681318681
20230713093003120,6.62,6.68,6.671318681318681
20230713093003130,6.62,6.68,6.67130081300813
20230713093003140,6.62,6.68,6.67130081300813
20230713093003180,6.62,6.68,6.67130081300813
20230713093003230,6.62,6.68,6.67130081300813
20230713093003250,6.62,6.68,6.671297297297297
20230713093003270,6.62,6.68,6.671297297297297
20230713093003290,6.62,6.68,6.671297297297297
20230713093003350,6.62,6.68,6.671297297297297
20230713093003360,6.62,6.68,6.671297297297297
20230713093003380,6.62,6.68,6.671297297297297
20230713093003400,6.62,6.68,6.671297297297297
20230713093003410,6.62,6.68,6.671297297297297
20230713093003470,6.62,6.68,6.671297297297297
20230713093003490,6.62,6.68,6.671290322580645
20230713093003500,6.67,6.68,6.671802469135803
20230713093003540,6.67,6.68,6.671802469135803
20230713093003560,6.67,6.68,6.671802469135803
20230713093003570,6.67,6.68,6.671802469135803
20230713093003580,6.67,6.68,6.671802469135803
20230713093003590,6.67,6.68,6.671802469135803
20230713093003630,6.67,6.68,6.671802469135803
20230713093003650,6.67,6.68,6.671802469135803
20230713093003660,6.67,6.68,6.671802469135803
20230713093003740,6.67,6.68,6.671802469135803
20230713093003790,6.67,6.68,6.671802469135803
20230713093003800,6.67,6.68,6.671802469135803
20230713093003830,6.67,6.68,6.671802469135803
20230713093003840,6.67,6.68,6.671802469135803
20230713093003850,6.67,6.68,6.671802469135803
20230713093003860,6.67,6.68,6.671802469135803
20230713093003890,6.67,6.68,6.671802469135803
20230713093003940,6.67,6.68,6.672019230769231
20230713093003950,6.67,6.68,6.672019230769231
20230713093003970,6.67,6.68,6.672019230769231
20230713093004000,6.67,6.68,6.672019230769231
20230713093004010,6.67,6.68,6.672019230769231
20230713093004020,6.67,6.68,6.671926605504587
20230713093004030,6.67,6.68,6.671926605504587
20230713093004040,6.67,6.68,6.671926605504587
20230713093004050,6.67,6.68,6.671926605504587
20230713093004080,6.67,6.68,6.671926605504587
20230713093004100,6.67,6.68,6.671926605504587
20230713093004130,6.67,6.68,6.671926605504587
20230713093004140,6.67,6.68,6.671913439635535
20230713093004160,6.67,6.68,6.671913439635535
20230713093005660,6.67,6.68,6.671913439635535
20230713093005720,6.67,6.68,6.671913439635535
20230713093005760,6.67,6.68,6.671913439635535
20230713093005840,6.67,6.68,6.671913439635535
20230713093005940,6.67,6.68,6.671913439635535
20230713093006020,6.67,6.68,6.671913439635535
20230713093006040,6.67,6.68,6.671909090909091
20230713093006120,6.67,6.68,6.671909090909091
20230713093006370,6.67,6.68,6.671909090909091
20230713093006440,6.67,6.68,6.671909090909091
20230713093006450,6.67,6.68,6.671909090909091
20230713093006690,6.67,6.68,6.671904761904762
20230713093006770,6.67,6.68,6.671904761904762
20230713093006940,6.67,6.68,6.671904761904762
20230713093007060,6.67,6.68,6.671904761904762
20230713093007230,6.67,6.68,6.671904761904762
20230713093007300,6.67,6.68,6.671904761904762
20230713093007380,6.67,6.68,6.671904761904762
20230713093007610,6.67,6.68,6.671904761904762
20230713093007730,6.67,6.68,6.671904761904762
20230713093007760,6.67,6.68,6.671904761904762
20230713093007950,6.67,6.68,6.671904761904762
20230713093011850,6.67,6.68,6.671904761904762
20230713093012070,6.67,6.68,6.671904761904762
20230713093012560,6.67,6.68,6.671947261663286
20230713093013100,6.67,6.68,6.671947261663286
20230713093013140,6.67,6.68,6.671947261663286
20230713093013800,6.67,6.68,6.671947261663286
20230713093013860,6.67,6.68,6.671947261663286
20230713093013970,6.67,6.68,6.671947261663286
20230713093014510,6.67,6.68,6.671947261663286
20230713093014720,6.67,6.68,6.671947261663286
20230713093018070,6.67,6.68,6.671947261663286
20230713093018430,6.67,6.68,6.671947261663286
20230713093020290,6.67,6.68,6.671947261663286
20230713093020350,6.67,6.68,6.671947261663286
20230713093020390,6.68,6.68,6.672732240437158
20230713093020540,6.68,6.68,6.672732240437158
20230713093020740,6.68,6.68,6.672732240437158
20230713093021090,6.68,6.68,6.672732240437158
20230713093021160,6.68,6.68,6.672732240437158
20230713093021330,6.68,6.68,6.672732240437158
20230713093023750,6.68,6.68,6.672732240437158
20230713093023980,6.68,6.68,6.672732240437158
20230713093025970,6.68,6.68,6.672732240437158
20230713093026070,6.68,6.68,6.672732240437158
20230713093026200,6.68,6.68,6.672993079584775
20230713093026510,6.68,6.68,6.674221508828251
20230713093026560,6.68,6.68,6.674221508828251
20230713093026570,6.68,6.68,6.674712286158631
20230713093026600,6.68,6.68,6.674712286158631
20230713093028370,6.68,6.68,6.674712286158631
20230713093028400,6.68,6.68,6.674744976816074
20230713093028460,6.68,6.68,6.674744976816074
20230713093029080,6.68,6.68,6.674744976816074
20230713093031090,6.68,6.68,6.674761171032357
20230713093031120,6.68,6.68,6.675392953929539
20230713093031130,6.68,6.68,6.675392953929539
20230713093031150,6.68,6.68,6.675392953929539
20230713093031160,6.68,6.68,6.675392953929539
20230713093031170,6.68,6.68,6.675392953929539
20230713093031210,6.68,6.68,6.675392953929539
20230713093031230,6.68,6.68,6.675392953929539
20230713093031250,6.68,6.68,6.675392953929539
20230713093031260,6.68,6.68,6.675549738219895
20230713093031320,6.68,6.68,6.675549738219895
20230713093031470,6.68,6.68,6.675549738219895
20230713093031500,6.68,6.68,6.675549738219895
20230713093031830,6.69,6.68,6.675549738219895
20230713093032120,6.69,6.68,6.675549738219895
20230713093033690,6.7,6.68,6.67846394984326
20230713093033990,6.7,6.68,6.67846394984326
20230713093034070,6.7,6.68,6.67846394984326
20230713093034080,6.7,6.68,6.67846394984326
20230713093034100,6.7,6.68,6.678835227272727
20230713093034110,6.69,6.68,6.678835227272727
20230713093034270,6.69,6.68,6.67883632923368
20230713093034320,6.69,6.68,6.678837429111531
20230713093034370,6.69,6.68,6.678837429111531
20230713093034420,6.69,6.68,6.678837429111531
20230713093034540,6.69,6.68,6.678837429111531
20230713093034840,6.69,6.68,6.678837429111531
20230713093036400,6.69,6.68,6.678837429111531
20230713093036890,6.69,6.68,6.678837429111531
20230713093037000,6.69,6.68,6.678837429111531
20230713093037090,6.69,6.68,6.678837429111531
20230713093037100,6.69,6.68,6.678837429111531
20230713093037140,6.69,6.68,6.678837429111531
20230713093037230,6.69,6.68,6.678837429111531
20230713093037300,6.7,6.68,6.678837429111531
20230713093037570,6.7,6.68,6.678837429111531
20230713093037590,6.7,6.68,6.678837429111531
20230713093037620,6.7,6.68,6.678837429111531
20230713093039700,6.7,6.68,6.6796038732394365
20230713093039710,6.7,6.68,6.679640350877193
20230713093041940,6.7,6.68,6.679640350877193
20230713093042040,6.7,6.68,6.679640350877193
20230713093042050,6.7,6.68,6.679640350877193
20230713093042120,6.69,6.68,6.679640350877193
20230713093042160,6.7,6.68,6.679649430324277
20230713093042170,6.7,6.68,6.679649430324277
20230713093042180,6.7,6.68,6.679712543554007
20230713093042190,6.7,6.68,6.679712543554007
20230713093042440,6.7,6.68,6.679712543554007
20230713093042760,6.7,6.68,6.679712543554007
20230713093042820,6.7,6.68,6.679712543554007
20230713093044830,6.7,6.68,6.679712543554007
20230713093044890,6.7,6.68,6.679712543554007
20230713093045500,6.7,6.68,6.679712543554007
20230713093047180,6.7,6.68,6.679712543554007
20230713093047190,6.7,6.68,6.679712543554007
20230713093047330,6.7,6.68,6.679712543554007
20230713093047360,6.7,6.68,6.679712543554007
20230713093047400,6.7,6.68,6.679712543554007
20230713093047570,6.7,6.68,6.679712543554007
20230713093047660,6.7,6.68,6.679712543554007
20230713093047680,6.7,6.68,6.679712543554007
20230713093050300,6.7,6.68,6.679712543554007
20230713093050420,6.7,6.68,6.679712543554007
20230713093050490,6.7,6.68,6.679712543554007
20230713093050840,6.7,6.68,6.679712543554007
20230713093050910,6.7,6.68,6.679712543554007
20230713093050920,6.7,6.68,6.679712543554007
20230713093051010,6.7,6.68,6.679712543554007
20230713093052710,6.69,6.68,6.679712543554007
20230713093052770,6.69,6.68,6.679712543554007
20230713093052870,6.69,6.68,6.679712543554007
20230713093053030,6.7,6.68,6.679712543554007
20230713093053590,6.7,6.68,6.679712543554007
20230713093053640,6.69,6.68,6.679712543554007
20230713093053830,6.69,6.68,6.679712543554007
20230713093055780,6.69,6.68,6.679712543554007
20230713093055830,6.69,6.68,6.679712543554007
20230713093056000,6.69,6.68,6.679712543554007
20230713093056040,6.69,6.68,6.679712543554007
20230713093056250,6.69,6.68,6.679712543554007
20230713093058040,6.69,6.68,6.679712543554007
20230713093058050,6.69,6.68,6.679712543554007
20230713093058190,6.69,6.68,6.679712543554007
20230713093058200,6.69,6.69,6.680100586756077
20230713093058220,6.7,6.69,6.680191029900333
20230713093058350,6.7,6.69,6.680191029900333
20230713093058750,6.7,6.68,6.680149642160052
20230713093058760,6.69,6.68,6.680149642160052
20230713093059020,6.69,6.68,6.680149642160052
20230713093059030,6.69,6.68,6.680149642160052
20230713093059050,6.69,6.68,6.680149642160052
20230713093100820,6.69,6.68,6.680149642160052
20230713093100860,6.69,6.68,6.680149642160052
20230713093100910,6.69,6.68,6.680149642160052
20230713093100950,6.69,6.68,6.680149642160052
20230713093101070,6.69,6.68,6.680149642160052
20230713093101140,6.69,6.68,6.680149642160052
20230713093101150,6.69,6.68,6.680149642160052
20230713093101200,6.69,6.68,6.680149642160052
20230713093101330,6.69,6.68,6.680149642160052
20230713093101520,6.69,6.68,6.680149642160052
20230713093101770,6.69,6.68,6.680149642160052
20230713093101820,6.69,6.68,6.680149642160052
20230713093101880,6.69,6.68,6.680149642160052
20230713093103910,6.69,6.68,6.680149642160052
20230713093103930,6.69,6.68,6.680149642160052
20230713093104090,6.69,6.68,6.680149642160052
20230713093104100,6.69,6.68,6.680149642160052
20230713093104110,6.69,6.68,6.680149642160052
20230713093104130,6.69,6.68,6.680149642160052
20230713093104190,6.69,6.68,6.680149642160052
20230713093104200,6.69,6.68,6.680149642160052
20230713093104270,6.69,6.68,6.680149642160052
20230713093104400,6.69,6.68,6.680149642160052
20230713093106160,6.69,6.68,6.680149642160052
20230713093106340,6.69,6.68,6.680149642160052
20230713093106370,6.68,6.67,6.680135135135135
20230713093106380,6.68,6.67,6.680132485426603
20230713093106390,6.69,6.68,6.680130753138076
20230713093106400,6.69,6.68,6.680130753138076
20230713093106690,6.69,6.68,6.680130753138076
20230713093106860,6.69,6.68,6.680130753138076
20230713093106870,6.69,6.68,6.680130753138076
20230713093107000,6.69,6.68,6.680130753138076
20230713093107050,6.69,6.68,6.680130753138076
20230713093107090,6.69,6.68,6.680130753138076
20230713093107140,6.69,6.68,6.680216606498195
20230713093109190,6.69,6.68,6.680216606498195
20230713093109250,6.69,6.68,6.680216606498195
20230713093109660,6.69,6.68,6.680216606498195
20230713093109720,6.69,6.68,6.680216606498195
20230713093109790,6.69,6.68,6.680216606498195
20230713093109990,6.69,6.68,6.680216606498195
20230713093111480,6.69,6.68,6.680216606498195
20230713093111510,6.69,6.68,6.680216606498195
20230713093111530,6.69,6.68,6.680216606498195
20230713093111730,6.69,6.68,6.680216606498195
20230713093112390,6.69,6.68,6.680216606498195
20230713093112400,6.69,6.68,6.680216606498195
20230713093112550,6.69,6.68,6.680216606498195
20230713093112580,6.69,6.68,6.680216606498195
20230713093114290,6.69,6.69,6.680216606498195
20230713093114360,6.69,6.69,6.680216606498195
20230713093114390,6.69,6.68,6.68033129459735
20230713093114400,6.69,6.68,6.68033129459735
20230713093114410,6.69,6.68,6.68033129459735
20230713093114440,6.69,6.68,6.680365667851701
20230713093114450,6.69,6.68,6.6803705583756345
20230713093114460,6.69,6.68,6.6803705583756345
20230713093115120,6.69,6.68,6.6803705583756345
20230713093115140,6.69,6.68,6.68038032454361
20230713093115170,6.69,6.68,6.68038032454361
20230713093116910,6.69,6.68,6.68038032454361
20230713093117350,6.69,6.68,6.68038032454361
20230713093117440,6.69,6.69,6.68038032454361
20230713093117520,6.69,6.69,6.68038032454361
20230713093117780,6.69,6.69,6.68038032454361
20230713093118030,6.69,6.69,6.68038032454361
20230713093119880,6.69,6.69,6.68038032454361
20230713093119890,6.69,6.69,6.68038032454361
20230713093120000,6.69,6.69,6.68038032454361
20230713093120320,6.69,6.69,6.680760922925871
20230713093120550,6.69,6.69,6.680760922925871
20230713093122400,6.69,6.69,6.680760922925871
20230713093122410,6.69,6.69,6.680760922925871
20230713093122430,6.69,6.69,6.680760922925871
20230713093123190,6.69,6.69,6.680760922925871
20230713093123440,6.69,6.69,6.680760922925871
20230713093125200,6.69,6.69,6.680760922925871
20230713093125380,6.69,6.69,6.680760922925871
20230713093125400,6.69,6.69,6.680760922925871
20230713093125450,6.69,6.69,6.680760922925871
20230713093125600,6.69,6.69,6.680760922925871
20230713093126010,6.69,6.69,6.680760922925871
20230713093126170,6.69,6.69,6.680760922925871
20230713093128010,6.69,6.69,6.680823988298391
20230713093128080,6.69,6.69,6.680823988298391
20230713093128170,6.69,6.69,6.680823988298391
20230713093128190,6.69,6.69,6.680823988298391
20230713093128250,6.69,6.69,6.680864077669903
20230713093128600,6.69,6.69,6.680864077669903
20230713093130620,6.69,6.69,6.680864077669903
20230713093130860,6.69,6.69,6.680919651500484
20230713093130910,6.69,6.69,6.680919651500484
20230713093131410,6.69,6.69,6.680919651500484
20230713093131570,6.69,6.69,6.680919651500484
20230713093131580,6.69,6.69,6.680919651500484
20230713093133140,6.69,6.69,6.680919651500484
20230713093133570,6.69,6.69,6.680919651500484
20230713093133580,6.69,6.69,6.680919651500484
20230713093134000,6.69,6.69,6.680919651500484
20230713093135960,6.69,6.69,6.680919651500484
20230713093136370,6.69,6.69,6.680919651500484
20230713093136930,6.69,6.69,6.680919651500484
20230713093139040,6.69,6.69,6.680919651500484
20230713093139220,6.69,6.69,6.680919651500484
20230713093139280,6.69,6.69,6.680919651500484
20230713093141230,6.69,6.69,6.680919651500484
20230713093141260,6.69,6.69,6.680919651500484
20230713093141510,6.69,6.69,6.680919651500484
20230713093141650,6.69,6.69,6.680919651500484
20230713093141690,6.69,6.69,6.680919651500484
20230713093141740,6.69,6.69,6.680919651500484
20230713093141870,6.69,6.69,6.680919651500484
20230713093142110,6.69,6.69,6.680919651500484
20230713093142290,6.69,6.69,6.680919651500484
20230713093142370,6.69,6.69,6.680919651500484
20230713093142440,6.69,6.69,6.681676674364896
20230713093143900,6.69,6.69,6.681676674364896
20230713093143970,6.69,6.69,6.681676674364896
20230713093144440,6.69,6.69,6.681676674364896
20230713093144450,6.69,6.69,6.681676674364896
20230713093144520,6.69,6.69,6.681676674364896
20230713093144910,6.69,6.69,6.681676674364896
20230713093145060,6.69,6.69,6.681676674364896
20230713093147100,6.69,6.69,6.681676674364896
20230713093147120,6.69,6.69,6.681676674364896
20230713093147230,6.69,6.69,6.681676674364896
20230713093147520,6.69,6.69,6.681676674364896
20230713093147650,6.69,6.69,6.681676674364896
20230713093149460,6.69,6.69,6.681676674364896
20230713093149490,6.69,6.69,6.681676674364896
20230713093149550,6.69,6.69,6.681676674364896
20230713093149700,6.69,6.69,6.681676674364896
20230713093150040,6.69,6.69,6.681676674364896
20230713093150140,6.69,6.69,6.682408469342744
20230713093152040,6.69,6.69,6.682408469342744
20230713093152130,6.69,6.69,6.682408469342744
20230713093152570,6.69,6.69,6.682408469342744
20230713093152950,6.69,6.69,6.682408469342744
20230713093153010,6.69,6.69,6.682408469342744
20230713093153020,6.69,6.69,6.682408469342744
20230713093153060,6.69,6.69,6.682408469342744
20230713093153120,6.69,6.69,6.682408469342744
20230713093153130,6.69,6.69,6.682408469342744
20230713093153140,6.69,6.69,6.682408469342744
20230713093153230,6.69,6.69,6.682408469342744
20230713093155150,6.69,6.69,6.682408469342744
20230713093155230,6.69,6.69,6.682408469342744
20230713093155400,6.69,6.69,6.682408469342744
20230713093155850,6.69,6.69,6.682408469342744
20230713093158040,6.69,6.69,6.682408469342744
20230713093158090,6.69,6.69,6.682408469342744
20230713093158180,6.69,6.69,6.682408469342744
20230713093158200,6.69,6.69,6.682408469342744
20230713093158360,6.69,6.69,6.682408469342744
20230713093158410,6.69,6.69,6.682408469342744
20230713093158600,6.69,6.69,6.682408469342744
20230713093200550,6.69,6.69,6.682408469342744
20230713093200680,6.69,6.69,6.682408469342744
20230713093200820,6.69,6.69,6.682408469342744
20230713093200910,6.69,6.69,6.682408469342744
20230713093201170,6.69,6.69,6.682408469342744
20230713093202800,6.69,6.69,6.682408469342744
20230713093202810,6.69,6.69,6.682408469342744
20230713093203050,6.69,6.69,6.682408469342744
20230713093203060,6.69,6.69,6.682408469342744
20230713093203420,6.69,6.69,6.682408469342744
20230713093203660,6.69,6.69,6.682408469342744
20230713093203690,6.69,6.69,6.682408469342744
20230713093205850,6.69,6.69,6.682408469342744
20230713093205860,6.69,6.69,6.682886855241264
20230713093205880,6.69,6.69,6.682886855241264
20230713093206440,6.69,6.69,6.682886855241264
20230713093208260,6.69,6.69,6.682886855241264
20230713093208890,6.69,6.69,6.682886855241264
20230713093208900,6.69,6.69,6.682886855241264
20230713093208940,6.69,6.69,6.682886855241264
20230713093208950,6.69,6.69,6.682886855241264
20230713093209050,6.69,6.69,6.682886855241264
20230713093209090,6.69,6.69,6.682886855241264
20230713093209100,6.69,6.69,6.682945544554456
20230713093209300,6.69,6.69,6.682945544554456
20230713093209360,6.69,6.69,6.682945544554456
20230713093209400,6.69,6.69,6.6829484536082475
20230713093211020,6.69,6.69,6.6829484536082475
20230713093211310,6.69,6.69,6.6829484536082475
20230713093211700,6.69,6.69,6.6829484536082475
20230713093211760,6.69,6.69,6.6829484536082475
20230713093213580,6.69,6.69,6.6829484536082475
20230713093213760,6.69,6.69,6.6829484536082475
20230713093214000,6.69,6.69,6.6829484536082475
20230713093214270,6.69,6.69,6.6829484536082475
20230713093214490,6.69,6.69,6.6829484536082475
20230713093214770,6.69,6.69,6.6829484536082475
20230713093216600,6.69,6.69,6.6829484536082475
20230713093216800,6.69,6.69,6.6829484536082475
20230713093217490,6.69,6.69,6.6829484536082475
20230713093219300,6.69,6.69,6.6829484536082475
20230713093219440,6.69,6.69,6.6829484536082475
20230713093219450,6.69,6.69,6.6829484536082475
20230713093219740,6.69,6.69,6.6829484536082475
20230713093219850,6.69,6.69,6.6829484536082475
20230713093219910,6.69,6.69,6.6829484536082475
20230713093219940,6.69,6.69,6.683026101141925
20230713093220060,6.69,6.69,6.683060064935065
20230713093220070,6.69,6.69,6.6830797248077705
20230713093221740,6.69,6.69,6.684571428571428
20230713093221780,6.69,6.69,6.684571428571428
20230713093221860,6.69,6.69,6.684571428571428
20230713093221940,6.69,6.69,6.684571428571428
20230713093222080,6.69,6.69,6.6845851804939835
20230713093222090,6.69,6.69,6.684586894586895
20230713093222100,6.69,6.69,6.684586894586895
20230713093222520,6.69,6.69,6.684602272727273
20230713093222590,6.69,6.69,6.684603976017671
20230713093222600,6.69,6.69,6.684629396984924
20230713093222670,6.69,6.69,6.684629396984924
20230713093222880,6.69,6.69,6.684629396984924
20230713093222930,6.69,6.69,6.684629396984924
20230713093224440,6.69,6.69,6.684629396984924
20230713093224570,6.69,6.69,6.684629396984924
20230713093224680,6.69,6.69,6.684629396984924
20230713093224700,6.69,6.69,6.684629396984924
20230713093224880,6.69,6.69,6.684629396984924
20230713093224920,6.69,6.69,6.684629396984924
20230713093225080,6.69,6.69,6.684661255073369
20230713093225110,6.69,6.69,6.684661255073369
20230713093225250,6.69,6.69,6.684671237145528
20230713093228000,6.69,6.69,6.684671237145528
20230713093228120,6.69,6.69,6.684671237145528
20230713093228170,6.69,6.69,6.684672897196262
20230713093230080,6.69,6.69,6.684672897196262
20230713093230750,6.69,6.69,6.684682835820896
20230713093230760,6.69,6.69,6.684682835820896
20230713093230810,6.69,6.69,6.684689440993789
20230713093230820,6.69,6.69,6.684689440993789
20230713093232640,6.69,6.69,6.684689440993789
20230713093232770,6.69,6.69,6.684689440993789
20230713093232780,6.69,6.69,6.684689440993789
20230713093232930,6.69,6.69,6.684689440993789
20230713093233320,6.69,6.69,6.684689440993789
20230713093233330,6.69,6.69,6.684689440993789
20230713093233370,6.69,6.69,6.684689440993789
20230713093233410,6.69,6.69,6.684705882352941
20230713093235310,6.69,6.69,6.684705882352941
20230713093235530,6.69,6.69,6.684705882352941
20230713093235830,6.69,6.69,6.684705882352941
20230713093236180,6.69,6.69,6.684705882352941
20230713093236190,6.69,6.69,6.684705882352941
20230713093236340,6.69,6.69,6.684705882352941
20230713093236350,6.69,6.69,6.684705882352941
20230713093236420,6.69,6.69,6.684705882352941
20230713093238170,6.69,6.69,6.684705882352941
20230713093240770,6.69,6.69,6.684705882352941
20230713093240830,6.69,6.69,6.684705882352941
20230713093240880,6.69,6.69,6.684705882352941
20230713093240940,6.69,6.69,6.684705882352941
20230713093241220,6.69,6.69,6.684705882352941
20230713093241280,6.69,6.69,6.684705882352941
20230713093241400,6.69,6.69,6.684705882352941
20230713093243290,6.69,6.69,6.684705882352941
20230713093243310,6.69,6.69,6.684705882352941
20230713093243830,6.69,6.69,6.684705882352941
20230713093244310,6.69,6.69,6.684705882352941
20230713093246040,6.69,6.69,6.684705882352941
20230713093246200,6.69,6.69,6.684705882352941
20230713093246490,6.69,6.69,6.684717853839038
20230713093246560,6.69,6.69,6.684717853839038
20230713093246600,6.69,6.69,6.684717853839038
20230713093249020,6.69,6.69,6.684717853839038
20230713093249060,6.69,6.69,6.684717853839038
20230713093249100,6.69,6.69,6.684717853839038
20230713093249140,6.69,6.69,6.684717853839038
20230713093249220,6.69,6.69,6.684717853839038
20230713093249540,6.69,6.69,6.684717853839038
20230713093249890,6.69,6.69,6.684717853839038
20230713093251800,6.69,6.69,6.684717853839038
20230713093252040,6.69,6.69,6.684717853839038
20230713093252610,6.69,6.69,6.684790782292298
20230713093254410,6.69,6.69,6.684790782292298
20230713093254420,6.69,6.69,6.684790782292298
20230713093254930,6.69,6.69,6.684790782292298
20230713093255170,6.69,6.69,6.684790782292298
20230713093255320,6.69,6.69,6.684790782292298
20230713093256920,6.69,6.69,6.684790782292298
20230713093257110,6.69,6.69,6.684790782292298
20230713093257120,6.69,6.69,6.684790782292298
20230713093257400,6.69,6.69,6.684790782292298
20230713093257420,6.69,6.69,6.684790782292298
20230713093257570,6.69,6.69,6.684790782292298
20230713093257600,6.69,6.69,6.684790782292298
20230713093257640,6.69,6.69,6.684790782292298
20230713093257840,6.69,6.69,6.684790782292298
20230713093257890,6.69,6.69,6.684790782292298
20230713093257900,6.69,6.69,6.684789457740079
20230713093300560,6.69,6.69,6.684789457740079
20230713093300570,6.69,6.69,6.684789457740079
20230713093302570,6.69,6.69,6.684789457740079
20230713093302600,6.69,6.69,6.684789457740079
20230713093302770,6.69,6.69,6.684789457740079
20230713093302780,6.69,6.69,6.684789457740079
20230713093302970,6.69,6.69,6.684789457740079
20230713093303100,6.69,6.69,6.684789457740079
20230713093303170,6.69,6.69,6.684789457740079
20230713093305500,6.69,6.69,6.684789457740079
20230713093307790,6.69,6.69,6.6847640516982265
20230713093308060,6.69,6.69,6.6847640516982265
20230713093308250,6.69,6.69,6.6847640516982265
20230713093308670,6.69,6.69,6.6847640516982265
20230713093308750,6.69,6.69,6.6847640516982265
20230713093308800,6.69,6.69,6.6847640516982265
20230713093310390,6.69,6.69,6.6847640516982265
20230713093310600,6.69,6.69,6.6847640516982265
20230713093313090,6.69,6.69,6.684758330831582
20230713093313210,6.69,6.69,6.684758330831582
20230713093313270,6.69,6.69,6.684758330831582
20230713093313390,6.69,6.69,6.68474835230677
20230713093313730,6.69,6.69,6.68474835230677
20230713093314040,6.69,6.69,6.68474835230677
20230713093314160,6.69,6.69,6.68474835230677
20230713093316040,6.69,6.69,6.68474835230677
20230713093316370,6.69,6.69,6.68474835230677
20230713093316620,6.69,6.69,6.68474835230677
20230713093318810,6.69,6.69,6.68474835230677
20230713093319040,6.69,6.69,6.68474835230677
20230713093319220,6.69,6.69,6.68474835230677
20230713093321810,6.69,6.69,6.68474835230677
20230713093321820,6.69,6.69,6.68474835230677
20230713093321880,6.69,6.69,6.68474835230677
20230713093322050,6.69,6.69,6.68474835230677
20230713093322130,6.69,6.69,6.68474835230677
20230713093324030,6.69,6.69,6.68474835230677
20230713093324800,6.69,6.69,6.68474835230677
20230713093326560,6.69,6.69,6.68474835230677
20230713093326590,6.69,6.69,6.684813609467455
20230713093326780,6.69,6.69,6.684813609467455
20230713093326910,6.69,6.69,6.684813609467455
20230713093326970,6.69,6.69,6.684813609467455
20230713093327260,6.69,6.69,6.684813609467455
20230713093327570,6.69,6.69,6.684813609467455
20230713093327580,6.69,6.69,6.684813609467455
20230713093329890,6.69,6.69,6.684813609467455
20230713093330000,6.69,6.69,6.684813609467455
20230713093330140,6.69,6.69,6.684813609467455
20230713093330170,6.69,6.69,6.684813609467455
20230713093332280,6.69,6.69,6.684795166519304
20230713093332290,6.69,6.69,6.684795166519304
20230713093333060,6.69,6.69,6.684795166519304
20230713093333090,6.69,6.69,6.684795166519304
20230713093334930,6.69,6.69,6.684795166519304
20230713093335670,6.69,6.69,6.684795166519304
20230713093337480,6.69,6.69,6.684795166519304
20230713093337810,6.69,6.68,6.684647243644673
20230713093337820,6.69,6.68,6.684645916619075
20230713093338140,6.69,6.68,6.684645916619075
20230713093338490,6.69,6.68,6.684645916619075
20230713093340070,6.69,6.68,6.684644590351128
20230713093340090,6.69,6.68,6.684644590351128
20230713093340900,6.69,6.68,6.684644590351128
20230713093343080,6.69,6.68,6.684618223105308
20230713093343640,6.69,6.68,6.684618223105308
20230713093343740,6.69,6.68,6.684618223105308
20230713093343820,6.69,6.68,6.684577940348903
20230713093343830,6.69,6.68,6.684353759700294
20230713093345480,6.69,6.68,6.684190059232552
20230713093345560,6.69,6.68,6.684190059232552
20230713093345600,6.69,6.68,6.684190059232552
20230713093345850,6.69,6.68,6.684190059232552
20230713093346280,6.69,6.68,6.684190059232552
20230713093348060,6.69,6.68,6.684190059232552
20230713093348170,6.69,6.68,6.684190059232552
20230713093348420,6.69,6.68,6.684190059232552
20230713093348560,6.68,6.68,6.684190059232552
20230713093348680,6.68,6.68,6.684190059232552
20230713093349080,6.68,6.68,6.684190059232552
20230713093349090,6.68,6.68,6.684179296172617
20230713093349130,6.68,6.68,6.684179296172617
20230713093349230,6.68,6.68,6.684176078028748
20230713093349250,6.68,6.68,6.684176078028748
20230713093351150,6.69,6.68,6.68405750798722
20230713093351220,6.69,6.68,6.68405750798722
20230713093351250,6.69,6.68,6.68405750798722
20230713093353490,6.69,6.68,6.68405750798722
20230713093353590,6.68,6.68,6.68405750798722
20230713093353720,6.68,6.68,6.68405750798722
20230713093353750,6.68,6.68,6.68405750798722
20230713093353780,6.68,6.68,6.68405750798722
20230713093354090,6.68,6.68,6.684054518664047
20230713093354430,6.68,6.68,6.684054518664047
20230713093354530,6.68,6.68,6.684054518664047
20230713093354540,6.68,6.68,6.684054518664047
20230713093354640,6.68,6.68,6.684054518664047
20230713093356340,6.68,6.68,6.684054518664047
20230713093356510,6.68,6.68,6.684054518664047
20230713093357140,6.68,6.68,6.684054518664047
20230713093357270,6.68,6.68,6.684054518664047
20230713093359420,6.68,6.68,6.684054518664047
20230713093359840,6.69,6.68,6.684054518664047
20230713093402210,6.69,6.68,6.684054518664047
20230713093402220,6.69,6.68,6.684054518664047
20230713093402230,6.69,6.68,6.684043595395543
20230713093402300,6.69,6.68,6.684038649706458
20230713093402680,6.69,6.68,6.684038649706458
20230713093405190,6.69,6.68,6.684038649706458
20230713093405290,6.69,6.68,6.684038649706458
20230713093405300,6.69,6.68,6.684038649706458
20230713093407770,6.69,6.68,6.684038649706458
20230713093407950,6.69,6.68,6.684038649706458
20230713093408040,6.69,6.68,6.684038649706458
20230713093409830,6.69,6.68,6.684038649706458
20230713093410070,6.69,6.68,6.684038649706458
20230713093410080,6.69,6.68,6.684038649706458
20230713093410240,6.69,6.68,6.684038649706458
20230713093410450,6.69,6.68,6.684026036644166
20230713093410690,6.69,6.68,6.684026036644166
20230713093415610,6.69,6.68,6.684026036644166
20230713093418110,6.69,6.68,6.684026036644166
20230713093418610,6.69,6.68,6.684026036644166
20230713093420880,6.69,6.68,6.684026036644166
20230713093421410,6.69,6.68,6.684026036644166
20230713093421490,6.69,6.68,6.684026036644166
20230713093421600,6.69,6.68,6.684026036644166
20230713093423250,6.69,6.68,6.684026036644166
20230713093423420,6.69,6.68,6.684026036644166
20230713093423480,6.69,6.68,6.684026036644166
20230713093423690,6.69,6.68,6.684026036644166
20230713093423700,6.69,6.68,6.684026036644166
20230713093423980,6.69,6.68,6.684026036644166
20230713093424290,6.69,6.68,6.684146685472497
20230713093425920,6.69,6.68,6.684146685472497
20230713093426020,6.69,6.68,6.684146685472497
20230713093426270,6.69,6.68,6.684146685472497
20230713093426700,6.69,6.68,6.684146685472497
20230713093426810,6.69,6.68,6.684146685472497
20230713093426930,6.69,6.68,6.684146685472497
20230713093427090,6.69,6.68,6.684146685472497
20230713093428750,6.68,6.68,6.684146685472497
20230713093428780,6.68,6.68,6.684146685472497
20230713093428800,6.68,6.68,6.684146685472497
20230713093428920,6.68,6.68,6.684146685472497
20230713093428930,6.68,6.68,6.684146685472497
20230713093429090,6.68,6.68,6.684146685472497
20230713093429110,6.68,6.68,6.684146685472497
20230713093429270,6.68,6.68,6.684146685472497
20230713093429580,6.68,6.68,6.684146685472497
20230713093429640,6.68,6.68,6.684146685472497
20230713093429670,6.69,6.68,6.684146685472497
20230713093429700,6.69,6.68,6.684146685472497
20230713093429760,6.69,6.68,6.684146685472497
20230713093431310,6.69,6.68,6.684146685472497
20230713093431750,6.69,6.68,6.684146685472497
20230713093432390,6.69,6.68,6.684146685472497
20230713093432420,6.69,6.68,6.684146685472497
20230713093434000,6.69,6.68,6.684146685472497
20230713093434030,6.69,6.68,6.684146685472497
20230713093434060,6.69,6.68,6.684146685472497
20230713093434070,6.69,6.68,6.684146685472497
20230713093436680,6.69,6.68,6.684146685472497
20230713093436760,6.69,6.68,6.684146685472497
20230713093436800,6.69,6.68,6.684146685472497
20230713093436860,6.69,6.68,6.684146685472497
20230713093436940,6.69,6.68,6.684146685472497
20230713093437120,6.69,6.68,6.684146685472497
20230713093437260,6.69,6.68,6.684146685472497
20230713093437430,6.69,6.68,6.684146685472497
20230713093437560,6.69,6.68,6.684146685472497
20230713093437690,6.69,6.68,6.684146685472497
20230713093439460,6.69,6.68,6.684146685472497
20230713093439540,6.69,6.68,6.684146685472497
20230713093439550,6.69,6.68,6.684146685472497
20230713093439610,6.67,6.68,6.683952040581047
20230713093439790,6.67,6.68,6.683952040581047
20230713093439820,6.67,6.68,6.683952040581047
20230713093439840,6.67,6.68,6.683952040581047
20230713093439960,6.67,6.68,6.683952040581047
20230713093439990,6.67,6.68,6.683952040581047
20230713093440100,6.69,6.68,6.683951129552789
20230713093440260,6.69,6.68,6.683951129552789
20230713093440400,6.69,6.68,6.683951129552789
20230713093442160,6.69,6.68,6.683951129552789
20230713093442590,6.69,6.68,6.683951129552789
20230713093442800,6.69,6.68,6.683951129552789
20230713093443000,6.69,6.68,6.683951129552789
20230713093443200,6.69,6.68,6.683951129552789
20230713093444770,6.69,6.68,6.683951129552789
20230713093445340,6.69,6.68,6.683951129552789
20230713093445970,6.69,6.68,6.683951129552789
20230713093447810,6.69,6.68,6.683951129552789
20230713093448080,6.69,6.68,6.683951129552789
20230713093448530,6.69,6.68,6.683951129552789
20230713093448570,6.69,6.68,6.684007302601552
20230713093450630,6.69,6.68,6.684007302601552
20230713093450650,6.69,6.68,6.684007302601552
20230713093453530,6.69,6.68,6.684007302601552
20230713093453560,6.69,6.68,6.684007302601552
20230713093455560,6.69,6.68,6.684007302601552
20230713093456600,6.68,6.68,6.684007302601552
20230713093458740,6.68,6.68,6.684007302601552
20230713093458840,6.68,6.68,6.684007302601552
20230713093459060,6.68,6.68,6.684007302601552
20230713093459200,6.68,6.68,6.684007302601552
20230713093501180,6.68,6.68,6.684007302601552
20230713093501250,6.68,6.68,6.684007302601552
20230713093501260,6.68,6.68,6.683999095227324
20230713093501300,6.68,6.68,6.683999095227324
20230713093501310,6.68,6.68,6.684000452284034
20230713093501320,6.68,6.68,6.684000452284034
20230713093501580,6.68,6.68,6.684000452284034
20230713093501730,6.68,6.68,6.684000452284034
20230713093502040,6.68,6.68,6.684024774774775
20230713093502200,6.68,6.68,6.6840489008524
20230713093504300,6.68,6.68,6.6840489008524
20230713093504630,6.68,6.68,6.684039838854074
20230713093504700,6.68,6.68,6.684051820415457
20230713093506560,6.69,6.68,6.684243406830955
20230713093506570,6.69,6.68,6.684243406830955
20230713093506910,6.69,6.68,6.684243406830955
20230713093507300,6.69,6.68,6.684243406830955
20230713093507470,6.69,6.68,6.684249622111855
20230713093509170,6.69,6.68,6.684249622111855
20230713093509320,6.69,6.68,6.684249622111855
20230713093509340,6.69,6.68,6.684249622111855
20230713093509440,6.69,6.68,6.684249622111855
20230713093509540,6.69,6.68,6.684248704663212
20230713093510290,6.69,6.68,6.684248704663212
20230713093510310,6.69,6.68,6.684248704663212
20230713093512120,6.69,6.68,6.684248704663212
20230713093512140,6.69,6.68,6.684248704663212
20230713093512300,6.69,6.68,6.684248704663212
20230713093512620,6.69,6.68,6.684248704663212
20230713093512690,6.69,6.68,6.684232588134136
20230713093512890,6.69,6.68,6.684232588134136
20230713093512950,6.69,6.68,6.684232588134136
20230713093515050,6.69,6.68,6.684232588134136
20230713093517310,6.69,6.68,6.684232588134136
20230713093517610,6.69,6.68,6.684232588134136
20230713093517780,6.69,6.68,6.684232588134136
20230713093517920,6.69,6.68,6.684232588134136
20230713093518240,6.69,6.68,6.684232588134136
20230713093520130,6.69,6.68,6.684232588134136
20230713093520150,6.69,6.68,6.684232588134136
20230713093520300,6.69,6.68,6.684232588134136
20230713093522640,6.69,6.68,6.684232588134136
20230713093523400,6.69,6.68,6.684232588134136
20230713093523420,6.69,6.68,6.684232588134136
20230713093523430,6.69,6.68,6.684232588134136
20230713093525520,6.69,6.68,6.684232588134136
20230713093526120,6.69,6.68,6.684232588134136
20230713093526220,6.69,6.68,6.684232588134136
20230713093526360,6.69,6.68,6.684232588134136
20230713093526380,6.69,6.68,6.684232588134136
20230713093528360,6.69,6.68,6.684232588134136
20230713093528540,6.69,6.68,6.684233827638083
20230713093529080,6.69,6.68,6.684233827638083
20230713093529150,6.69,6.68,6.684233827638083
20230713093531160,6.69,6.68,6.684233827638083
20230713093531280,6.69,6.68,6.6842449592449595
20230713093531290,6.69,6.68,6.6842449592449595
20230713093531530,6.69,6.68,6.6842449592449595
20230713093533890,6.69,6.68,6.6842449592449595
20230713093533960,6.69,6.68,6.6842449592449595
20230713093536110,6.69,6.68,6.6842449592449595
20230713093536410,6.69,6.68,6.6842449592449595
20230713093538950,6.69,6.68,6.6842449592449595
20230713093539090,6.69,6.68,6.6842449592449595
20230713093539200,6.69,6.68,6.6842449592449595
20230713093539430,6.69,6.68,6.6842449592449595
20230713093539440,6.69,6.68,6.684253587491968
20230713093539700,6.69,6.68,6.684253587491968
20230713093541770,6.69,6.68,6.684253587491968
20230713093542160,6.69,6.68,6.684253587491968
20230713093544720,6.69,6.68,6.684253587491968
20230713093546890,6.69,6.68,6.684253587491968
20230713093546910,6.69,6.68,6.684253587491968
20230713093547170,6.69,6.68,6.684251766217084
20230713093547270,6.69,6.68,6.684250856164383
20230713093547550,6.69,6.68,6.684250856164383
20230713093547930,6.69,6.68,6.684250856164383
20230713093547990,6.69,6.68,6.684250856164383
20230713093550000,6.69,6.68,6.684250856164383
20230713093550370,6.69,6.68,6.684250856164383
20230713093550780,6.69,6.68,6.684250856164383
20230713093552280,6.69,6.68,6.684250856164383
20230713093552710,6.69,6.68,6.68427536231884
20230713093552810,6.69,6.68,6.68427536231884
20230713093555280,6.69,6.68,6.684286322059136
20230713093555310,6.69,6.68,6.684286322059136
20230713093555330,6.69,6.68,6.684286322059136
20230713093555680,6.69,6.68,6.684286322059136
20230713093555900,6.69,6.68,6.684286322059136
20230713093556130,6.69,6.68,6.684286322059136
20230713093557640,6.69,6.68,6.684286322059136
20230713093558030,6.69,6.68,6.684286322059136
20230713093558080,6.69,6.68,6.684285410463633
20230713093558090,6.69,6.68,6.684285714285714
20230713093558360,6.69,6.68,6.684285714285714
20230713093558630,6.69,6.68,6.68428207306712
20230713093558660,6.69,6.68,6.68428207306712
20230713093558890,6.69,6.68,6.68428207306712
20230713093600840,6.69,6.68,6.68428208386277
20230713093601130,6.69,6.68,6.68428208386277
20230713093601150,6.69,6.68,6.68428208386277
20230713093601330,6.69,6.68,6.68428208386277
20230713093601450,6.69,6.68,6.68428208386277
20230713093603510,6.69,6.68,6.68428208386277
20230713093604080,6.69,6.68,6.68428208386277
20230713093605850,6.69,6.68,6.68428208386277
20230713093605920,6.69,6.68,6.68428208386277
20230713093606070,6.69,6.68,6.68428208386277
20230713093606100,6.69,6.68,6.68428208386277
20230713093606130,6.69,6.68,6.68428208386277
20230713093606200,6.69,6.68,6.6842258803917485
20230713093606270,6.69,6.68,6.6842258803917485
20230713093606730,6.69,6.68,6.684236688851914
20230713093606890,6.69,6.68,6.684236688851914
20230713093606910,6.69,6.68,6.684236688851914
20230713093608690,6.69,6.68,6.684236688851914
20230713093614320,6.69,6.68,6.684236688851914
20230713093614340,6.69,6.68,6.684236688851914
20230713093614350,6.69,6.68,6.684236688851914
20230713093614420,6.69,6.68,6.684236688851914
20230713093614630,6.69,6.68,6.684236688851914
20230713093614760,6.69,6.68,6.684236688851914
20230713093614770,6.69,6.68,6.684236688851914
20230713093616710,6.69,6.68,6.684236688851914
20230713093617140,6.69,6.68,6.684236688851914
20230713093617570,6.69,6.68,6.684236688851914
20230713093617620,6.69,6.68,6.684236688851914
20230713093619270,6.69,6.68,6.684236688851914
20230713093619300,6.69,6.68,6.684236688851914
20230713093619880,6.69,6.68,6.684236688851914
20230713093620040,6.69,6.68,6.684236688851914
20230713093620090,6.69,6.68,6.684236688851914
20230713093620220,6.69,6.68,6.684236688851914
20230713093622270,6.69,6.68,6.684236688851914
20230713093622620,6.69,6.68,6.684236688851914
20230713093624660,6.69,6.68,6.684236688851914
20230713093624710,6.69,6.68,6.684236688851914
20230713093624730,6.69,6.68,6.684236688851914
20230713093624810,6.69,6.68,6.684236688851914
20230713093625060,6.69,6.68,6.684236688851914
20230713093625160,6.68,6.68,6.684236688851914
20230713093625230,6.68,6.68,6.684236688851914
20230713093625260,6.68,6.68,6.684236688851914
20230713093625270,6.68,6.68,6.684236688851914
20230713093625350,6.68,6.68,6.684236688851914
20230713093625390,6.68,6.68,6.684236688851914
20230713093625650,6.68,6.68,6.684236688851914
20230713093625700,6.68,6.68,6.684236688851914
20230713093625740,6.69,6.68,6.684236688851914
20230713093625750,6.69,6.68,6.684236688851914
20230713093625870,6.69,6.68,6.684236688851914
20230713093627550,6.69,6.68,6.684236688851914
20230713093627990,6.69,6.68,6.684236688851914
20230713093630080,6.69,6.68,6.684236688851914
20230713093630090,6.68,6.68,6.684236688851914
20230713093630120,6.68,6.68,6.684236688851914
20230713093630230,6.68,6.68,6.684236688851914
20230713093630740,6.68,6.68,6.684236688851914
20230713093630840,6.68,6.68,6.684236688851914
20230713093631250,6.68,6.68,6.684236688851914
20230713093631280,6.68,6.68,6.684236688851914
20230713093632970,6.68,6.68,6.684236688851914
20230713093633590,6.68,6.68,6.684236688851914
20230713093633690,6.68,6.68,6.684236688851914
20230713093633820,6.68,6.68,6.684236688851914
20230713093635690,6.68,6.68,6.684236688851914
20230713093635810,6.68,6.68,6.684236688851914
20230713093638220,6.68,6.68,6.684236688851914
20230713093641610,6.68,6.68,6.684236688851914
20230713093641990,6.68,6.68,6.684236688851914
20230713093643540,6.68,6.68,6.684236688851914
20230713093646350,6.68,6.68,6.684236688851914
20230713093646600,6.68,6.68,6.684236688851914
20230713093646650,6.68,6.68,6.684236688851914
20230713093646770,6.68,6.68,6.684236688851914
20230713093649300,6.68,6.68,6.684236688851914
20230713093649490,6.68,6.68,6.684236688851914
20230713093649640,6.68,6.68,6.684236688851914
20230713093649800,6.68,6.68,6.684095776924631
20230713093649820,6.68,6.68,6.684095776924631
20230713093651800,6.68,6.68,6.684095776924631
20230713093652440,6.68,6.68,6.684095776924631
20230713093652800,6.68,6.68,6.684095776924631
20230713093654480,6.68,6.68,6.684095776924631
20230713093654750,6.68,6.68,6.684095776924631
20230713093654930,6.68,6.68,6.684095776924631
20230713093655220,6.68,6.68,6.684095776924631
20230713093655230,6.68,6.68,6.684095776924631
20230713093657110,6.68,6.68,6.684095776924631
20230713093657530,6.68,6.68,6.684095776924631
20230713093657550,6.68,6.68,6.684095776924631
20230713093657560,6.68,6.68,6.684095776924631
20230713093657650,6.68,6.68,6.684095776924631
20230713093657740,6.68,6.68,6.684095776924631
20230713093657810,6.68,6.68,6.684095776924631
20230713093657860,6.68,6.68,6.684095776924631
20230713093658170,6.68,6.68,6.684095776924631
20230713093658200,6.68,6.68,6.684089166834779
20230713093659970,6.68,6.68,6.684089166834779
20230713093700680,6.68,6.68,6.684089166834779
20230713093700930,6.68,6.68,6.684089166834779
20230713093702560,6.68,6.68,6.684083400483481
20230713093703190,6.68,6.68,6.684083400483481
20230713093705360,6.68,6.68,6.684065383072603
20230713093705370,6.68,6.68,6.684065383072603
20230713093705910,6.68,6.68,6.684025019857029
20230713093706010,6.68,6.68,6.684025019857029
20230713093706240,6.68,6.68,6.684025019857029
20230713093708350,6.68,6.68,6.684025019857029
20230713093708370,6.68,6.68,6.684025019857029
20230713093709000,6.68,6.68,6.684025019857029
20230713093709010,6.68,6.68,6.684025019857029
20230713093710760,6.68,6.68,6.684025019857029
20230713093711430,6.68,6.68,6.683987742190589
20230713093711490,6.68,6.68,6.683987742190589
20230713093713310,6.68,6.68,6.683987742190589
20230713093714290,6.68,6.68,6.683987742190589
20230713093716030,6.68,6.68,6.683987742190589
20230713093716750,6.68,6.68,6.683987742190589
20230713093716760,6.68,6.68,6.683987742190589
20230713093718640,6.68,6.68,6.683987742190589
20230713093718710,6.68,6.68,6.683987742190589
20230713093718830,6.68,6.68,6.683987742190589
20230713093722340,6.68,6.68,6.683987742190589
20230713093725240,6.68,6.68,6.683987742190589
20230713093727010,6.68,6.68,6.683987742190589
20230713093727200,6.68,6.68,6.683987742190589
20230713093729750,6.68,6.68,6.683987742190589
20230713093730210,6.68,6.68,6.683987742190589
20230713093730300,6.68,6.68,6.683987742190589
20230713093730440,6.68,6.68,6.683987742190589
20230713093732580,6.68,6.68,6.683987742190589
20230713093733230,6.68,6.68,6.683987742190589
20230713093735200,6.68,6.68,6.683987742190589
20230713093735570,6.68,6.68,6.683987742190589
20230713093735610,6.68,6.68,6.683987742190589
20230713093738420,6.68,6.68,6.683987742190589
20230713093740550,6.68,6.68,6.683987742190589
20230713093740610,6.68,6.68,6.683987742190589
20230713093740730,6.68,6.68,6.683987742190589
20230713093740740,6.68,6.68,6.683987742190589
20230713093740900,6.68,6.68,6.683987742190589
20230713093741050,6.68,6.68,6.683987742190589
20230713093742970,6.68,6.68,6.683934841982052
20230713093743090,6.68,6.68,6.683934841982052
20230713093743100,6.68,6.68,6.683934841982052
20230713093743370,6.68,6.68,6.683934841982052
20230713093743800,6.68,6.68,6.683934841982052
20230713093744040,6.68,6.68,6.683934841982052
20230713093744060,6.68,6.68,6.6839279454722496
20230713093744090,6.68,6.68,6.6839279454722496
20230713093744100,6.68,6.68,6.6839279454722496
20230713093745700,6.68,6.68,6.683914224723462
20230713093746010,6.68,6.68,6.683914224723462
20230713093746050,6.68,6.68,6.683910430399379
20230713093746090,6.68,6.68,6.683910430399379
20230713093746540,6.68,6.68,6.683910430399379
20230713093746580,6.68,6.68,6.683910430399379
20230713093746600,6.68,6.68,6.683910430399379
20230713093746610,6.68,6.68,6.683910430399379
20230713093748590,6.68,6.68,6.683910430399379
20230713093748860,6.68,6.68,6.683910430399379
20230713093749090,6.69,6.68,6.683910430399379
20230713093749140,6.68,6.68,6.683910430399379
20230713093749590,6.69,6.68,6.683910430399379
20230713093751090,6.69,6.68,6.683910430399379
20230713093751120,6.69,6.68,6.683910430399379
20230713093751320,6.69,6.68,6.683910430399379
20230713093752170,6.69,6.68,6.6839017341040465
20230713093757280,6.69,6.68,6.6839017341040465
20230713093757570,6.69,6.68,6.6839017341040465
20230713093757590,6.69,6.68,6.6839017341040465
20230713093759510,6.69,6.68,6.683843234010249
20230713093800140,6.69,6.68,6.683843234010249
20230713093800320,6.69,6.68,6.683843234010249
20230713093802420,6.69,6.68,6.683845570100551
20230713093802460,6.69,6.68,6.6838502369668245
20230713093802510,6.69,6.68,6.6838502369668245
20230713093802640,6.69,6.68,6.6838502369668245
20230713093802840,6.69,6.68,6.6838502369668245
20230713093802850,6.69,6.68,6.6838502369668245
20230713093802860,6.69,6.68,6.6838502369668245
20230713093804820,6.69,6.68,6.6838502369668245
20230713093805150,6.69,6.68,6.683871150576233
20230713093805170,6.69,6.68,6.6838746223564955
20230713093807320,6.69,6.68,6.6838746223564955
20230713093807350,6.69,6.68,6.6838746223564955
20230713093807820,6.69,6.68,6.683891922425155
20230713093807840,6.69,6.68,6.683891922425155
20230713093807850,6.69,6.68,6.683891922425155
20230713093807880,6.69,6.68,6.683891922425155
20230713093808160,6.69,6.68,6.683896519285042
20230713093810390,6.69,6.68,6.683898815121309
20230713093810420,6.69,6.68,6.684346462181945
20230713093810490,6.69,6.68,6.684346462181945
20230713093810560,6.69,6.68,6.6843612028506865
20230713093810820,6.69,6.68,6.684364141765115
20230713093810870,6.69,6.69,6.684364141765115
20230713093810930,6.69,6.69,6.684369033153966
20230713093811060,6.69,6.69,6.684369033153966
20230713093811080,6.69,6.69,6.684377816291161
20230713093811180,6.69,6.69,6.6843953006219765
20230713093813000,6.69,6.69,6.684418444597385
20230713093813030,6.7,6.69,6.685724265190458
20230713093813040,6.7,6.69,6.685724265190458
20230713093813060,6.7,6.69,6.685724265190458
20230713093813090,6.7,6.69,6.685724265190458
20230713093813120,6.7,6.69,6.685724265190458
20230713093813160,6.7,6.69,6.685724265190458
20230713093813190,6.7,6.69,6.685724265190458
20230713093813450,6.7,6.69,6.685724265190458
20230713093813630,6.7,6.69,6.685724265190458
20230713093813690,6.7,6.69,6.685724265190458
20230713093815620,6.7,6.69,6.685725955204216
20230713093816090,6.7,6.69,6.685725955204216
20230713093816200,6.7,6.69,6.685725955204216
20230713093816220,6.7,6.69,6.685725955204216
20230713093818520,6.7,6.69,6.685725955204216
20230713093818540,6.7,6.69,6.685725955204216
20230713093818640,6.7,6.69,6.685725955204216
20230713093818800,6.7,6.69,6.685725955204216
20230713093819090,6.7,6.69,6.685740228977497
20230713093820970,6.7,6.69,6.685740228977497
20230713093821190,6.7,6.69,6.685740228977497
20230713093824410,6.7,6.69,6.685740228977497
20230713093826800,6.7,6.69,6.685740228977497
20230713093826900,6.7,6.69,6.685740228977497
20230713093827030,6.7,6.69,6.685740228977497
20230713093829170,6.7,6.69,6.685740228977497
20230713093829810,6.7,6.69,6.685740228977497
20230713093832350,6.7,6.69,6.685740228977497
20230713093832520,6.7,6.69,6.685740228977497
20230713093834240,6.7,6.69,6.685740228977497
20230713093835000,6.7,6.69,6.685740228977497
20230713093835110,6.7,6.69,6.685740228977497
20230713093835200,6.7,6.69,6.685740228977497
20230713093837110,6.7,6.69,6.685753316695127
20230713093837290,6.7,6.69,6.685753316695127
20230713093837460,6.7,6.69,6.685753316695127
20230713093837510,6.7,6.69,6.685753316695127
20230713093837900,6.7,6.69,6.685753316695127
20230713093839730,6.7,6.69,6.6857566609791315
20230713093840030,6.7,6.69,6.685758331146681
20230713093840070,6.7,6.69,6.68576
20230713093840840,6.7,6.69,6.68576
20230713093843250,6.7,6.69,6.68576
20230713093845450,6.7,6.69,6.68576
20230713093846010,6.7,6.69,6.68576
20230713093846090,6.7,6.69,6.68576
20230713093847720,6.7,6.69,6.68576
20230713093847950,6.7,6.69,6.68576
20230713093848040,6.7,6.69,6.68576
20230713093848500,6.7,6.69,6.68576
20230713093848550,6.7,6.69,6.68576
20230713093848570,6.7,6.69,6.68576
20230713093851180,6.7,6.69,6.6857627785058975
20230713093851410,6.7,6.69,6.6857627785058975
20230713093853520,6.7,6.69,6.6857627785058975
20230713093853940,6.7,6.69,6.6857627785058975
20230713093854260,6.7,6.69,6.6857730069380805
20230713093856060,6.7,6.69,6.6857730069380805
20230713093856140,6.7,6.69,6.685781290828325
20230713093856150,6.7,6.69,6.685783494384957
20230713093856510,6.7,6.69,6.685783494384957
20230713093859450,6.7,6.69,6.685783494384957
20230713093901830,6.7,6.69,6.685783494384957
20230713093902070,6.7,6.69,6.685783494384957
20230713093904080,6.7,6.69,6.685807582446118
20230713093904090,6.7,6.69,6.685859725605847
20230713093904120,6.7,6.69,6.685859725605847
20230713093904790,6.7,6.69,6.685859725605847
20230713093905070,6.7,6.69,6.685859725605847
20230713093905100,6.7,6.69,6.685859725605847
20230713093905110,6.7,6.69,6.685859725605847
20230713093906880,6.7,6.69,6.685859725605847
20230713093907070,6.7,6.69,6.685859725605847
20230713093907090,6.7,6.69,6.685859725605847
20230713093907190,6.7,6.69,6.685859725605847
20230713093907220,6.7,6.69,6.685859725605847
20230713093907570,6.7,6.69,6.685859725605847
20230713093907740,6.7,6.69,6.685859725605847
20230713093909330,6.7,6.69,6.685859725605847
20230713093909510,6.7,6.69,6.685859725605847
20230713093909690,6.7,6.69,6.685859725605847
20230713093910080,6.7,6.69,6.685859725605847
20230713093910090,6.7,6.69,6.685859725605847
20230713093910220,6.7,6.69,6.685859725605847
20230713093910270,6.7,6.69,6.685859725605847
20230713093910360,6.7,6.68,6.685981472208312
20230713093912030,6.7,6.69,6.685981472208312
20230713093912100,6.7,6.69,6.685981472208312
20230713093913080,6.69,6.68,6.685983483483484
20230713093913090,6.69,6.68,6.685984488366275
20230713093913130,6.69,6.68,6.685984488366275
20230713093913140,6.69,6.68,6.685984488366275
20230713093913150,6.69,6.68,6.685984488366275
20230713093913160,6.69,6.68,6.685984488366275
20230713093913220,6.69,6.68,6.685984488366275
20230713093914930,6.69,6.68,6.685998753894081
20230713093915090,6.69,6.68,6.68600074729107
20230713093915120,6.69,6.68,6.68600074729107
20230713093915220,6.69,6.68,6.68600074729107
20230713093915590,6.69,6.68,6.686001245330012
20230713093917900,6.69,6.68,6.686001245330012
20230713093917980,6.69,6.69,6.686001743244926
20230713093918050,6.69,6.69,6.686001743244926
20230713093918060,6.69,6.69,6.686001743244926
20230713093918130,6.69,6.69,6.686001743244926
20230713093920170,6.69,6.69,6.686001743244926
20230713093920290,6.69,6.69,6.686001743244926
20230713093920370,6.69,6.69,6.686001743244926
20230713093920910,6.69,6.69,6.686013161162156
20230713093921370,6.69,6.69,6.6860279564572
20230713093923550,6.69,6.69,6.6860279564572
20230713093923650,6.69,6.69,6.6860279564572
20230713093923930,6.69,6.69,6.6860279564572
20230713093926010,6.69,6.69,6.6860279564572
20230713093928440,6.69,6.69,6.6860279564572
20230713093928680,6.69,6.69,6.6860279564572
20230713093931130,6.69,6.69,6.6860279564572
20230713093931630,6.69,6.69,6.6860279564572
20230713093933650,6.69,6.69,6.6860279564572
20230713093934070,6.69,6.69,6.6860279564572
20230713093934080,6.69,6.69,6.6860279564572
20230713093934090,6.69,6.69,6.686056233814281
20230713093934140,6.69,6.69,6.686056233814281
20230713093934180,6.69,6.69,6.686068355052864
20230713093934230,6.69,6.69,6.686069804596289
20230713093936680,6.69,6.69,6.686069804596289
20230713093936690,6.69,6.69,6.686072700478939
20230713093937070,6.69,6.69,6.686072700478939
20230713093937100,6.69,6.69,6.686093330075739
20230713093937420,6.69,6.69,6.686094284318515
20230713093939080,6.69,6.69,6.686094284318515
20230713093939160,6.69,6.69,6.686094284318515
20230713093939930,6.69,6.69,6.686094284318515
20230713093940000,6.69,6.69,6.686094284318515
20230713093940080,6.69,6.69,6.686098096632504
20230713093940090,6.69,6.69,6.6861
20230713093941910,6.69,6.69,6.6861
20230713093942070,6.69,6.69,6.6861
20230713093942450,6.69,6.69,6.6861
20230713093945120,6.69,6.69,6.6861
20230713093945150,6.69,6.69,6.6861
20230713093945370,6.69,6.69,6.6861
20230713093945380,6.69,6.69,6.6861
20230713093945420,6.69,6.69,6.6861
20230713093945580,6.69,6.69,6.686105224698575
20230713093947470,6.69,6.69,6.686105224698575
20230713093947480,6.69,6.69,6.686105224698575
20230713093947590,6.69,6.69,6.686105224698575
20230713093947980,6.69,6.69,6.686105224698575
20230713093949830,6.69,6.69,6.686105224698575
20230713093950160,6.69,6.69,6.686105224698575
20230713093950890,6.69,6.69,6.686105224698575
20230713093950900,6.69,6.69,6.686105224698575
20230713093952900,6.69,6.69,6.686105224698575
20230713093953100,6.69,6.69,6.686105224698575
20230713093955350,6.69,6.69,6.686105224698575
20230713093958080,6.69,6.69,6.686105224698575
20230713093958090,6.69,6.69,6.686105224698575
20230713093958600,6.69,6.69,6.686105224698575
20230713093958650,6.69,6.69,6.686105224698575
20230713094000940,6.69,6.69,6.686105224698575
20230713094001100,6.69,6.69,6.686105224698575
20230713094001190,6.69,6.69,6.686105224698575
20230713094003420,6.69,6.69,6.686105224698575
20230713094004310,6.69,6.69,6.686105224698575
20230713094004320,6.69,6.69,6.686105224698575
20230713094004340,6.69,6.69,6.686105224698575
20230713094006470,6.69,6.69,6.686105224698575
20230713094007090,6.69,6.69,6.686105224698575
20230713094007240,6.69,6.69,6.686105224698575
20230713094008840,6.69,6.69,6.686105224698575
20230713094009390,6.69,6.69,6.686105224698575
20230713094009850,6.69,6.69,6.686105224698575
20230713094011650,6.69,6.69,6.686105224698575
20230713094011920,6.69,6.69,6.686105224698575
20230713094012280,6.69,6.69,6.686105224698575
20230713094012570,6.69,6.69,6.686105224698575
20230713094014190,6.69,6.69,6.686105224698575
20230713094014320,6.69,6.69,6.686105224698575
20230713094014440,6.69,6.69,6.686105224698575
20230713094014620,6.69,6.69,6.686105224698575
20230713094014810,6.69,6.69,6.686105224698575
20230713094015360,6.69,6.69,6.686105224698575
20230713094016840,6.69,6.69,6.686105224698575
20230713094016970,6.69,6.69,6.686105224698575
20230713094017300,6.69,6.69,6.686105224698575
20230713094017450,6.69,6.69,6.686105224698575
20230713094017890,6.69,6.69,6.686105224698575
20230713094018040,6.69,6.69,6.686105224698575
20230713094019890,6.69,6.69,6.686124924196482
20230713094020530,6.69,6.69,6.686124924196482
20230713094020760,6.69,6.69,6.686124924196482
20230713094022960,6.69,6.69,6.686124924196482
20230713094023250,6.69,6.69,6.686124924196482
20230713094025100,6.69,6.69,6.686124924196482
20230713094025180,6.69,6.69,6.686124924196482
20230713094025230,6.69,6.69,6.686124924196482
20230713094025350,6.69,6.69,6.686124924196482
20230713094025610,6.69,6.69,6.686124924196482
20230713094025960,6.69,6.69,6.686124924196482
20230713094028010,6.69,6.69,6.686124924196482
20230713094028590,6.69,6.69,6.686124924196482
20230713094031000,6.69,6.69,6.686124924196482
20230713094031010,6.69,6.69,6.686124924196482
20230713094031030,6.69,6.69,6.686124924196482
20230713094031290,6.69,6.69,6.686124924196482
20230713094031320,6.69,6.69,6.686124924196482
20230713094034100,6.69,6.69,6.686124924196482
20230713094034220,6.69,6.69,6.686124924196482
20230713094036040,6.69,6.69,6.686124924196482
20230713094036070,6.69,6.69,6.686124924196482
20230713094036490,6.69,6.69,6.686124924196482
20230713094036520,6.69,6.69,6.686124924196482
20230713094039590,6.69,6.69,6.686124924196482
20230713094041490,6.69,6.68,6.686219701492537
20230713094041530,6.69,6.68,6.686219701492537
20230713094041930,6.69,6.69,6.686219701492537
20230713094041940,6.69,6.69,6.686219701492537
20230713094043950,6.69,6.69,6.686219701492537
20230713094043980,6.69,6.69,6.686219701492537
20230713094044110,6.69,6.69,6.686219701492537
20230713094044260,6.69,6.69,6.686219701492537
20230713094044810,6.69,6.69,6.686219701492537
20230713094046570,6.69,6.69,6.686219701492537
20230713094046720,6.69,6.69,6.686219701492537
20230713094047050,6.69,6.69,6.686219701492537
20230713094047110,6.69,6.69,6.686219701492537
20230713094047240,6.69,6.69,6.686219701492537
20230713094047550,6.69,6.69,6.686219701492537
20230713094047750,6.69,6.69,6.686219701492537
20230713094049300,6.69,6.69,6.686219701492537
20230713094049320,6.69,6.69,6.686219701492537
20230713094049420,6.69,6.69,6.686219701492537
20230713094049960,6.69,6.69,6.686219701492537
20230713094052080,6.69,6.69,6.686219701492537
20230713094052710,6.69,6.69,6.686219701492537
20230713094052900,6.69,6.69,6.686219701492537
20230713094054760,6.69,6.69,6.686219701492537
20230713094057650,6.69,6.69,6.686219701492537
20230713094058060,6.69,6.69,6.686219701492537
20230713094058070,6.69,6.69,6.686219701492537
20230713094058080,6.69,6.69,6.686219701492537
20230713094058140,6.69,6.69,6.686219701492537
20230713094058360,6.69,6.69,6.686219701492537
20230713094058410,6.69,6.69,6.686219701492537
20230713094058440,6.69,6.69,6.686219701492537
20230713094100080,6.69,6.69,6.686219701492537
20230713094100110,6.69,6.69,6.686219701492537
20230713094100320,6.69,6.69,6.686286219081272
20230713094100420,6.69,6.69,6.686288404944085
20230713094100480,6.69,6.69,6.686288404944085
20230713094100800,6.69,6.69,6.686288404944085
20230713094100950,6.69,6.69,6.686288404944085
20230713094100990,6.69,6.69,6.686288404944085
20230713094101070,6.69,6.68,6.686289278568907
20230713094101080,6.69,6.68,6.686321316065803
20230713094102970,6.69,6.68,6.686321316065803
20230713094103090,6.69,6.68,6.686321316065803
20230713094103100,6.69,6.68,6.686321316065803
20230713094103570,6.69,6.68,6.686321316065803
20230713094103610,6.69,6.68,6.686321316065803
20230713094103800,6.69,6.68,6.686321316065803
20230713094103900,6.69,6.68,6.686321316065803
20230713094106620,6.69,6.68,6.686337324189236
20230713094108130,6.69,6.68,6.686337324189236
20230713094108220,6.69,6.68,6.686337324189236
20230713094108470,6.69,6.68,6.686337324189236
20230713094108500,6.69,6.68,6.686337324189236
20230713094111410,6.69,6.69,6.686337324189236
20230713094111460,6.69,6.69,6.686337324189236
20230713094111950,6.69,6.69,6.686337324189236
20230713094113690,6.69,6.69,6.686337324189236
20230713094113700,6.69,6.69,6.686337324189236
20230713094113720,6.69,6.69,6.686337324189236
20230713094113870,6.69,6.69,6.686337324189236
20230713094114210,6.69,6.69,6.686337324189236
20230713094114260,6.69,6.69,6.686337324189236
20230713094114680,6.69,6.69,6.686337324189236
20230713094114770,6.69,6.69,6.686337324189236
20230713094116230,6.69,6.69,6.686337324189236
20230713094116350,6.69,6.69,6.686339451672862
20230713094116430,6.69,6.69,6.686339451672862
20230713094117070,6.69,6.69,6.686339451672862
20230713094117390,6.69,6.69,6.686339451672862
20230713094118980,6.69,6.69,6.686339451672862
20230713094119070,6.69,6.69,6.686339451672862
20230713094119350,6.69,6.69,6.6863403019744485
20230713094120160,6.69,6.69,6.6863403019744485
20230713094122240,6.69,6.69,6.6863403019744485
20230713094122460,6.69,6.69,6.6863403019744485
20230713094125040,6.69,6.69,6.6863403019744485
20230713094127250,6.69,6.69,6.6863403019744485
20230713094127370,6.69,6.69,6.6863403019744485
20230713094127600,6.69,6.69,6.6863403019744485
20230713094128020,6.69,6.69,6.6863403019744485
20230713094128210,6.69,6.69,6.6863403019744485
20230713094128260,6.69,6.69,6.6863403019744485
20230713094129750,6.69,6.69,6.6863403019744485
20230713094130910,6.69,6.69,6.6863403019744485
20230713094130920,6.69,6.69,6.6863403019744485
20230713094133090,6.69,6.69,6.6863403019744485
20230713094133400,6.69,6.69,6.6863403019744485
20230713094133590,6.69,6.69,6.6863403019744485
20230713094135400,6.69,6.69,6.6863403019744485
20230713094135580,6.69,6.69,6.6863403019744485
20230713094135660,6.69,6.69,6.6863403019744485
20230713094136170,6.69,6.69,6.6863403019744485
20230713094136200,6.69,6.69,6.6863403019744485
20230713094138780,6.69,6.69,6.6863403019744485
20230713094138840,6.69,6.69,6.6863403019744485
20230713094141720,6.69,6.69,6.6863403019744485
20230713094144090,6.69,6.69,6.6863403019744485
20230713094144220,6.69,6.69,6.6863403019744485
20230713094144350,6.69,6.69,6.6863403019744485
20230713094145910,6.69,6.69,6.6863403019744485
20230713094146230,6.69,6.69,6.6863403019744485
20230713094146820,6.69,6.69,6.6863403019744485
20230713094146870,6.69,6.69,6.6863403019744485
20230713094149090,6.69,6.69,6.6863403019744485
20230713094149140,6.69,6.69,6.6863403019744485
20230713094149150,6.69,6.69,6.6863403019744485
20230713094149370,6.69,6.69,6.6863403019744485
20230713094151320,6.69,6.69,6.6863403019744485
20230713094151520,6.69,6.69,6.6863403019744485
20230713094151570,6.69,6.69,6.6863403019744485
20230713094151690,6.69,6.69,6.6863403019744485
20230713094151940,6.69,6.69,6.6863403019744485
20230713094152090,6.69,6.69,6.6863403019744485
20230713094152180,6.69,6.69,6.6863403019744485
20230713094152210,6.69,6.69,6.6863403019744485
20230713094154710,6.69,6.69,6.6863403019744485
20230713094155070,6.69,6.69,6.6863403019744485
20230713094156800,6.69,6.69,6.6863403019744485
20230713094157280,6.69,6.69,6.6863403019744485
20230713094157290,6.69,6.69,6.6863403019744485
20230713094157440,6.69,6.69,6.6863403019744485
20230713094157530,6.69,6.69,6.68640360895386
20230713094159840,6.69,6.69,6.68640360895386
20230713094200150,6.69,6.69,6.68640360895386
20230713094202110,6.69,6.69,6.68640360895386
20230713094202190,6.69,6.69,6.68640360895386
20230713094202380,6.69,6.69,6.68640360895386
20230713094202590,6.69,6.69,6.68640360895386
20230713094203090,6.69,6.69,6.68640360895386
20230713094205530,6.69,6.69,6.68640360895386
20230713094207740,6.69,6.69,6.68640360895386
20230713094208460,6.69,6.69,6.68640360895386
20230713094210300,6.69,6.69,6.68640360895386
20230713094210560,6.69,6.69,6.686502867423816
20230713094212930,6.69,6.69,6.686502867423816
20230713094212970,6.69,6.69,6.686502867423816
20230713094213330,6.69,6.69,6.686502867423816
20230713094215730,6.69,6.68,6.686534046584197
20230713094215740,6.69,6.68,6.686534046584197
20230713094215970,6.69,6.68,6.686534046584197
20230713094216020,6.69,6.68,6.686589499335401
20230713094216180,6.69,6.68,6.686589499335401
20230713094216190,6.69,6.69,6.686589499335401
20230713094216200,6.7,6.69,6.686589499335401
20230713094216320,6.7,6.69,6.686589499335401
20230713094216710,6.7,6.69,6.686589499335401
20230713094216770,6.7,6.69,6.686589499335401
20230713094219080,6.7,6.69,6.686589499335401
20230713094219100,6.7,6.69,6.686589499335401
20230713094221190,6.7,6.69,6.686589499335401
20230713094221260,6.7,6.69,6.686589499335401
20230713094221470,6.7,6.69,6.686589499335401
20230713094226570,6.7,6.69,6.686589499335401
20230713094226980,6.7,6.69,6.686589499335401
20230713094227090,6.7,6.69,6.686589499335401
20230713094229610,6.7,6.69,6.686589499335401
20230713094229620,6.7,6.69,6.686589499335401
20230713094229830,6.7,6.69,6.686589499335401
20230713094229950,6.7,6.69,6.686589499335401
20230713094230160,6.7,6.69,6.686589499335401
20230713094232960,6.7,6.69,6.686589499335401
20230713094233010,6.7,6.69,6.686589499335401
20230713094234740,6.7,6.69,6.686589499335401
20230713094235200,6.7,6.69,6.686589499335401
20230713094235600,6.7,6.69,6.686589499335401
20230713094237280,6.7,6.69,6.686589499335401
20230713094237430,6.7,6.69,6.686589499335401
20230713094237970,6.7,6.69,6.686589499335401
20230713094239970,6.7,6.69,6.686589499335401
20230713094240190,6.7,6.69,6.686589499335401
20230713094240560,6.7,6.69,6.686707276918011
20230713094240710,6.7,6.69,6.686707276918011
20230713094241010,6.7,6.69,6.686707276918011
20230713094242830,6.7,6.69,6.686707276918011
20230713094242960,6.69,6.68,6.686790322580645
20230713094243080,6.69,6.68,6.686791357626572
20230713094243090,6.69,6.68,6.6867920472864055
20230713094243100,6.69,6.68,6.6867920472864055
20230713094243170,6.69,6.68,6.6867920472864055
20230713094243200,6.69,6.68,6.6867920472864055
20230713094243210,6.69,6.68,6.6867920472864055
20230713094243280,6.69,6.68,6.6867920472864055
20230713094243480,6.69,6.68,6.6867920472864055
20230713094243490,6.69,6.68,6.686790587729666
20230713094243720,6.69,6.68,6.686790587729666
20230713094245440,6.69,6.68,6.686790587729666
20230713094245470,6.69,6.68,6.686790587729666
20230713094245590,6.69,6.68,6.686790587729666
20230713094246070,6.69,6.68,6.686794032413867
20230713094246090,6.69,6.68,6.686794032413867
20230713094246160,6.69,6.68,6.686794376475638
20230713094248440,6.69,6.68,6.686794376475638
20230713094248550,6.69,6.68,6.686794376475638
20230713094248560,6.69,6.68,6.686794376475638
20230713094249100,6.69,6.68,6.686795064377683
20230713094249110,6.69,6.68,6.686795751984553
20230713094249140,6.69,6.68,6.686794294294295
20230713094250990,6.69,6.68,6.686794294294295
20230713094251790,6.69,6.68,6.686794294294295
20230713094251840,6.69,6.68,6.686804575582639
20230713094256130,6.69,6.68,6.686803848209514
20230713094259120,6.69,6.68,6.686803848209514
20230713094301520,6.69,6.68,6.686803848209514
20230713094301530,6.69,6.68,6.686803848209514
20230713094304470,6.69,6.68,6.686803848209514
20230713094305100,6.69,6.68,6.686803848209514
20230713094305280,6.69,6.68,6.686803848209514
20230713094306910,6.69,6.68,6.686803848209514
20230713094307310,6.69,6.68,6.686803848209514
20230713094307700,6.69,6.68,6.686803848209514
20230713094308070,6.69,6.68,6.686803848209514
20230713094310090,6.69,6.68,6.686804189824711
20230713094310100,6.69,6.68,6.686804189824711
20230713094310120,6.69,6.68,6.686804189824711
20230713094310380,6.69,6.68,6.686804189824711
20230713094310430,6.69,6.68,6.686804189824711
20230713094312360,6.69,6.68,6.686804189824711
20230713094313090,6.69,6.68,6.686807261078484
20230713094315410,6.69,6.68,6.686807261078484
20230713094315740,6.69,6.68,6.686807261078484
20230713094315920,6.69,6.68,6.686807261078484
20230713094316080,6.69,6.68,6.686807261078484
20230713094316250,6.69,6.68,6.686807261078484
20230713094318090,6.69,6.68,6.686807601964553
20230713094318590,6.69,6.68,6.686807942777837
20230713094320840,6.69,6.68,6.686807942777837
20230713094326270,6.69,6.68,6.686807942777837
20230713094329120,6.69,6.68,6.686807942777837
20230713094329280,6.69,6.68,6.686807942777837
20230713094329420,6.69,6.68,6.686807942777837
20230713094329590,6.69,6.68,6.686807942777837
20230713094334140,6.69,6.68,6.686807942777837
20230713094334170,6.69,6.68,6.686807942777837
20230713094334180,6.69,6.68,6.686807942777837
20230713094334680,6.69,6.68,6.686809645753308
20230713094336870,6.69,6.68,6.686809645753308
20230713094336930,6.69,6.68,6.68681474379461
20230713094336940,6.69,6.68,6.68681474379461
20230713094337080,6.69,6.68,6.68681474379461
20230713094337130,6.69,6.68,6.686818810511757
20230713094337570,6.69,6.68,6.686818810511757
20230713094337750,6.69,6.68,6.686818810511757
20230713094337770,6.69,6.68,6.686815185027648
20230713094342330,6.69,6.68,6.686815185027648
20230713094342760,6.69,6.68,6.686815185027648
20230713094343210,6.69,6.68,6.686815185027648
20230713094348270,6.69,6.68,6.686817892052699
20230713094358210,6.69,6.68,6.686817892052699
20230713094358670,6.69,6.68,6.686820256927487
20230713094359270,6.69,6.68,6.686820256927487
20230713094359440,6.69,6.68,6.686820256927487
20230713094401080,6.69,6.68,6.686820256927487
20230713094401820,6.69,6.68,6.6868347072500525
20230713094401910,6.69,6.68,6.6868347072500525
20230713094402110,6.69,6.68,6.68683504174152
20230713094402150,6.69,6.68,6.68683637900074
20230713094406850,6.69,6.68,6.68683637900074
20230713094407290,6.69,6.68,6.68683637900074
20230713094407320,6.69,6.68,6.68683637900074
20230713094407450,6.69,6.68,6.68683637900074
20230713094408990,6.69,6.68,6.68683637900074
20230713094409050,6.69,6.68,6.68683637900074
20230713094409110,6.69,6.68,6.68683637900074
20230713094410120,6.69,6.68,6.686837715130398
20230713094410150,6.69,6.68,6.686837715130398
20230713094411900,6.69,6.68,6.686837715130398
20230713094412570,6.69,6.68,6.686837715130398
20230713094414410,6.69,6.68,6.686837715130398
20230713094414530,6.69,6.68,6.686837715130398
20230713094414940,6.69,6.68,6.686837715130398
20230713094417210,6.69,6.68,6.686837715130398
20230713094417250,6.69,6.68,6.686837715130398
20230713094417480,6.69,6.68,6.686837715130398
20230713094417800,6.69,6.68,6.686837715130398
20230713094418150,6.69,6.68,6.686839050131926
20230713094420290,6.69,6.68,6.686839050131926
20230713094423000,6.69,6.68,6.686839050131926
20230713094423030,6.69,6.68,6.686839050131926
20230713094423100,6.69,6.68,6.686839050131926
20230713094423160,6.69,6.68,6.686839050131926
20230713094425300,6.69,6.68,6.686839050131926
20230713094425870,6.69,6.68,6.686839050131926
20230713094425920,6.69,6.68,6.686839050131926
20230713094426260,6.69,6.68,6.686839050131926
20230713094428440,6.69,6.68,6.686839050131926
20230713094428510,6.69,6.68,6.686839050131926
20230713094429050,6.69,6.68,6.686839050131926
20230713094430610,6.69,6.68,6.686839050131926
20230713094430770,6.69,6.68,6.686839050131926
20230713094430810,6.69,6.68,6.686839050131926
20230713094431350,6.69,6.68,6.6868393837062055
20230713094433520,6.69,6.68,6.6868393837062055
20230713094433570,6.69,6.68,6.686839717210088
20230713094433670,6.69,6.68,6.686837552742616
20230713094434000,6.69,6.68,6.686837552742616
20230713094434130,6.69,6.68,6.686837552742616
20230713094434300,6.69,6.68,6.686837552742616
20230713094434310,6.69,6.68,6.686838219784856
20230713094436580,6.69,6.68,6.686838219784856
20230713094436820,6.69,6.68,6.686823108492055
20230713094439240,6.69,6.68,6.686823108492055
20230713094439500,6.69,6.68,6.686823108492055
20230713094439550,6.69,6.68,6.686823108492055
20230713094441650,6.69,6.68,6.686823108492055
20230713094441870,6.69,6.68,6.686823108492055
20230713094442070,6.69,6.68,6.686823108492055
20230713094444800,6.69,6.68,6.686823108492055
20230713094444820,6.69,6.68,6.686823108492055
20230713094444870,6.69,6.68,6.686823108492055
20230713094446830,6.69,6.68,6.686823108492055
20230713094447590,6.69,6.68,6.686823108492055
20230713094452720,6.69,6.68,6.686823108492055
20230713094453090,6.69,6.68,6.686823108492055
20230713094455040,6.69,6.68,6.686825113050794
20230713094455150,6.69,6.68,6.686824395373291
20230713094455290,6.69,6.68,6.686824395373291
20230713094457780,6.69,6.68,6.686824395373291
20230713094458080,6.69,6.68,6.686824395373291
20230713094458130,6.69,6.68,6.686822243246084
20230713094458240,6.69,6.68,6.686822243246084
20230713094500600,6.69,6.68,6.6868200924758305
20230713094500650,6.69,6.68,6.6868200924758305
20230713094503110,6.69,6.68,6.6868200924758305
20230713094504020,6.69,6.68,6.6868200924758305
20230713094506610,6.69,6.68,6.6868200924758305
20230713094506630,6.69,6.68,6.6868200924758305
20230713094509030,6.69,6.68,6.6868200924758305
20230713094509040,6.69,6.68,6.6868200924758305
20230713094509500,6.69,6.68,6.6868200924758305
20230713094511980,6.69,6.68,6.686834065704122
20230713094514960,6.69,6.68,6.686834065704122
20230713094516600,6.69,6.68,6.686834065704122
20230713094516790,6.69,6.68,6.686834065704122
20230713094517240,6.69,6.68,6.686834065704122
20230713094519740,6.69,6.68,6.686834065704122
20230713094522200,6.69,6.68,6.686834065704122
20230713094522760,6.69,6.68,6.686834065704122
20230713094522850,6.69,6.68,6.686834065704122
20230713094523000,6.69,6.68,6.686834065704122
20230713094525170,6.69,6.68,6.686834065704122
20230713094527810,6.69,6.68,6.686834065704122
20230713094528220,6.69,6.68,6.686834065704122
20230713094530420,6.69,6.68,6.686834065704122
20230713094533270,6.69,6.68,6.686834065704122
20230713094533290,6.69,6.68,6.686834065704122
20230713094533590,6.69,6.68,6.686835390085756
20230713094533910,6.69,6.68,6.686835390085756
20230713094535810,6.69,6.68,6.686835390085756
20230713094538490,6.69,6.68,6.686835390085756
20230713094540970,6.69,6.68,6.686835390085756
20230713094541060,6.69,6.68,6.686835390085756
20230713094541100,6.69,6.68,6.686835390085756
20230713094541380,6.69,6.68,6.686835390085756
20230713094541580,6.69,6.68,6.686836713359816
20230713094543780,6.69,6.68,6.686836713359816
20230713094544670,6.69,6.68,6.686836713359816
20230713094546290,6.69,6.68,6.686836713359816
20230713094546300,6.69,6.68,6.686836713359816
20230713094546400,6.69,6.68,6.686836713359816
20230713094547180,6.69,6.68,6.686839026428497
20230713094547440,6.69,6.68,6.686839026428497
20230713094549210,6.69,6.68,6.686839026428497
20230713094549420,6.69,6.68,6.686840346663883
20230713094549920,6.69,6.68,6.686840346663883
20230713094552690,6.69,6.68,6.686840346663883
20230713094555060,6.69,6.68,6.686840346663883
20230713094555130,6.69,6.68,6.686843313165032
20230713094557260,6.69,6.68,6.686843313165032
20230713094557280,6.69,6.68,6.686843313165032
20230713094557970,6.69,6.68,6.686843313165032
20230713094558160,6.69,6.68,6.686843313165032
20230713094558180,6.69,6.68,6.686843313165032
20230713094559900,6.69,6.68,6.686843313165032
20230713094600590,6.69,6.68,6.686843313165032
20230713094602980,6.69,6.68,6.686843313165032
20230713094605600,6.69,6.68,6.686848573213914
20230713094605660,6.69,6.68,6.686848573213914
20230713094608550,6.69,6.68,6.686849885488236
20230713094610550,6.69,6.68,6.686849885488236
20230713094611710,6.69,6.68,6.686849885488236
20230713094611720,6.69,6.68,6.686849885488236
20230713094615950,6.69,6.68,6.686832104662029
20230713094616870,6.69,6.68,6.686825726141079
20230713094619110,6.69,6.68,6.686828686910561
20230713094619180,6.69,6.68,6.686828686910561
20230713094622220,6.69,6.68,6.686828686910561
20230713094624170,6.69,6.68,6.686828686910561
20230713094624230,6.69,6.68,6.686828686910561
20230713094624580,6.69,6.68,6.686828686910561
20230713094624700,6.69,6.68,6.686830985915493
20230713094624750,6.69,6.68,6.686830985915493
20230713094624770,6.69,6.68,6.686830985915493
20230713094629550,6.69,6.68,6.686830985915493
20230713094632500,6.69,6.68,6.686830985915493
20230713094635560,6.69,6.68,6.68683426443203
20230713094635570,6.69,6.68,6.686972395369546
20230713094635600,6.69,6.68,6.686972395369546
20230713094635680,6.69,6.68,6.686972395369546
20230713094637870,6.69,6.68,6.686972395369546
20230713094640250,6.69,6.68,6.686972395369546
20230713094640430,6.69,6.68,6.686972395369546
20230713094640490,6.69,6.68,6.686972395369546
20230713094640780,6.69,6.68,6.686972395369546
20230713094641190,6.69,6.68,6.686972395369546
20230713094641340,6.69,6.68,6.686972395369546
20230713094643140,6.69,6.68,6.686972395369546
20230713094643600,6.69,6.68,6.686974789915967
20230713094648760,6.69,6.68,6.686975985769345
20230713094648860,6.69,6.68,6.686975985769345
20230713094649020,6.69,6.68,6.686975985769345
20230713094649090,6.69,6.68,6.68697628458498
20230713094651000,6.69,6.68,6.68697628458498
20230713094651620,6.69,6.68,6.6869774792572105
20230713094651830,6.69,6.68,6.686950019677292
20230713094651880,6.69,6.68,6.686950919641979
20230713094651980,6.69,6.68,6.686950919641979
20230713094654400,6.69,6.68,6.6869551124643944
20230713094654410,6.69,6.68,6.6869551124643944
20230713094654420,6.69,6.68,6.6869551124643944
20230713094654460,6.69,6.68,6.6869551124643944
20230713094654650,6.69,6.68,6.6869551124643944
20230713094654750,6.69,6.68,6.6869551124643944
20230713094656990,6.69,6.68,6.6869551124643944
20230713094659870,6.69,6.68,6.686956308296515
20230713094700050,6.69,6.68,6.686956308296515
20230713094701980,6.69,6.68,6.686942675159235
20230713094702310,6.69,6.68,6.686942675159235
20230713094702670,6.69,6.68,6.686942675159235
20230713094702950,6.69,6.68,6.686942675159235
20230713094704960,6.69,6.68,6.686944471648222
20230713094705410,6.69,6.68,6.686944471648222
20230713094705440,6.69,6.68,6.686944471648222
20230713094705480,6.69,6.68,6.686944471648222
20230713094707250,6.69,6.68,6.686944471648222
20230713094707260,6.69,6.68,6.686944471648222
20230713094707360,6.69,6.71,6.686944471648222
20230713094707620,6.69,6.71,6.6869447708578145
20230713094707740,6.69,6.71,6.6869447708578145
20230713094708190,6.69,6.69,6.686948953647565
20230713094710250,6.69,6.68,6.6869218780440285
20230713094710910,6.69,6.68,6.686923676012461
20230713094712610,6.69,6.68,6.686923676012461
20230713094713080,6.69,6.68,6.6869209809264305
20230713094713320,6.69,6.68,6.686921280529337
20230713094713590,6.69,6.68,6.686921280529337
20230713094715360,6.69,6.68,6.686921280529337
20230713094716080,6.69,6.68,6.686921280529337
20230713094716220,6.69,6.68,6.686921280529337
20230713094720690,6.69,6.68,6.686921280529337
20230713094721720,6.69,6.68,6.686921280529337
20230713094723470,6.69,6.68,6.686935889986442
20230713094723750,6.69,6.68,6.686935889986442
20230713094724040,6.69,6.68,6.686935889986442
20230713094728760,6.69,6.68,6.686935889986442
20230713094729170,6.69,6.68,6.686935889986442
20230713094729330,6.69,6.68,6.686935889986442
20230713094731750,6.69,6.68,6.686935889986442
20230713094731830,6.69,6.68,6.686935889986442
20230713094731840,6.69,6.68,6.686935889986442
20230713094731850,6.69,6.68,6.686935889986442
20230713094731860,6.69,6.68,6.686935889986442
20230713094731940,6.69,6.68,6.686935889986442
20230713094735260,6.69,6.68,6.686935889986442
20230713094737260,6.69,6.68,6.686935889986442
20230713094737360,6.69,6.68,6.686935889986442
20230713094739790,6.69,6.68,6.686935889986442
20230713094740770,6.69,6.68,6.686935889986442
20230713094743170,6.69,6.68,6.686935889986442
20230713094743370,6.69,6.68,6.686935889986442
20230713094745000,6.69,6.68,6.686935889986442
20230713094745020,6.69,6.68,6.686935889986442
20230713094745490,6.69,6.68,6.686935889986442
20230713094746080,6.69,6.68,6.686935889986442
20230713094746110,6.69,6.68,6.686935889986442
20230713094750970,6.69,6.68,6.686935889986442
20230713094753060,6.69,6.68,6.686935889986442
20230713094753080,6.69,6.68,6.686935889986442
20230713094753750,6.69,6.68,6.686935889986442
20230713094753760,6.69,6.68,6.686935889986442
20230713094754000,6.69,6.68,6.686935889986442
20230713094756440,6.69,6.68,6.686935889986442
20230713094757020,6.69,6.68,6.686935889986442
20230713094759650,6.69,6.68,6.686935889986442
20230713094801840,6.69,6.68,6.687009923235349
20230713094801910,6.69,6.68,6.686941689070177
20230713094802190,6.69,6.68,6.686941689070177
20230713094802200,6.69,6.68,6.686941689070177
20230713094804050,6.69,6.68,6.686941689070177
20230713094804270,6.69,6.68,6.686941689070177
20230713094806870,6.69,6.68,6.686941689070177
20230713094807740,6.69,6.68,6.686941689070177
20230713094807750,6.69,6.68,6.686941689070177
20230713094807790,6.69,6.68,6.686926563078061
20230713094807810,6.69,6.68,6.686910584109993
20230713094807820,6.68,6.68,6.686910584109993
20230713094809390,6.68,6.68,6.686910584109993
20230713094809460,6.68,6.68,6.686910584109993
20230713094809630,6.68,6.68,6.686910584109993
20230713094810040,6.68,6.68,6.686910584109993
20230713094810320,6.68,6.68,6.686912863070539
20230713094812580,6.68,6.68,6.686912863070539
20230713094812830,6.68,6.68,6.686912863070539
20230713094813080,6.68,6.68,6.686912863070539
20230713094813200,6.68,6.68,6.686912863070539
20230713094815010,6.68,6.68,6.686912863070539
20230713094815680,6.68,6.68,6.686912863070539
20230713094818200,6.68,6.68,6.686912863070539
20230713094818280,6.68,6.68,6.686912863070539
20230713094818410,6.68,6.68,6.686912863070539
20230713094820150,6.68,6.68,6.686914854404718
20230713094823180,6.68,6.68,6.686914854404718
20230713094823720,6.68,6.68,6.686914854404718
20230713094825630,6.68,6.68,6.686914854404718
20230713094828620,6.68,6.68,6.686914854404718
20230713094831160,6.68,6.68,6.686914854404718
20230713094836350,6.68,6.68,6.686914854404718
20230713094836750,6.68,6.68,6.686914854404718
20230713094837080,6.68,6.68,6.686914854404718
20230713094837180,6.68,6.68,6.686914854404718
20230713094837450,6.68,6.68,6.686914854404718
20230713094839040,6.68,6.68,6.686914854404718
20230713094839190,6.68,6.68,6.686914854404718
20230713094839200,6.68,6.68,6.686914854404718
20230713094841990,6.68,6.68,6.686914854404718
20230713094844930,6.68,6.68,6.686909792393901
20230713094845030,6.68,6.68,6.686909792393901
20230713094845600,6.68,6.68,6.686909792393901
20230713094847650,6.68,6.68,6.686909792393901
20230713094848220,6.68,6.68,6.686909792393901
20230713094849950,6.68,6.68,6.686909792393901
20230713094850480,6.69,6.68,6.686912345112437
20230713094850770,6.69,6.68,6.686914893617021
20230713094852630,6.69,6.68,6.686914893617021
20230713094855230,6.69,6.68,6.686915459380158
20230713094855520,6.69,6.68,6.686915459380158
20230713094855670,6.69,6.68,6.686915459380158
20230713094856200,6.69,6.68,6.686915459380158
20230713094856220,6.69,6.68,6.686916024935827
20230713094857930,6.69,6.68,6.686916024935827
20230713094858080,6.69,6.68,6.686916024935827
20230713094858170,6.69,6.68,6.686916024935827
20230713094858590,6.69,6.68,6.686916024935827
20230713094858900,6.69,6.68,6.686916024935827
20230713094900580,6.69,6.68,6.686916024935827
20230713094901080,6.69,6.68,6.686916024935827
20230713094901360,6.69,6.68,6.6869096904194905
20230713094901780,6.69,6.68,6.6869096904194905
20230713094903380,6.69,6.68,6.6869096904194905
20230713094903910,6.69,6.68,6.6869096904194905
20230713094905990,6.69,6.68,6.6869096904194905
20230713094906680,6.69,6.68,6.686905546403075
20230713094909070,6.69,6.68,6.686905546403075
20230713094909890,6.69,6.68,6.6869072447859494
20230713094911930,6.69,6.68,6.6869072447859494
20230713094912220,6.69,6.68,6.6869072447859494
20230713094916800,6.69,6.68,6.6869072447859494
20230713094917340,6.69,6.68,6.6869072447859494
20230713094919510,6.69,6.68,6.68690781049936
20230713094920660,6.69,6.68,6.68690781049936
20230713094922400,6.69,6.68,6.68690781049936
20230713094922540,6.69,6.68,6.686908093278464
20230713094922750,6.69,6.68,6.686910635964912
20230713094922760,6.69,6.68,6.686910635964912
20230713094922910,6.69,6.68,6.686911482597972
20230713094925300,6.69,6.68,6.686911482597972
20230713094925710,6.69,6.68,6.686911482597972
20230713094927780,6.69,6.68,6.686911482597972
20230713094928120,6.69,6.68,6.686911482597972
20230713094928310,6.69,6.68,6.686911482597972
20230713094928790,6.69,6.68,6.686911482597972
20230713094930720,6.69,6.68,6.686912610720482
20230713094931100,6.69,6.68,6.686913456271681
20230713094931500,6.69,6.68,6.686917677089981
20230713094933000,6.69,6.68,6.686917677089981
20230713094933790,6.69,6.68,6.686917677089981
20230713094933820,6.69,6.68,6.686917677089981
20230713094934100,6.69,6.68,6.686917677089981
20230713094938500,6.69,6.68,6.686917677089981
20230713094939070,6.69,6.68,6.686923566878981
20230713094939580,6.69,6.68,6.6869246861924685
20230713094946900,6.69,6.68,6.6869246861924685
20230713094947370,6.69,6.68,6.6869246861924685
20230713094949400,6.69,6.68,6.6869265721555795
20230713094949410,6.69,6.68,6.6869265721555795
20230713094952380,6.69,6.68,6.6869265721555795
20230713094955000,6.69,6.68,6.6869265721555795
20230713094955320,6.69,6.68,6.6869284546940255
20230713094955370,6.69,6.68,6.6869284546940255
20230713094955490,6.69,6.68,6.6869280275562
20230713094955530,6.69,6.68,6.6869280275562
20230713094958030,6.69,6.68,6.686927399619324
20230713094958090,6.69,6.68,6.686927399619324
20230713094958120,6.69,6.68,6.686927399619324
20230713094958400,6.69,6.68,6.686927399619324
20230713095000480,6.69,6.68,6.686927399619324
20230713095001050,6.69,6.68,6.686927399619324
20230713095002700,6.69,6.68,6.686932054645798
20230713095002730,6.69,6.68,6.686939530685921
20230713095002970,6.69,6.68,6.686939530685921
20230713095003050,6.69,6.68,6.686943668319063
20230713095003100,6.69,6.68,6.686943943763518
20230713095003450,6.69,6.68,6.686943943763518
20230713095003800,6.69,6.68,6.68694571968674
20230713095005580,6.69,6.68,6.68694571968674
20230713095005920,6.69,6.68,6.68694571968674
20230713095008260,6.69,6.68,6.68694571968674
20230713095008860,6.69,6.68,6.68694571968674
20230713095008870,6.69,6.68,6.68694571968674
20230713095009180,6.69,6.68,6.686952577689959
20230713095011090,6.69,6.68,6.686952577689959
20230713095013590,6.69,6.68,6.686953398581306
20230713095013710,6.69,6.68,6.686956131694626
20230713095013720,6.69,6.68,6.6869640300644235
20230713095013760,6.69,6.68,6.686977821323595
20230713095013870,6.69,6.68,6.686978897693883
20230713095014030,6.69,6.68,6.686978897693883
20230713095014360,6.69,6.68,6.686978897693883
20230713095014620,6.69,6.68,6.686978897693883
20230713095016310,6.69,6.68,6.686978897693883
20230713095016410,6.69,6.68,6.686978897693883
20230713095016530,6.69,6.68,6.686980779498131
20230713095016680,6.69,6.68,6.686985875455273
20230713095016730,6.69,6.68,6.686987748579545
20230713095016900,6.69,6.68,6.686987748579545
20230713095017020,6.69,6.68,6.686990954239092
20230713095017030,6.69,6.68,6.686990954239092
20230713095017120,6.69,6.68,6.68699415308292
20230713095018950,6.69,6.68,6.686996281869688
20230713095019090,6.69,6.68,6.686996281869688
20230713095019110,6.69,6.68,6.686996281869688
20230713095019470,6.69,6.68,6.686996281869688
20230713095019600,6.69,6.68,6.686996281869688
20230713095019990,6.69,6.68,6.686996281869688
20230713095021590,6.69,6.68,6.687003444316877
20230713095022090,6.69,6.68,6.687003973509934
20230713095022120,6.69,6.68,6.687010572687225
20230713095022530,6.69,6.68,6.687010572687225
20230713095022640,6.69,6.68,6.687011889035667
20230713095024260,6.69,6.68,6.687011889035667
20230713095024270,6.69,6.68,6.687011889035667
20230713095024290,6.69,6.68,6.687011889035667
20230713095024340,6.69,6.69,6.687011889035667
20230713095024350,6.69,6.69,6.687011889035667
20230713095024620,6.69,6.69,6.687027430982943
20230713095024730,6.69,6.69,6.687027430982943
20230713095025060,6.69,6.69,6.687027692307693
20230713095025070,6.69,6.69,6.687029781252745
20230713095025080,6.69,6.69,6.6870305638503424
20230713095025090,6.69,6.69,6.687036030507583
20230713095025110,6.69,6.68,6.687040959215824
20230713095025120,6.69,6.68,6.687040959215824
20230713095025130,6.69,6.68,6.687040959215824
20230713095025140,6.69,6.68,6.687040959215824
20230713095025150,6.69,6.68,6.687040959215824
20230713095025260,6.69,6.68,6.687040959215824
20230713095025330,6.69,6.68,6.687040959215824
20230713095025440,6.69,6.68,6.687040959215824
20230713095025470,6.69,6.68,6.687041994750656
20230713095027130,6.69,6.68,6.687041994750656
20230713095027240,6.69,6.68,6.687041994750656
20230713095027520,6.69,6.68,6.687041994750656
20230713095027600,6.69,6.68,6.687042253521127
20230713095027900,6.69,6.68,6.687046903659708
20230713095028060,6.69,6.68,6.687049223250131
20230713095028080,6.69,6.68,6.687050510337608
20230713095028120,6.69,6.68,6.6870144072209685
20230713095029680,6.69,6.68,6.6870144072209685
20230713095029890,6.69,6.68,6.687018288983271
20230713095030210,6.69,6.68,6.687020613199376
20230713095030400,6.69,6.68,6.687020613199376
20230713095030720,6.69,6.68,6.687020613199376
20230713095033120,6.69,6.68,6.6870252507782775
20230713095035490,6.69,6.68,6.687027564157954
20230713095035970,6.69,6.68,6.687028847814822
20230713095036050,6.69,6.68,6.687030899361298
20230713095036060,6.69,6.68,6.687030899361298
20230713095036100,6.69,6.68,6.687030899361298
20230713095038080,6.69,6.68,6.687032436162871
20230713095038330,6.69,6.68,6.687032436162871
20230713095038350,6.69,6.68,6.687032436162871
20230713095038400,6.69,6.68,6.687032436162871
20230713095038730,6.69,6.68,6.687036015853868
20230713095038800,6.69,6.68,6.687036015853868
20230713095038840,6.69,6.68,6.687036015853868
20230713095043460,6.69,6.68,6.687036015853868
20230713095046100,6.69,6.68,6.687036015853868
20230713095046160,6.69,6.68,6.687036015853868
20230713095046220,6.69,6.68,6.687036015853868
20230713095046600,6.69,6.69,6.687045435025337
20230713095046620,6.69,6.69,6.687045435025337
20230713095046680,6.69,6.69,6.687045688766747
20230713095046730,6.69,6.69,6.687045942464577
20230713095046770,6.69,6.69,6.687045942464577
20230713095046790,6.69,6.68,6.687046956820328
20230713095046810,6.69,6.68,6.687046956820328
20230713095046890,6.69,6.68,6.687046956820328
20230713095046910,6.69,6.68,6.687046956820328
20230713095047030,6.69,6.68,6.687046956820328
20230713095047050,6.69,6.68,6.687046956820328
20230713095049740,6.69,6.68,6.687046956820328
20230713095051700,6.69,6.68,6.687046956820328
20230713095052080,6.69,6.68,6.687046956820328
20230713095054250,6.69,6.68,6.687047210300429
20230713095054930,6.69,6.68,6.687047210300429
20230713095055170,6.69,6.68,6.687047210300429
20230713095100140,6.69,6.68,6.687047210300429
20230713095100220,6.69,6.68,6.687047210300429
20230713095102360,6.69,6.68,6.687047970479705
20230713095102820,6.69,6.68,6.687047970479705
20230713095103260,6.69,6.68,6.687047970479705
20230713095104880,6.69,6.68,6.687047970479705
20230713095105700,6.69,6.68,6.687047970479705
20230713095105830,6.69,7.3,6.687047970479705
20230713095108250,6.69,7.3,6.687047970479705
20230713095110650,6.69,7.3,6.687047970479705
20230713095111030,6.69,7.3,6.687047970479705
20230713095112910,6.69,7.3,6.687047970479705
20230713095113690,6.69,7.3,6.687047970479705
20230713095116360,6.69,6.69,6.687094103733739
20230713095116370,6.69,6.69,6.6871004720161835
20230713095116380,6.69,6.69,6.6871004720161835
20230713095116390,6.69,6.69,6.6871004720161835
20230713095116500,6.69,6.69,6.6871004720161835
20230713095116640,6.69,6.69,6.6871004720161835
20230713095116670,6.69,6.69,6.6871004720161835
20230713095116760,6.69,6.69,6.6871004720161835
20230713095118750,6.69,6.69,6.687113125209802
20230713095118760,6.69,6.69,6.687116754672702
20230713095118770,6.69,6.69,6.687116754672702
20230713095118780,6.69,6.69,6.687116754672702
20230713095119090,6.69,6.69,6.687116754672702
20230713095119140,6.69,6.69,6.68711615822997
20230713095121130,6.69,6.69,6.687118331798007
20230713095121490,6.69,6.69,6.687118331798007
20230713095121930,6.69,6.68,6.6870545273466675
20230713095122150,6.69,6.68,6.687057457922228
20230713095124050,6.69,6.69,6.687057457922228
20230713095124060,6.69,6.68,6.687057701873653
20230713095124410,6.69,6.68,6.687057701873653
20230713095124670,6.69,6.68,6.687057701873653
20230713095124690,6.69,6.68,6.687057701873653
20230713095126730,6.69,6.68,6.687057701873653
20230713095127150,6.69,6.68,6.687057701873653
20230713095127540,6.69,6.68,6.687057701873653
20230713095129530,6.69,6.68,6.687057701873653
20230713095129790,6.69,6.68,6.687057701873653
20230713095132730,6.69,6.68,6.687057701873653
20230713095132990,6.69,6.68,6.687057701873653
20230713095134710,6.69,6.68,6.687057701873653
20230713095135030,6.69,6.68,6.687057701873653
20230713095135100,6.69,6.68,6.687040647719762
20230713095137260,6.69,6.68,6.687034835727258
20230713095137300,6.69,6.68,6.687034835727258
20230713095137980,6.69,6.68,6.687034835727258
20230713095141050,6.69,6.68,6.687034835727258
20230713095143080,6.69,6.68,6.687037586547972
20230713095145680,6.69,6.68,6.687037586547972
20230713095146100,6.69,6.68,6.687037586547972
20230713095146420,6.69,6.68,6.687037586547972
20230713095148100,6.69,6.68,6.687037586547972
20230713095148600,6.69,6.68,6.687037586547972
20230713095149010,6.69,6.68,6.687037586547972
20230713095149050,6.69,6.68,6.687037586547972
20230713095151210,6.69,6.68,6.687037586547972
20230713095151360,6.69,6.68,6.687051439822791
20230713095151400,6.69,6.68,6.687051439822791
20230713095151420,6.69,6.68,6.6870255026974
20230713095151500,6.69,6.68,6.6870255026974
20230713095151660,6.69,6.68,6.6870255026974
20230713095151840,6.69,6.68,6.687025745811197
20230713095154090,6.69,6.68,6.68702866008002
20230713095156170,6.69,6.68,6.687030842036553
20230713095157210,6.69,6.68,6.6870318107667215
20230713095158900,6.69,6.68,6.6870318107667215
20230713095159190,6.69,6.68,6.6870318107667215
20230713095159890,6.69,6.68,6.6870318107667215
20230713095202070,6.69,6.68,6.687037609899056
20230713095202550,6.69,6.68,6.687037609899056
20230713095204610,6.69,6.68,6.687037609899056
20230713095205030,6.69,6.68,6.68703857421875
20230713095206920,6.69,6.68,6.68703857421875
20230713095207230,6.69,6.68,6.68703857421875
20230713095207480,6.69,6.68,6.687047224926972
20230713095210180,6.69,6.68,6.687047224926972
20230713095210240,6.69,6.68,6.6870500972762645
20230713095210460,6.69,6.68,6.6870500972762645
20230713095212450,6.69,6.68,6.6870500972762645
20230713095212490,6.69,6.68,6.6870500972762645
20230713095213060,6.69,6.68,6.687051053484603
20230713095215070,6.69,6.68,6.687051053484603
20230713095215320,6.69,6.68,6.687065559229095
20230713095215490,6.69,6.68,6.687078047213746
20230713095215760,6.69,6.68,6.687078047213746
20230713095215800,6.69,6.68,6.687078047213746
20230713095217730,6.69,6.68,6.687078047213746
20230713095221080,6.69,6.68,6.687078985390913
20230713095228630,6.69,6.68,6.687078985390913
20230713095228780,6.69,6.68,6.687078985390913
20230713095229180,6.69,6.68,6.687079922965816
20230713095232250,6.69,6.68,6.687079922965816
20230713095236770,6.69,6.68,6.687079922965816
20230713095237150,6.69,6.68,6.687080859939035
20230713095237580,6.69,6.68,6.687080859939035
20230713095237650,6.69,6.68,6.687080859939035
20230713095240050,6.69,6.68,6.687080859939035
20230713095244800,6.69,6.68,6.687080859939035
20230713095245170,6.69,6.68,6.687080859939035
20230713095245180,6.69,6.68,6.687081796311147
20230713095247830,6.69,6.68,6.687081796311147
20230713095248140,6.69,6.68,6.687081796311147
20230713095250380,6.69,6.68,6.687081796311147
20230713095250910,6.69,6.68,6.687082498196103
20230713095251160,6.69,6.68,6.6870807951266436
20230713095252910,6.69,6.68,6.6870807951266436
20230713095253010,6.69,6.68,6.6870807951266436
20230713095253030,6.69,6.68,6.6870807951266436
20230713095253220,6.69,6.68,6.687081730769231
20230713095253650,6.69,6.68,6.687072097303353
20230713095256570,6.69,6.68,6.687072097303353
20230713095256610,6.69,6.68,6.6870728
20230713095258960,6.69,6.68,6.6870728
20230713095259340,6.69,6.68,6.68707513988809
20230713095301240,6.69,6.68,6.687076074796228
20230713095301260,6.69,6.68,6.687078875938049
20230713095301580,6.69,6.68,6.687080274497287
20230713095301590,6.69,6.68,6.68708074038615
20230713095303670,6.69,6.68,6.68708074038615
20230713095304710,6.69,6.68,6.68708074038615
20230713095306720,6.69,6.68,6.68708097327483
20230713095307360,6.69,6.68,6.68708097327483
20230713095308990,6.69,6.68,6.68708097327483
20230713095309250,6.69,6.68,6.687081904458091
20230713095309410,6.69,6.68,6.687080775057811
20230713095312460,6.69,6.68,6.687080775057811
20230713095312700,6.69,6.68,6.687080775057811
20230713095317280,6.69,6.68,6.687081705858908
20230713095317410,6.69,6.68,6.687081705858908
20230713095317610,6.69,6.68,6.687081705858908
20230713095318180,6.69,6.68,6.687084030266826
20230713095320080,6.69,6.68,6.687084262503983
20230713095320210,6.69,6.68,6.687084262503983
20230713095320460,6.69,6.68,6.687084262503983
20230713095320660,6.69,6.68,6.68708843645618
20230713095322650,6.69,6.68,6.68708843645618
20230713095322930,6.69,6.68,6.68708843645618
20230713095325460,6.69,6.68,6.687089362378757
20230713095325900,6.69,6.68,6.687089362378757
20230713095325990,6.69,6.68,6.687089362378757
20230713095327930,6.69,6.68,6.687089362378757
20230713095328080,6.69,6.68,6.687089362378757
20230713095328380,6.69,6.68,6.687090287712605
20230713095328440,6.69,6.68,6.687090287712605
20230713095328900,6.69,6.68,6.687090287712605
20230713095329020,6.69,6.68,6.687089724231106
20230713095333430,6.69,6.68,6.687089724231106
20230713095333450,6.69,6.68,6.6870906490823865
20230713095334120,6.69,6.68,6.6870906490823865
20230713095334140,6.69,6.68,6.687093420112707
20230713095334450,6.69,6.68,6.687092857142857
20230713095338830,6.69,6.68,6.68709116876934
20230713095341330,6.69,6.68,6.6870920916950904
20230713095341970,6.69,6.68,6.6870920916950904
20230713095342100,6.69,6.68,6.687090966769768
20230713095347770,6.69,6.68,6.687092119866815
20230713095349570,6.69,6.68,6.687092119866815
20230713095352170,6.69,6.68,6.687094883573578
20230713095352590,6.69,6.68,6.687095113645363
20230713095353080,6.69,6.68,6.68709534368071
20230713095353170,6.69,6.68,6.68709534368071
20230713095354890,6.69,6.68,6.68709534368071
20230713095357690,6.69,6.68,6.6870999367488935
20230713095357860,6.69,6.68,6.6870999367488935
20230713095358020,6.69,6.68,6.6870999367488935
20230713095400820,6.69,6.68,6.6870999367488935
20230713095401240,6.69,6.68,6.6870999367488935
20230713095401310,6.69,6.68,6.687100853619981
20230713095401400,6.69,6.68,6.687101998893893
20230713095405850,6.69,6.68,6.687101998893893
20230713095406780,6.69,6.68,6.687101998893893
20230713095408640,6.69,6.68,6.687101998893893
20230713095409180,6.69,6.68,6.687101998893893
20230713095411150,6.69,6.68,6.687101998893893
20230713095414070,6.69,6.68,6.687101998893893
20230713095414550,6.69,6.68,6.687101998893893
20230713095416620,6.69,6.68,6.687101998893893
20230713095417150,6.69,6.68,6.687101998893893
20230713095419180,6.69,6.68,6.687101998893893
20230713095419380,6.69,6.68,6.687101998893893
20230713095422120,6.69,6.68,6.687101998893893
20230713095422620,6.69,6.68,6.687101998893893
20230713095422740,6.69,6.68,6.687101998893893
20230713095424570,6.69,6.68,6.687101998893893
20230713095424590,6.69,6.68,6.687101998893893
20230713095424930,6.69,6.68,6.687101998893893
20230713095425340,6.69,6.68,6.6871077117173945
20230713095430300,6.69,6.68,6.6871077117173945
20230713095432850,6.69,6.68,6.6871077117173945
20230713095433360,6.69,6.68,6.6871077117173945
