Timestamp,ask1,bid1,VWAP
20230606093000030,5.82,7.12,0.0
20230606093000040,5.82,7.12,0.0
20230606093000050,6.32,6.99,0.0
20230606093000060,6.43,6.6,6.45
20230606093000070,6.43,6.6,6.45
20230606093000080,6.43,6.59,6.45
20230606093000090,6.43,6.59,6.45
20230606093000100,6.43,6.59,6.45
20230606093000110,6.43,6.59,6.45
20230606093000120,6.43,6.59,6.45
20230606093000130,6.43,6.59,6.45
20230606093000380,6.43,6.59,6.45
20230606093000390,6.43,6.59,6.45
20230606093000400,6.43,6.59,6.45
20230606093000410,6.43,6.59,6.45
20230606093000430,6.43,6.59,6.45
20230606093000440,6.43,6.59,6.45
20230606093000450,6.43,6.59,6.45
20230606093000460,6.43,6.59,6.45
20230606093000470,6.43,6.59,6.45
20230606093000480,6.43,6.44,6.45
20230606093000490,6.43,6.44,6.45
20230606093000500,6.43,6.44,6.45
20230606093000510,6.43,6.44,6.45
20230606093000520,6.43,6.43,6.45
20230606093000540,6.43,6.43,6.45
20230606093000550,6.43,6.43,6.45
20230606093000560,6.43,6.43,6.45
20230606093000570,6.43,6.43,6.45
20230606093000580,6.43,6.43,6.45
20230606093000590,6.43,6.43,6.45
20230606093000600,6.43,6.43,6.45
20230606093001020,6.43,6.43,6.45
20230606093001030,6.43,6.43,6.45
20230606093001040,6.44,6.43,6.45
20230606093001070,6.45,6.43,6.45
20230606093001080,6.45,6.43,6.45
20230606093001090,6.45,6.43,6.443490099009901
20230606093001100,6.45,6.43,6.443490099009901
20230606093001140,6.45,6.43,6.443490099009901
20230606093001150,6.45,6.43,6.443490099009901
20230606093001160,6.45,6.43,6.443490099009901
20230606093001170,6.45,6.43,6.443490099009901
20230606093001220,6.45,6.43,6.443490099009901
20230606093001230,6.45,6.44,6.443490099009901
20230606093001240,6.45,6.44,6.443490099009901
20230606093001270,6.45,6.44,6.443490099009901
20230606093001280,6.45,6.43,6.443490099009901
20230606093001300,6.45,6.43,6.443490099009901
20230606093001310,6.45,6.43,6.443420427553444
20230606093001320,6.45,6.43,6.443420427553444
20230606093001330,6.45,6.43,6.443420427553444
20230606093001350,6.45,6.43,6.4435198135198135
20230606093001390,6.45,6.43,6.4435198135198135
20230606093001400,6.45,6.43,6.4435198135198135
20230606093001410,6.45,6.43,6.444744801512288
20230606093001530,6.45,6.43,6.444744801512288
20230606093001540,6.45,6.43,6.444744801512288
20230606093001550,6.45,6.43,6.444744801512288
20230606093001590,6.45,6.43,6.444744801512288
20230606093002450,6.45,6.44,6.444744801512288
20230606093002470,6.45,6.44,6.444744801512288
20230606093002490,6.45,6.44,6.444744801512288
20230606093002500,6.45,6.44,6.444744801512288
20230606093002510,6.45,6.44,6.444842300556586
20230606093002530,6.45,6.44,6.444851851851852
20230606093002540,6.45,6.44,6.444851851851852
20230606093002560,6.45,6.44,6.444899082568807
20230606093002620,6.45,6.44,6.444899082568807
20230606093002640,6.45,6.44,6.444899082568807
20230606093002670,6.45,6.44,6.444899082568807
20230606093002680,6.45,6.43,6.444899082568807
20230606093002720,6.45,6.43,6.4446896551724135
20230606093002750,6.45,6.43,6.4446896551724135
20230606093002780,6.45,6.43,6.4446896551724135
20230606093002790,6.45,6.43,6.4446896551724135
20230606093002810,6.45,6.43,6.4446896551724135
20230606093002830,6.45,6.43,6.4446896551724135
20230606093002850,6.45,6.43,6.4446896551724135
20230606093002860,6.45,6.43,6.4446896551724135
20230606093002880,6.45,6.43,6.4446896551724135
20230606093002900,6.45,6.43,6.4446896551724135
20230606093002910,6.45,6.43,6.4446896551724135
20230606093002920,6.45,6.43,6.4446896551724135
20230606093002930,6.45,6.43,6.4446896551724135
20230606093002960,6.45,6.43,6.4446896551724135
20230606093002980,6.45,6.43,6.4446896551724135
20230606093003010,6.45,6.43,6.4446896551724135
20230606093003070,6.45,6.43,6.4446896551724135
20230606093003100,6.45,6.43,6.4446896551724135
20230606093003110,6.45,6.43,6.4446896551724135
20230606093003140,6.45,6.43,6.4446896551724135
20230606093003150,6.45,6.43,6.4446896551724135
20230606093003170,6.45,6.43,6.444637436762226
20230606093003180,6.45,6.43,6.444637436762226
20230606093003200,6.45,6.43,6.444637436762226
20230606093003210,6.45,6.43,6.444637436762226
20230606093003250,6.45,6.43,6.444637436762226
20230606093003270,6.45,6.43,6.444637436762226
20230606093003280,6.45,6.43,6.444637436762226
20230606093003310,6.45,6.43,6.444637436762226
20230606093003360,6.45,6.43,6.444637436762226
20230606093003370,6.45,6.43,6.444637436762226
20230606093004940,6.45,6.43,6.444637436762226
20230606093004970,6.45,6.43,6.444682274247492
20230606093005040,6.45,6.43,6.444682274247492
20230606093005060,6.45,6.43,6.444682274247492
20230606093005090,6.45,6.43,6.444682274247492
20230606093005150,6.45,6.43,6.444682274247492
20230606093005310,6.45,6.43,6.444682274247492
20230606093005320,6.45,6.43,6.444682274247492
20230606093005600,6.45,6.43,6.444682274247492
20230606093005670,6.45,6.43,6.444682274247492
20230606093006150,6.45,6.43,6.444682274247492
20230606093006280,6.45,6.43,6.444682274247492
20230606093006570,6.45,6.43,6.444682274247492
20230606093006610,6.45,6.43,6.444682274247492
20230606093006750,6.45,6.43,6.44458064516129
20230606093006830,6.45,6.43,6.44458064516129
20230606093007000,6.45,6.43,6.44458064516129
20230606093007060,6.45,6.43,6.44458064516129
20230606093007090,6.45,6.43,6.44458064516129
20230606093007120,6.45,6.43,6.44444099378882
20230606093007160,6.45,6.44,6.44444099378882
20230606093007170,6.45,6.44,6.44444099378882
20230606093007290,6.45,6.44,6.44444099378882
20230606093007320,6.45,6.44,6.44444099378882
20230606093007390,6.45,6.44,6.44444099378882
20230606093007410,6.45,6.43,6.44444099378882
20230606093007420,6.45,6.43,6.44444099378882
20230606093007430,6.45,6.43,6.44444099378882
20230606093011330,6.45,6.43,6.44444099378882
20230606093012050,6.45,6.43,6.44444099378882
20230606093013070,6.44,6.43,6.44444099378882
20230606093013100,6.44,6.43,6.44444099378882
20230606093013130,6.44,6.43,6.44444099378882
20230606093013240,6.44,6.43,6.44444099378882
20230606093013890,6.44,6.43,6.44444099378882
20230606093016400,6.44,6.43,6.443795336787565
20230606093017030,6.44,6.43,6.443795336787565
20230606093019630,6.44,6.43,6.443795336787565
20230606093020040,6.44,6.43,6.443795336787565
20230606093022030,6.44,6.43,6.443795336787565
20230606093022040,6.44,6.43,6.443795336787565
20230606093022060,6.44,6.43,6.443795336787565
20230606093022230,6.44,6.43,6.443795336787565
20230606093022340,6.44,6.43,6.443795336787565
20230606093022570,6.44,6.43,6.443795336787565
20230606093022730,6.44,6.43,6.443795336787565
20230606093025230,6.44,6.43,6.443795336787565
20230606093025420,6.44,6.43,6.443795336787565
20230606093025580,6.44,6.43,6.442630331753555
20230606093025590,6.44,6.43,6.442630331753555
20230606093027110,6.44,6.43,6.442630331753555
20230606093027270,6.44,6.43,6.442141230068337
20230606093028060,6.44,6.43,6.442141230068337
20230606093028080,6.44,6.43,6.442141230068337
20230606093028150,6.44,6.43,6.442141230068337
20230606093028180,6.44,6.43,6.442141230068337
20230606093028200,6.44,6.43,6.442141230068337
20230606093028210,6.44,6.43,6.442141230068337
20230606093029880,6.44,6.43,6.442058823529412
20230606093029940,6.44,6.43,6.442058823529412
20230606093029980,6.44,6.43,6.442058823529412
20230606093030030,6.44,6.43,6.442058823529412
20230606093030050,6.44,6.43,6.441977528089888
20230606093030090,6.44,6.43,6.441977528089888
20230606093030210,6.44,6.43,6.441977528089888
20230606093030440,6.44,6.43,6.441977528089888
20230606093032710,6.44,6.43,6.441551724137931
20230606093032900,6.44,6.43,6.441551724137931
20230606093033090,6.44,6.43,6.441551724137931
20230606093033360,6.44,6.43,6.441551724137931
20230606093033380,6.44,6.43,6.441551724137931
20230606093033530,6.44,6.43,6.441551724137931
20230606093033550,6.44,6.43,6.441551724137931
20230606093033740,6.45,6.43,6.441551724137931
20230606093035630,6.45,6.43,6.441551724137931
20230606093035870,6.45,6.43,6.441551724137931
20230606093035930,6.45,6.43,6.441551724137931
20230606093036000,6.45,6.43,6.4413540621865595
20230606093036080,6.45,6.43,6.4413052011776255
20230606093036450,6.45,6.43,6.4413052011776255
20230606093038120,6.45,6.43,6.4413052011776255
20230606093038130,6.45,6.43,6.4413052011776255
20230606093038350,6.45,6.44,6.4413052011776255
20230606093038360,6.45,6.44,6.441303921568627
20230606093038980,6.45,6.44,6.441303921568627
20230606093039080,6.45,6.44,6.441303921568627
20230606093039090,6.45,6.44,6.441303921568627
20230606093039100,6.45,6.44,6.441303921568627
20230606093040690,6.45,6.44,6.441303921568627
20230606093040740,6.45,6.44,6.441303921568627
20230606093040860,6.45,6.44,6.441233766233767
20230606093040910,6.45,6.44,6.441233766233767
20230606093043300,6.45,6.44,6.441233766233767
20230606093043330,6.45,6.44,6.441233766233767
20230606093043460,6.45,6.44,6.441233766233767
20230606093043670,6.45,6.44,6.441201445347787
20230606093043850,6.45,6.44,6.44120036101083
20230606093043960,6.45,6.44,6.441196043165467
20230606093046010,6.45,6.44,6.441196043165467
20230606093046050,6.45,6.44,6.441194968553459
20230606093046070,6.45,6.44,6.441194968553459
20230606093046080,6.45,6.44,6.441194968553459
20230606093046360,6.45,6.44,6.441186440677966
20230606093046380,6.45,6.44,6.441186440677966
20230606093046870,6.45,6.44,6.441180124223602
20230606093046880,6.45,6.44,6.441165644171779
20230606093046980,6.45,6.44,6.441160558464223
20230606093047250,6.45,6.44,6.441160558464223
20230606093048940,6.45,6.44,6.441444256756757
20230606093049060,6.45,6.44,6.441444256756757
20230606093049100,6.45,6.44,6.441444256756757
20230606093049160,6.45,6.44,6.441444256756757
20230606093049770,6.45,6.44,6.4415228013029315
20230606093049960,6.45,6.44,6.4415228013029315
20230606093051500,6.45,6.44,6.4415228013029315
20230606093051750,6.45,6.44,6.4415228013029315
20230606093052150,6.45,6.44,6.4414924181963285
20230606093052180,6.45,6.44,6.441487669053301
20230606093052430,6.45,6.44,6.441482950039651
20230606093054250,6.45,6.44,6.441481774960381
20230606093054930,6.45,6.44,6.441481774960381
20230606093056820,6.45,6.44,6.441481774960381
20230606093056840,6.45,6.44,6.441480601741884
20230606093057270,6.45,6.44,6.441480601741884
20230606093057420,6.45,6.44,6.441480601741884
20230606093057600,6.45,6.44,6.441480601741884
20230606093057970,6.45,6.44,6.441480601741884
20230606093059590,6.45,6.44,6.441480601741884
20230606093059970,6.45,6.44,6.441480601741884
20230606093100110,6.45,6.44,6.441480601741884
20230606093100120,6.45,6.44,6.441480601741884
20230606093100320,6.45,6.44,6.441480601741884
20230606093100400,6.45,6.44,6.441478260869565
20230606093100610,6.45,6.44,6.441478260869565
20230606093102470,6.45,6.44,6.441478260869565
20230606093102720,6.45,6.44,6.441478260869565
20230606093103100,6.45,6.44,6.441466666666667
20230606093103130,6.45,6.44,6.441466666666667
20230606093103210,6.45,6.44,6.441341463414634
20230606093103220,6.45,6.44,6.441341463414634
20230606093105010,6.45,6.44,6.441341463414634
20230606093105050,6.45,6.44,6.441341463414634
20230606093105130,6.45,6.44,6.441341463414634
20230606093105250,6.45,6.44,6.441341463414634
20230606093105650,6.45,6.44,6.441341463414634
20230606093105660,6.45,6.44,6.441341463414634
20230606093105680,6.45,6.44,6.441341463414634
20230606093105900,6.45,6.44,6.441341463414634
20230606093105940,6.45,6.44,6.441341463414634
20230606093106060,6.45,6.44,6.441341463414634
20230606093106130,6.45,6.44,6.441341463414634
20230606093107610,6.45,6.44,6.441341463414634
20230606093107640,6.45,6.44,6.441341463414634
20230606093107650,6.45,6.44,6.441341463414634
20230606093107820,6.45,6.44,6.441341463414634
20230606093108030,6.45,6.44,6.441341463414634
20230606093108060,6.45,6.44,6.441341463414634
20230606093108070,6.45,6.44,6.441341463414634
20230606093108090,6.45,6.44,6.441341463414634
20230606093108100,6.45,6.44,6.441341463414634
20230606093108120,6.45,6.44,6.441341463414634
20230606093108130,6.45,6.44,6.441341463414634
20230606093108160,6.45,6.44,6.441341463414634
20230606093108590,6.45,6.44,6.441341463414634
20230606093108620,6.45,6.44,6.441341463414634
20230606093108630,6.45,6.44,6.441341463414634
20230606093108650,6.45,6.44,6.441341463414634
20230606093108670,6.45,6.44,6.441341463414634
20230606093108680,6.45,6.44,6.441341463414634
20230606093108690,6.45,6.44,6.441341463414634
20230606093110320,6.45,6.44,6.441341463414634
20230606093110330,6.45,6.44,6.441341463414634
20230606093110360,6.45,6.44,6.441341463414634
20230606093110490,6.45,6.44,6.441341463414634
20230606093110540,6.45,6.44,6.441341463414634
20230606093110570,6.45,6.44,6.441341463414634
20230606093111390,6.45,6.44,6.441341463414634
20230606093111550,6.45,6.44,6.441341463414634
20230606093113370,6.45,6.44,6.441341463414634
20230606093113610,6.45,6.44,6.441341463414634
20230606093113660,6.45,6.44,6.441341463414634
20230606093113750,6.45,6.44,6.441341463414634
20230606093113810,6.45,6.44,6.441341463414634
20230606093113920,6.45,6.45,6.441341463414634
20230606093113990,6.45,6.44,6.441341463414634
20230606093114140,6.45,6.44,6.441341463414634
20230606093115690,6.45,6.45,6.441341463414634
20230606093115700,6.45,6.45,6.441341463414634
20230606093115850,6.45,6.45,6.441341463414634
20230606093116010,6.45,6.45,6.441341463414634
20230606093118410,6.45,6.45,6.441341463414634
20230606093118580,6.45,6.45,6.441341463414634
20230606093119150,6.45,6.45,6.441341463414634
20230606093119190,6.45,6.45,6.441341463414634
20230606093119250,6.45,6.45,6.441341463414634
20230606093119280,6.45,6.45,6.441341463414634
20230606093119400,6.45,6.45,6.441341463414634
20230606093119460,6.45,6.45,6.441341463414634
20230606093121530,6.45,6.45,6.44188149053146
20230606093121640,6.45,6.45,6.44188149053146
20230606093121790,6.45,6.45,6.44188149053146
20230606093121900,6.45,6.45,6.44188149053146
20230606093122140,6.45,6.45,6.44188149053146
20230606093122200,6.45,6.45,6.44188149053146
20230606093122340,6.45,6.45,6.44188149053146
20230606093122350,6.45,6.45,6.44188149053146
20230606093123850,6.45,6.45,6.44188149053146
20230606093123880,6.45,6.45,6.44188149053146
20230606093124610,6.45,6.45,6.442046678635547
20230606093124810,6.45,6.45,6.442046678635547
20230606093126750,6.45,6.45,6.442046678635547
20230606093126810,6.45,6.45,6.442046678635547
20230606093126830,6.45,6.45,6.442046678635547
20230606093126840,6.45,6.45,6.442046678635547
20230606093126860,6.45,6.45,6.442046678635547
20230606093126980,6.45,6.45,6.442046678635547
20230606093127000,6.45,6.45,6.442046678635547
20230606093127150,6.45,6.45,6.442046678635547
20230606093127160,6.45,6.45,6.442046678635547
20230606093127600,6.45,6.45,6.442046678635547
20230606093127670,6.45,6.45,6.442046678635547
20230606093129430,6.45,6.45,6.442046678635547
20230606093129610,6.45,6.45,6.442046678635547
20230606093130000,6.45,6.45,6.442046678635547
20230606093130020,6.45,6.45,6.442046678635547
20230606093130320,6.45,6.45,6.442046678635547
20230606093131950,6.45,6.45,6.442046678635547
20230606093132100,6.45,6.45,6.442046678635547
20230606093132230,6.45,6.45,6.442046678635547
20230606093135470,6.45,6.44,6.442046678635547
20230606093135490,6.45,6.44,6.442046678635547
20230606093135520,6.45,6.44,6.442046678635547
20230606093135780,6.45,6.44,6.442046678635547
20230606093137340,6.45,6.44,6.442046678635547
20230606093137370,6.45,6.44,6.442046678635547
20230606093137980,6.45,6.44,6.442046678635547
20230606093138400,6.45,6.44,6.442046678635547
20230606093140280,6.45,6.44,6.442046678635547
20230606093140480,6.45,6.44,6.442046678635547
20230606093140550,6.45,6.44,6.442046678635547
20230606093140570,6.45,6.44,6.442046678635547
20230606093140970,6.45,6.44,6.442046678635547
20230606093141020,6.45,6.44,6.442046678635547
20230606093142690,6.45,6.44,6.442046678635547
20230606093143070,6.45,6.44,6.442046678635547
20230606093143110,6.45,6.44,6.442046678635547
20230606093143180,6.45,6.44,6.442046678635547
20230606093143270,6.45,6.44,6.442046678635547
20230606093143400,6.45,6.44,6.442725
20230606093143500,6.45,6.44,6.442725
20230606093143760,6.45,6.44,6.442725
20230606093145470,6.45,6.44,6.44272363818091
20230606093145700,6.45,6.44,6.44272363818091
20230606093145880,6.45,6.44,6.44272363818091
20230606093146140,6.45,6.44,6.44272363818091
20230606093146150,6.45,6.44,6.442722277722278
20230606093146210,6.45,6.44,6.442722277722278
20230606093146420,6.45,6.44,6.442722277722278
20230606093148200,6.45,6.44,6.442721834496511
20230606093148210,6.45,6.44,6.442721834496511
20230606093148520,6.45,6.44,6.442721834496511
20230606093148830,6.45,6.44,6.442721834496511
20230606093149230,6.45,6.44,6.442721834496511
20230606093149240,6.45,6.44,6.442721834496511
20230606093150820,6.45,6.44,6.442668292682927
20230606093150830,6.45,6.44,6.442668292682927
20230606093150960,6.45,6.44,6.4426437892701784
20230606093151260,6.45,6.44,6.4426425120772945
20230606093151580,6.45,6.44,6.4426425120772945
20230606093151710,6.45,6.44,6.442641236117818
20230606093152020,6.45,6.44,6.442634874759152
20230606093153680,6.44,6.44,6.442634874759152
20230606093153740,6.44,6.44,6.442634874759152
20230606093153870,6.44,6.44,6.442634874759152
20230606093153920,6.45,6.44,6.442587511825923
20230606093153930,6.45,6.44,6.442587511825923
20230606093154010,6.45,6.44,6.442587511825923
20230606093154030,6.45,6.44,6.442587511825923
20230606093154090,6.45,6.44,6.442587511825923
20230606093154730,6.45,6.44,6.442683720930233
20230606093156860,6.45,6.44,6.442683720930233
20230606093156900,6.45,6.44,6.442683720930233
20230606093157020,6.45,6.44,6.442683720930233
20230606093157230,6.45,6.44,6.442683720930233
20230606093157400,6.45,6.44,6.442683720930233
20230606093159040,6.45,6.44,6.442683720930233
20230606093159240,6.45,6.44,6.442683720930233
20230606093159350,6.45,6.44,6.442683720930233
20230606093159370,6.45,6.44,6.442683720930233
20230606093159380,6.45,6.44,6.442683720930233
20230606093159430,6.45,6.44,6.442683720930233
20230606093159940,6.45,6.44,6.442683720930233
20230606093159950,6.45,6.44,6.442683720930233
20230606093200090,6.45,6.44,6.442683720930233
20230606093201700,6.45,6.44,6.442683720930233
20230606093201950,6.45,6.44,6.442683720930233
20230606093202230,6.45,6.44,6.442683720930233
20230606093202550,6.45,6.44,6.442683720930233
20230606093204650,6.45,6.44,6.442683720930233
20230606093204970,6.45,6.44,6.442683720930233
20230606093205090,6.45,6.44,6.442578833693305
20230606093205400,6.45,6.44,6.442578833693305
20230606093207190,6.45,6.44,6.442578833693305
20230606093207220,6.45,6.44,6.442578833693305
20230606093207240,6.45,6.44,6.442578833693305
20230606093207250,6.45,6.44,6.442578833693305
20230606093207260,6.45,6.44,6.442578833693305
20230606093207270,6.45,6.44,6.442578833693305
20230606093207290,6.45,6.44,6.442578833693305
20230606093207320,6.45,6.44,6.442578833693305
20230606093207360,6.45,6.44,6.442578833693305
20230606093207640,6.45,6.44,6.442578833693305
20230606093207660,6.45,6.44,6.442578833693305
20230606093207710,6.45,6.44,6.442704883227176
20230606093207720,6.45,6.44,6.442704883227176
20230606093207740,6.45,6.44,6.442704883227176
20230606093207760,6.45,6.44,6.442704883227176
20230606093207830,6.45,6.44,6.442704883227176
20230606093208110,6.45,6.44,6.442704883227176
20230606093208140,6.45,6.44,6.442704883227176
20230606093208150,6.45,6.44,6.442704883227176
20230606093208210,6.45,6.44,6.442704883227176
20230606093208220,6.45,6.44,6.442704883227176
20230606093208240,6.45,6.44,6.442704883227176
20230606093209760,6.45,6.44,6.442704883227176
20230606093209770,6.45,6.44,6.442704883227176
20230606093209870,6.45,6.44,6.442704883227176
20230606093209930,6.45,6.44,6.442704883227176
20230606093210040,6.45,6.44,6.442704883227176
20230606093210060,6.45,6.44,6.442704883227176
20230606093210220,6.45,6.44,6.442704883227176
20230606093210450,6.45,6.44,6.442704883227176
20230606093210750,6.45,6.44,6.442704883227176
20230606093212740,6.45,6.44,6.442704883227176
20230606093212860,6.45,6.44,6.442704883227176
20230606093215360,6.45,6.44,6.442704883227176
20230606093215860,6.45,6.44,6.442704883227176
20230606093216020,6.45,6.44,6.442704883227176
20230606093218130,6.45,6.44,6.442842493847416
20230606093218490,6.45,6.44,6.442842493847416
20230606093218600,6.45,6.44,6.442842493847416
20230606093220660,6.45,6.44,6.442842493847416
20230606093220980,6.45,6.44,6.442842493847416
20230606093221370,6.45,6.44,6.442842493847416
20230606093221390,6.45,6.44,6.442842493847416
20230606093221490,6.45,6.44,6.442842493847416
20230606093223480,6.45,6.44,6.442842493847416
20230606093224010,6.45,6.44,6.442842493847416
20230606093224070,6.45,6.44,6.442842493847416
20230606093224090,6.45,6.44,6.442842493847416
20230606093224190,6.45,6.44,6.442842493847416
20230606093226540,6.45,6.44,6.442842493847416
20230606093226630,6.45,6.44,6.442842493847416
20230606093227030,6.45,6.44,6.442842493847416
20230606093228660,6.45,6.44,6.442842493847416
20230606093229440,6.45,6.44,6.442842493847416
20230606093229450,6.45,6.44,6.442842493847416
20230606093229570,6.45,6.44,6.442842493847416
20230606093229620,6.45,6.44,6.442842493847416
20230606093229630,6.45,6.44,6.442842493847416
20230606093231860,6.45,6.44,6.442842493847416
20230606093232050,6.45,6.44,6.442842493847416
20230606093233980,6.45,6.44,6.442842493847416
20230606093234050,6.45,6.44,6.442842493847416
20230606093234220,6.45,6.44,6.442842493847416
20230606093234780,6.45,6.44,6.442842493847416
20230606093235030,6.45,6.44,6.442842493847416
20230606093235100,6.45,6.44,6.442842493847416
20230606093236750,6.45,6.44,6.442842493847416
20230606093237080,6.45,6.44,6.442842493847416
20230606093237090,6.45,6.44,6.442842493847416
20230606093237190,6.45,6.44,6.442842493847416
20230606093237230,6.45,6.44,6.442842493847416
20230606093237300,6.45,6.44,6.442842493847416
20230606093237340,6.45,6.44,6.442842493847416
20230606093237720,6.45,6.44,6.442842493847416
20230606093239660,6.45,6.44,6.442842493847416
20230606093239670,6.45,6.44,6.442813996316759
20230606093240000,6.45,6.44,6.44291833030853
20230606093240270,6.45,6.44,6.442928597317869
20230606093242190,6.45,6.44,6.442966834895458
20230606093242230,6.45,6.44,6.442966834895458
20230606093242430,6.45,6.44,6.442883672039243
20230606093242700,6.45,6.44,6.442883672039243
20230606093242730,6.45,6.44,6.4428806440322015
20230606093242780,6.45,6.44,6.4428806440322015
20230606093242790,6.45,6.44,6.4428806440322015
20230606093242800,6.45,6.44,6.4428806440322015
20230606093242810,6.45,6.44,6.4428806440322015
20230606093242860,6.45,6.44,6.4428806440322015
20230606093242890,6.45,6.44,6.4428806440322015
20230606093242960,6.45,6.44,6.4428806440322015
20230606093243160,6.45,6.44,6.4428576388888885
20230606093243180,6.45,6.44,6.4428576388888885
20230606093243190,6.45,6.44,6.4428576388888885
20230606093245180,6.45,6.44,6.4428576388888885
20230606093245250,6.45,6.45,6.4428576388888885
20230606093245290,6.45,6.45,6.4428576388888885
20230606093245300,6.45,6.44,6.4428576388888885
20230606093245310,6.45,6.44,6.4428576388888885
20230606093245320,6.45,6.44,6.4428576388888885
20230606093245680,6.45,6.44,6.4428576388888885
20230606093245690,6.45,6.44,6.4428576388888885
20230606093245720,6.45,6.45,6.4428576388888885
20230606093245740,6.45,6.45,6.4428576388888885
20230606093245830,6.45,6.45,6.4428576388888885
20230606093245960,6.45,6.45,6.4428576388888885
20230606093250180,6.45,6.45,6.4428576388888885
20230606093250330,6.45,6.44,6.4428576388888885
20230606093250340,6.45,6.45,6.4428576388888885
20230606093250350,6.45,6.45,6.4428576388888885
20230606093250360,6.45,6.45,6.4428576388888885
20230606093250420,6.45,6.45,6.4428576388888885
20230606093251200,6.45,6.45,6.4428576388888885
20230606093251280,6.45,6.45,6.4428576388888885
20230606093251290,6.45,6.45,6.443323596234989
20230606093251300,6.45,6.45,6.443323596234989
20230606093251310,6.45,6.45,6.443323596234989
20230606093251320,6.45,6.45,6.443323596234989
20230606093251350,6.45,6.45,6.44333009079118
20230606093251380,6.45,6.45,6.44333009079118
20230606093252950,6.45,6.45,6.443334413480233
20230606093252980,6.45,6.45,6.443334413480233
20230606093253310,6.45,6.45,6.443334413480233
20230606093253330,6.45,6.45,6.443336572724328
20230606093253400,6.45,6.45,6.443336572724328
20230606093255810,6.45,6.45,6.443366655917446
20230606093256090,6.45,6.45,6.443368794326241
20230606093256320,6.45,6.45,6.443368794326241
20230606093256360,6.45,6.45,6.443368794326241
20230606093256590,6.45,6.45,6.443368794326241
20230606093258770,6.45,6.45,6.443368794326241
20230606093258880,6.45,6.45,6.443368794326241
20230606093258920,6.45,6.45,6.443368794326241
20230606093259010,6.45,6.45,6.443368794326241
20230606093259040,6.45,6.45,6.444151285930409
20230606093301000,6.45,6.45,6.444151285930409
20230606093301210,6.45,6.45,6.444151285930409
20230606093301240,6.45,6.45,6.444151285930409
20230606093301390,6.45,6.45,6.444151285930409
20230606093301740,6.45,6.45,6.444151285930409
20230606093301870,6.45,6.45,6.444151285930409
20230606093303960,6.45,6.45,6.444151285930409
20230606093304100,6.45,6.45,6.444151285930409
20230606093304260,6.45,6.45,6.444151285930409
20230606093304580,6.45,6.45,6.444151285930409
20230606093304750,6.45,6.45,6.444151285930409
20230606093304840,6.45,6.45,6.444151285930409
20230606093304880,6.45,6.45,6.444151285930409
20230606093307120,6.45,6.45,6.444151285930409
20230606093307150,6.45,6.45,6.444151285930409
20230606093307180,6.45,6.45,6.444151285930409
20230606093307210,6.45,6.45,6.444151285930409
20230606093307230,6.45,6.45,6.444151285930409
20230606093307240,6.45,6.45,6.444151285930409
20230606093307280,6.45,6.45,6.444151285930409
20230606093307330,6.45,6.45,6.444151285930409
20230606093307390,6.45,6.45,6.444151285930409
20230606093307420,6.45,6.45,6.444151285930409
20230606093307600,6.45,6.45,6.444151285930409
20230606093307630,6.45,6.45,6.444151285930409
20230606093309090,6.45,6.45,6.444151285930409
20230606093309110,6.45,6.45,6.444151285930409
20230606093309170,6.45,6.45,6.444151285930409
20230606093309300,6.45,6.45,6.444151285930409
20230606093309410,6.45,6.45,6.444151285930409
20230606093309670,6.45,6.45,6.444151285930409
20230606093309730,6.45,6.45,6.444151285930409
20230606093310210,6.45,6.45,6.444151285930409
20230606093310310,6.45,6.45,6.444151285930409
20230606093312030,6.45,6.45,6.444151285930409
20230606093312520,6.45,6.45,6.444151285930409
20230606093312560,6.45,6.45,6.444151285930409
20230606093312710,6.45,6.45,6.444151285930409
20230606093312800,6.45,6.45,6.444151285930409
20230606093312940,6.45,6.45,6.444151285930409
20230606093313030,6.45,6.45,6.444151285930409
20230606093314710,6.45,6.45,6.444151285930409
20230606093314740,6.45,6.45,6.444151285930409
20230606093314750,6.45,6.45,6.444151285930409
20230606093315440,6.45,6.45,6.444151285930409
20230606093315500,6.45,6.45,6.444151285930409
20230606093317260,6.45,6.45,6.444151285930409
20230606093317460,6.45,6.45,6.444151285930409
20230606093317540,6.45,6.45,6.444151285930409
20230606093317590,6.45,6.45,6.444151285930409
20230606093317680,6.45,6.45,6.444151285930409
20230606093318020,6.45,6.45,6.444151285930409
20230606093319880,6.45,6.45,6.444151285930409
20230606093320020,6.45,6.45,6.444151285930409
20230606093320230,6.45,6.44,6.44416810097533
20230606093320240,6.45,6.44,6.444163323782235
20230606093320530,6.45,6.44,6.444163323782235
20230606093320740,6.45,6.44,6.444163323782235
20230606093320810,6.45,6.44,6.444163323782235
20230606093323440,6.45,6.44,6.444163323782235
20230606093323480,6.45,6.44,6.444163323782235
20230606093323750,6.45,6.44,6.444163323782235
20230606093323810,6.45,6.44,6.444163323782235
20230606093326100,6.45,6.44,6.444163323782235
20230606093326130,6.45,6.44,6.444163323782235
20230606093326320,6.45,6.44,6.444357340720222
20230606093328280,6.45,6.44,6.444357340720222
20230606093328340,6.45,6.44,6.444357340720222
20230606093328400,6.45,6.44,6.444357340720222
20230606093328410,6.45,6.44,6.444357340720222
20230606093328660,6.45,6.44,6.444357340720222
20230606093328930,6.45,6.44,6.444357340720222
20230606093328970,6.45,6.44,6.444357340720222
20230606093330690,6.45,6.44,6.444357340720222
20230606093330800,6.45,6.44,6.44438683127572
20230606093330810,6.45,6.44,6.444385628085573
20230606093331190,6.45,6.44,6.444385628085573
20230606093331680,6.45,6.44,6.444385628085573
20230606093331840,6.45,6.44,6.444385628085573
20230606093333860,6.45,6.44,6.444385628085573
20230606093333880,6.45,6.44,6.444384425555251
20230606093333990,6.45,6.44,6.444051178109957
20230606093334070,6.45,6.44,6.4440368593789445
20230606093334080,6.45,6.44,6.444035840484604
20230606093334100,6.45,6.44,6.4440348221044665
20230606093334180,6.45,6.44,6.444033804238143
20230606093334190,6.45,6.44,6.444033804238143
20230606093334260,6.45,6.44,6.444033804238143
20230606093334390,6.45,6.44,6.444032786885246
20230606093334410,6.45,6.44,6.444032786885246
20230606093334530,6.45,6.44,6.444032786885246
20230606093337170,6.45,6.44,6.444028722600152
20230606093337200,6.45,6.44,6.444028722600152
20230606093337250,6.45,6.44,6.444028722600152
20230606093339050,6.45,6.44,6.444028722600152
20230606093339520,6.45,6.44,6.444028722600152
20230606093339670,6.45,6.44,6.444028722600152
20230606093339820,6.45,6.44,6.444028722600152
20230606093341860,6.45,6.44,6.444051680883091
20230606093341930,6.45,6.44,6.444051680883091
20230606093342050,6.45,6.44,6.444051680883091
20230606093342550,6.45,6.44,6.444051680883091
20230606093342620,6.45,6.44,6.4439641629847815
20230606093342670,6.45,6.44,6.4439641629847815
20230606093344390,6.45,6.44,6.4439641629847815
20230606093344430,6.45,6.44,6.4439641629847815
20230606093344600,6.45,6.44,6.4439641629847815
20230606093344860,6.45,6.44,6.4439641629847815
20230606093345130,6.45,6.44,6.4439641629847815
20230606093347060,6.45,6.44,6.4439641629847815
20230606093347180,6.45,6.44,6.4439641629847815
20230606093347280,6.45,6.44,6.443924665856622
20230606093347450,6.45,6.44,6.443924665856622
20230606093347800,6.45,6.44,6.443915151515151
20230606093348110,6.45,6.44,6.443899082568807
20230606093349770,6.45,6.44,6.443899082568807
20230606093349810,6.45,6.44,6.443899082568807
20230606093350280,6.45,6.44,6.443899082568807
20230606093350750,6.45,6.44,6.443899082568807
20230606093352500,6.45,6.44,6.443899082568807
20230606093352590,6.45,6.44,6.443888755116783
20230606093352600,6.45,6.44,6.443888755116783
20230606093352970,6.45,6.44,6.443888755116783
20230606093353440,6.45,6.44,6.443888755116783
20230606093355130,6.45,6.44,6.443888755116783
20230606093355550,6.45,6.44,6.443694806680393
20230606093355560,6.45,6.44,6.443693116853419
20230606093356210,6.45,6.44,6.443693116853419
20230606093358090,6.45,6.44,6.443696
20230606093358120,6.45,6.44,6.443696
20230606093358180,6.45,6.44,6.443696
20230606093358230,6.45,6.44,6.443697440585009
20230606093358490,6.45,6.44,6.443697440585009
20230606093358730,6.45,6.44,6.443697440585009
20230606093400600,6.45,6.44,6.443697440585009
20230606093400650,6.45,6.44,6.443697440585009
20230606093400820,6.45,6.44,6.443697440585009
20230606093400840,6.45,6.44,6.443697440585009
20230606093400950,6.45,6.44,6.443696595841901
20230606093401090,6.45,6.44,6.443696595841901
20230606093401190,6.45,6.44,6.443696595841901
20230606093401520,6.45,6.44,6.443696595841901
20230606093403610,6.45,6.44,6.443696595841901
20230606093403950,6.45,6.44,6.443708095781072
20230606093404240,6.45,6.44,6.443708095781072
20230606093404270,6.45,6.44,6.4437095303237575
20230606093405860,6.45,6.44,6.4437095303237575
20230606093406050,6.45,6.44,6.4437095303237575
20230606093406450,6.45,6.44,6.4437095303237575
20230606093406540,6.45,6.44,6.4437095303237575
20230606093406550,6.45,6.44,6.4437095303237575
20230606093406840,6.45,6.44,6.4437095303237575
20230606093406850,6.45,6.44,6.4437095303237575
20230606093408870,6.45,6.44,6.4437095303237575
20230606093408950,6.45,6.44,6.4437095303237575
20230606093408970,6.45,6.44,6.443707839562443
20230606093409080,6.45,6.44,6.443707839562443
20230606093409340,6.45,6.44,6.443707839562443
20230606093409630,6.45,6.44,6.443707839562443
20230606093411190,6.45,6.44,6.443706994759626
20230606093411230,6.45,6.44,6.443706994759626
20230606093411460,6.45,6.44,6.443706994759626
20230606093411800,6.45,6.44,6.443706994759626
20230606093412130,6.45,6.44,6.44372700431524
20230606093413890,6.45,6.44,6.44372700431524
20230606093414560,6.45,6.44,6.44372700431524
20230606093414590,6.45,6.44,6.44372700431524
20230606093414880,6.45,6.44,6.44372700431524
20230606093416610,6.45,6.44,6.44372700431524
20230606093417080,6.45,6.44,6.44372700431524
20230606093417120,6.45,6.44,6.44372700431524
20230606093417290,6.45,6.44,6.44372700431524
20230606093417640,6.45,6.44,6.443705962059621
20230606093417650,6.45,6.44,6.443705962059621
20230606093417760,6.45,6.44,6.443705962059621
20230606093419320,6.45,6.44,6.443705962059621
20230606093419500,6.45,6.44,6.443705962059621
20230606093420100,6.45,6.44,6.443705962059621
20230606093420110,6.45,6.44,6.443705962059621
20230606093422040,6.45,6.44,6.443705962059621
20230606093422150,6.45,6.44,6.443705962059621
20230606093422180,6.45,6.44,6.443705962059621
20230606093422220,6.45,6.44,6.443705962059621
20230606093425200,6.45,6.44,6.443706877113867
20230606093425240,6.45,6.44,6.443708295761947
20230606093425400,6.45,6.44,6.443708295761947
20230606093427400,6.45,6.44,6.443708295761947
20230606093427600,6.45,6.44,6.4437097137705655
20230606093428100,6.45,6.44,6.4437097137705655
20230606093428130,6.45,6.44,6.4437097137705655
20230606093428370,6.45,6.44,6.4437097137705655
20230606093428390,6.45,6.44,6.443712547871142
20230606093430330,6.45,6.44,6.443712547871142
20230606093430510,6.45,6.44,6.443701707097934
20230606093431210,6.45,6.44,6.443701707097934
20230606093433030,6.45,6.44,6.443701707097934
20230606093433970,6.45,6.44,6.443701707097934
20230606093435480,6.45,6.44,6.443695067264574
20230606093435510,6.45,6.44,6.443695067264574
20230606093435740,6.45,6.44,6.443715749610158
20230606093436340,6.45,6.44,6.443715749610158
20230606093436510,6.45,6.44,6.443715749610158
20230606093436710,6.45,6.44,6.443715749610158
20230606093438470,6.45,6.44,6.443715749610158
20230606093438510,6.45,6.44,6.443715749610158
20230606093441570,6.45,6.44,6.443715749610158
20230606093441580,6.45,6.44,6.443715749610158
20230606093442130,6.45,6.44,6.443715749610158
20230606093443600,6.45,6.44,6.44396388830569
20230606093443610,6.45,6.44,6.44396388830569
20230606093443950,6.45,6.44,6.44396388830569
20230606093444270,6.45,6.44,6.44396388830569
20230606093446440,6.45,6.44,6.44396388830569
20230606093447260,6.45,6.44,6.44396388830569
20230606093447300,6.45,6.44,6.44396388830569
20230606093449160,6.45,6.44,6.44396388830569
20230606093449240,6.45,6.44,6.44396388830569
20230606093449470,6.45,6.44,6.44396388830569
20230606093449870,6.45,6.44,6.44396388830569
20230606093450040,6.45,6.44,6.44396388830569
20230606093450050,6.45,6.44,6.44396388830569
20230606093450110,6.45,6.44,6.44396388830569
20230606093450230,6.45,6.44,6.44396388830569
20230606093451680,6.45,6.44,6.44396388830569
20230606093451940,6.45,6.44,6.44396388830569
20230606093452170,6.45,6.44,6.44396388830569
20230606093452670,6.45,6.44,6.44396388830569
20230606093452680,6.45,6.44,6.44396388830569
20230606093454720,6.45,6.44,6.44396388830569
20230606093455600,6.45,6.44,6.44396388830569
20230606093457830,6.45,6.44,6.44396388830569
20230606093457900,6.45,6.44,6.44396388830569
20230606093458030,6.45,6.44,6.44396388830569
20230606093458180,6.45,6.44,6.44396388830569
20230606093458200,6.45,6.44,6.44396388830569
20230606093458230,6.45,6.44,6.44396388830569
20230606093459830,6.45,6.44,6.44396388830569
20230606093459950,6.45,6.44,6.44396388830569
20230606093500230,6.45,6.44,6.44396388830569
20230606093500370,6.45,6.44,6.443726975383027
20230606093500390,6.45,6.44,6.443726975383027
20230606093500410,6.45,6.44,6.443726975383027
20230606093500430,6.45,6.44,6.443726975383027
20230606093500460,6.45,6.44,6.443726975383027
20230606093500550,6.45,6.44,6.443726975383027
20230606093500630,6.45,6.44,6.443726975383027
20230606093500820,6.45,6.44,6.443726975383027
20230606093500840,6.45,6.44,6.443726975383027
20230606093500860,6.45,6.44,6.443726975383027
20230606093503220,6.45,6.44,6.443726975383027
20230606093503290,6.45,6.44,6.443726975383027
20230606093503500,6.45,6.44,6.443723770209838
20230606093505190,6.45,6.44,6.443723770209838
20230606093505260,6.45,6.44,6.443723770209838
20230606093505270,6.45,6.44,6.443723770209838
20230606093505310,6.45,6.44,6.443723770209838
20230606093505700,6.45,6.44,6.443723770209838
20230606093505730,6.45,6.44,6.443723770209838
20230606093506070,6.45,6.44,6.443714236765461
20230606093506230,6.45,6.44,6.443704083376047
20230606093506280,6.45,6.44,6.443704083376047
20230606093506320,6.45,6.44,6.443704083376047
20230606093506380,6.45,6.44,6.443704083376047
20230606093506400,6.45,6.44,6.443704083376047
20230606093508160,6.45,6.44,6.4437034506320465
20230606093508420,6.45,6.44,6.4437034506320465
20230606093508510,6.45,6.44,6.4437034506320465
20230606093508660,6.45,6.44,6.4437034506320465
20230606093508760,6.45,6.44,6.4437034506320465
20230606093508870,6.45,6.44,6.4437034506320465
20230606093508920,6.45,6.44,6.4437034506320465
20230606093508950,6.45,6.44,6.4437034506320465
20230606093508970,6.45,6.44,6.4437034506320465
20230606093510850,6.45,6.44,6.4437034506320465
20230606093511240,6.45,6.44,6.443707558437127
20230606093511370,6.45,6.44,6.443707558437127
20230606093511440,6.45,6.44,6.443706925963835
20230606093511540,6.45,6.44,6.443706925963835
20230606093511560,6.45,6.44,6.443706925963835
20230606093511680,6.45,6.44,6.443706925963835
20230606093513360,6.45,6.44,6.443706925963835
20230606093513480,6.45,6.44,6.443706925963835
20230606093513530,6.45,6.44,6.44369746469287
20230606093513670,6.45,6.44,6.44369746469287
20230606093513870,6.45,6.44,6.443692438402719
20230606093515990,6.45,6.44,6.443692438402719
20230606093516120,6.45,6.44,6.443692438402719
20230606093516190,6.45,6.44,6.443692438402719
20230606093516210,6.45,6.44,6.443692438402719
20230606093516430,6.45,6.44,6.443692438402719
20230606093516910,6.45,6.44,6.443692438402719
20230606093517150,6.45,6.44,6.443692438402719
20230606093517160,6.45,6.44,6.443692438402719
20230606093518780,6.45,6.44,6.443779840848807
20230606093518820,6.45,6.44,6.443779840848807
20230606093518850,6.45,6.44,6.443779840848807
20230606093519000,6.45,6.44,6.443779840848807
20230606093519250,6.45,6.44,6.443779840848807
20230606093519310,6.45,6.44,6.443779840848807
20230606093519320,6.45,6.44,6.443779840848807
20230606093519490,6.45,6.44,6.443779840848807
20230606093521470,6.45,6.44,6.443779840848807
20230606093521630,6.45,6.44,6.443779840848807
20230606093521670,6.45,6.44,6.443779840848807
20230606093521930,6.45,6.44,6.443779840848807
20230606093522070,6.45,6.44,6.443779840848807
20230606093522090,6.45,6.44,6.443779840848807
20230606093522100,6.45,6.44,6.443779840848807
20230606093522290,6.45,6.44,6.443779840848807
20230606093522390,6.45,6.44,6.443779840848807
20230606093522460,6.45,6.44,6.443779840848807
20230606093522470,6.45,6.44,6.443779840848807
20230606093522480,6.45,6.44,6.443779840848807
20230606093522520,6.45,6.44,6.443779840848807
20230606093522600,6.45,6.44,6.443779840848807
20230606093524580,6.45,6.44,6.443779840848807
20230606093524610,6.45,6.44,6.443779840848807
20230606093524630,6.45,6.44,6.443779840848807
20230606093524640,6.45,6.44,6.443779840848807
20230606093524650,6.45,6.44,6.443779840848807
20230606093524660,6.45,6.44,6.443779840848807
20230606093524680,6.45,6.44,6.443779840848807
20230606093524980,6.45,6.44,6.443779840848807
20230606093525080,6.45,6.44,6.443779840848807
20230606093525090,6.45,6.44,6.443779840848807
20230606093525100,6.45,6.44,6.443779840848807
20230606093525290,6.45,6.44,6.443854421104055
20230606093527600,6.45,6.44,6.443854421104055
20230606093529910,6.45,6.44,6.443854421104055
20230606093530050,6.45,6.44,6.443860419716935
20230606093530180,6.45,6.44,6.443860419716935
20230606093530210,6.45,6.44,6.443860419716935
20230606093530300,6.45,6.44,6.443860419716935
20230606093530390,6.45,6.44,6.443860419716935
20230606093530420,6.45,6.44,6.443860419716935
20230606093530540,6.45,6.44,6.443860419716935
20230606093530550,6.45,6.44,6.443860419716935
20230606093530560,6.45,6.44,6.443881042059008
20230606093530600,6.45,6.44,6.443881042059008
20230606093530720,6.45,6.44,6.4438628553577
20230606093532270,6.45,6.44,6.4438628553577
20230606093532610,6.45,6.44,6.4438628553577
20230606093534920,6.45,6.44,6.4438628553577
20230606093535030,6.45,6.44,6.4438628553577
20230606093535730,6.45,6.44,6.4438628553577
20230606093536020,6.45,6.44,6.4438628553577
20230606093538110,6.45,6.44,6.4438628553577
20230606093540300,6.45,6.44,6.443795855717575
20230606093540310,6.45,6.44,6.443795855717575
20230606093540440,6.45,6.44,6.443795855717575
20230606093540620,6.45,6.44,6.443795855717575
20230606093540830,6.45,6.44,6.443795855717575
20230606093541040,6.45,6.44,6.443795855717575
20230606093541160,6.45,6.44,6.443795855717575
20230606093541230,6.45,6.44,6.443795855717575
20230606093542980,6.45,6.44,6.443795855717575
20230606093543210,6.45,6.44,6.443795855717575
20230606093543250,6.45,6.44,6.443795855717575
20230606093543320,6.45,6.44,6.443789505519431
20230606093543370,6.45,6.44,6.443789505519431
20230606093543400,6.45,6.44,6.443789505519431
20230606093543650,6.45,6.44,6.443789505519431
20230606093543720,6.45,6.44,6.443789505519431
20230606093543870,6.45,6.44,6.443789505519431
20230606093543940,6.45,6.44,6.443789505519431
20230606093545830,6.45,6.44,6.443703648988033
20230606093545860,6.45,6.44,6.443800727272727
20230606093545990,6.45,6.44,6.443800727272727
20230606093546100,6.45,6.44,6.443800727272727
20230606093546650,6.45,6.44,6.443800727272727
20230606093548360,6.45,6.44,6.443800727272727
20230606093548420,6.45,6.44,6.4438517022504325
20230606093548470,6.45,6.44,6.4438517022504325
20230606093548480,6.45,6.44,6.4438517022504325
20230606093548490,6.45,6.44,6.4438517022504325
20230606093548530,6.45,6.44,6.4438517022504325
20230606093548550,6.45,6.44,6.4438517022504325
20230606093548870,6.45,6.44,6.4438517022504325
20230606093548880,6.45,6.44,6.4438517022504325
20230606093549200,6.45,6.44,6.4438517022504325
20230606093551660,6.45,6.44,6.443851146689744
20230606093551800,6.45,6.44,6.443851146689744
20230606093551960,6.45,6.44,6.443851146689744
20230606093552180,6.45,6.44,6.443850591289299
20230606093552210,6.45,6.44,6.443870921374155
20230606093552240,6.45,6.44,6.443870365047427
20230606093554210,6.45,6.44,6.443870365047427
20230606093554380,6.45,6.44,6.443870365047427
20230606093554480,6.45,6.44,6.443870365047427
20230606093554610,6.45,6.44,6.443870365047427
20230606093556590,6.45,6.44,6.443870365047427
20230606093557220,6.45,6.44,6.443870365047427
20230606093557300,6.45,6.44,6.443870365047427
20230606093557360,6.45,6.44,6.443870365047427
20230606093559640,6.45,6.44,6.443870365047427
20230606093600170,6.45,6.44,6.443840559041643
20230606093600210,6.44,6.44,6.443840559041643
20230606093600220,6.45,6.44,6.443817692089595
20230606093600230,6.45,6.44,6.443817692089595
20230606093600240,6.45,6.44,6.443817692089595
20230606093600400,6.45,6.44,6.443817692089595
20230606093600420,6.45,6.44,6.443817692089595
20230606093602040,6.45,6.44,6.443817692089595
20230606093602080,6.44,6.44,6.443817692089595
20230606093602250,6.44,6.44,6.443817692089595
20230606093602280,6.44,6.44,6.443817692089595
20230606093602290,6.44,6.44,6.443817692089595
20230606093602320,6.44,6.44,6.443817692089595
20230606093602340,6.44,6.44,6.443817692089595
20230606093602500,6.44,6.44,6.443817692089595
20230606093602530,6.44,6.44,6.443817692089595
20230606093602540,6.44,6.44,6.443817692089595
20230606093602800,6.44,6.44,6.443817692089595
20230606093602880,6.44,6.44,6.443817692089595
20230606093604540,6.44,6.44,6.443817692089595
20230606093604750,6.44,6.44,6.443817692089595
20230606093605330,6.44,6.44,6.443833757421544
20230606093605360,6.44,6.44,6.443833757421544
20230606093607290,6.44,6.44,6.443833757421544
20230606093607310,6.44,6.44,6.443833757421544
20230606093607830,6.44,6.44,6.443833757421544
20230606093607860,6.44,6.44,6.443833757421544
20230606093607890,6.44,6.44,6.443833757421544
20230606093610350,6.44,6.44,6.443833757421544
20230606093610370,6.44,6.44,6.443833757421544
20230606093610510,6.44,6.44,6.443833757421544
20230606093610520,6.44,6.44,6.443833757421544
20230606093610730,6.44,6.44,6.443833757421544
20230606093610920,6.44,6.44,6.443833757421544
20230606093611110,6.44,6.44,6.443833757421544
20230606093612710,6.44,6.44,6.443826516220028
20230606093612720,6.44,6.44,6.443826516220028
20230606093612810,6.44,6.44,6.443826516220028
20230606093613810,6.44,6.44,6.443826516220028
20230606093613850,6.44,6.44,6.443826516220028
20230606093615550,6.44,6.44,6.443826516220028
20230606093616120,6.44,6.44,6.443826516220028
20230606093616580,6.44,6.44,6.443826516220028
20230606093618410,6.44,6.44,6.443826516220028
20230606093619180,6.44,6.44,6.443826516220028
20230606093619200,6.44,6.44,6.443826516220028
20230606093620790,6.44,6.44,6.443826516220028
20230606093620950,6.44,6.44,6.443826516220028
20230606093621740,6.44,6.44,6.443826516220028
20230606093621840,6.44,6.44,6.443826516220028
20230606093621870,6.44,6.44,6.443826516220028
20230606093623710,6.44,6.44,6.443830265561332
20230606093623970,6.44,6.44,6.443830265561332
20230606093624410,6.44,6.44,6.443830265561332
20230606093624480,6.44,6.44,6.443830265561332
20230606093624690,6.44,6.44,6.443830265561332
20230606093626270,6.44,6.44,6.443830265561332
20230606093626580,6.44,6.44,6.443830265561332
20230606093626750,6.44,6.44,6.443829189492907
20230606093627060,6.44,6.44,6.443829189492907
20230606093627090,6.44,6.44,6.443829189492907
20230606093627210,6.44,6.44,6.443829189492907
20230606093627230,6.44,6.44,6.443829189492907
20230606093627240,6.44,6.44,6.443829189492907
20230606093629060,6.44,6.44,6.443829189492907
20230606093629070,6.44,6.44,6.443829189492907
20230606093629120,6.44,6.44,6.443829189492907
20230606093629140,6.44,6.44,6.443829189492907
20230606093629170,6.44,6.44,6.443829189492907
20230606093629570,6.44,6.44,6.443829189492907
20230606093630070,6.44,6.44,6.443829189492907
20230606093632280,6.44,6.44,6.443829189492907
20230606093632360,6.44,6.44,6.443754125412541
20230606093632370,6.44,6.44,6.4437536092396535
20230606093632380,6.44,6.44,6.443753093208689
20230606093632410,6.44,6.44,6.443753093208689
20230606093632440,6.44,6.44,6.443753093208689
20230606093632810,6.44,6.44,6.443744342339871
20230606093634380,6.44,6.44,6.443716814159292
20230606093634780,6.44,6.44,6.443716814159292
20230606093635070,6.44,6.44,6.443716814159292
20230606093635080,6.44,6.44,6.443716814159292
20230606093635100,6.44,6.44,6.443716814159292
20230606093635110,6.44,6.44,6.443716814159292
20230606093635140,6.44,6.44,6.443716814159292
20230606093635290,6.44,6.44,6.443716814159292
20230606093637100,6.44,6.44,6.443716814159292
20230606093637110,6.44,6.44,6.443716814159292
20230606093637120,6.44,6.44,6.4436986858149305
20230606093637130,6.44,6.44,6.443697683868346
20230606093637300,6.44,6.44,6.443697683868346
20230606093637410,6.44,6.44,6.443696682464455
20230606093638070,6.44,6.44,6.443696682464455
20230606093640800,6.44,6.44,6.443696682464455
20230606093640830,6.44,6.44,6.443696682464455
20230606093642510,6.44,6.44,6.443696682464455
20230606093642520,6.44,6.44,6.443696682464455
20230606093642770,6.44,6.44,6.443696682464455
20230606093642820,6.44,6.44,6.443696682464455
20230606093643020,6.44,6.44,6.443696682464455
20230606093643430,6.44,6.44,6.443696682464455
20230606093643440,6.44,6.44,6.443696682464455
20230606093648010,6.44,6.44,6.443696682464455
20230606093648730,6.44,6.44,6.443696682464455
20230606093648820,6.44,6.44,6.443696682464455
20230606093650810,6.44,6.44,6.443696682464455
20230606093651170,6.44,6.44,6.443696682464455
20230606093651430,6.44,6.44,6.443696682464455
20230606093651500,6.44,6.44,6.443696682464455
20230606093653210,6.44,6.44,6.443696682464455
20230606093653470,6.44,6.44,6.443696682464455
20230606093655890,6.44,6.44,6.443696682464455
20230606093656030,6.44,6.44,6.443696682464455
20230606093656100,6.44,6.44,6.443637574950033
20230606093656320,6.44,6.44,6.443637574950033
20230606093656380,6.44,6.44,6.443637574950033
20230606093656680,6.44,6.44,6.443603009106506
20230606093656850,6.44,6.44,6.443603009106506
20230606093657020,6.44,6.44,6.443603009106506
20230606093658590,6.44,6.44,6.443603009106506
20230606093658690,6.44,6.44,6.443603009106506
20230606093658840,6.44,6.44,6.443603009106506
20230606093659460,6.44,6.44,6.443603009106506
20230606093659540,6.44,6.44,6.443603009106506
20230606093659660,6.44,6.44,6.443606212161095
20230606093659770,6.44,6.44,6.443606212161095
20230606093701420,6.44,6.44,6.443606212161095
20230606093701930,6.44,6.44,6.443606212161095
20230606093702460,6.44,6.44,6.443606212161095
20230606093704140,6.44,6.44,6.443606212161095
20230606093704240,6.44,6.44,6.443606212161095
20230606093704250,6.44,6.44,6.443606212161095
20230606093704730,6.44,6.44,6.443606212161095
20230606093704820,6.44,6.44,6.443606212161095
20230606093704940,6.44,6.44,6.443606212161095
20230606093705180,6.44,6.44,6.443606212161095
20230606093706800,6.44,6.44,6.443606212161095
20230606093706810,6.44,6.44,6.443606212161095
20230606093706940,6.44,6.44,6.443606212161095
20230606093707070,6.44,6.44,6.443608166470358
20230606093707100,6.44,6.44,6.443608166470358
20230606093707130,6.44,6.44,6.443608166470358
20230606093707190,6.44,6.44,6.443608166470358
20230606093707660,6.44,6.44,6.443608166470358
20230606093707780,6.44,6.44,6.443608166470358
20230606093709360,6.44,6.44,6.443608166470358
20230606093709380,6.44,6.44,6.443607222294911
20230606093710020,6.44,6.44,6.443607222294911
20230606093710120,6.44,6.44,6.443607222294911
20230606093710230,6.44,6.44,6.4435169546576585
20230606093710360,6.44,6.44,6.4435169546576585
20230606093710370,6.44,6.44,6.443512568022804
20230606093710390,6.44,6.44,6.443512568022804
20230606093710400,6.44,6.44,6.443512568022804
20230606093710420,6.44,6.44,6.443512568022804
20230606093710440,6.44,6.44,6.443512568022804
20230606093710460,6.44,6.44,6.443509839461419
20230606093712180,6.44,6.44,6.443509839461419
20230606093712950,6.45,6.44,6.443509839461419
20230606093713160,6.45,6.44,6.443509839461419
20230606093713200,6.45,6.44,6.443509839461419
20230606093713210,6.45,6.44,6.443509839461419
20230606093713230,6.45,6.44,6.443509839461419
20230606093713260,6.45,6.44,6.443509839461419
20230606093715330,6.45,6.43,6.441326420393174
20230606093715340,6.44,6.43,6.441326420393174
20230606093715370,6.44,6.43,6.441269210102096
20230606093715390,6.44,6.43,6.441269210102096
20230606093717460,6.44,6.43,6.441269210102096
20230606093717550,6.44,6.43,6.441269210102096
20230606093717620,6.44,6.43,6.441267999140339
20230606093717750,6.44,6.43,6.441267999140339
20230606093717840,6.44,6.43,6.441267999140339
20230606093717980,6.44,6.43,6.441267999140339
20230606093720550,6.44,6.43,6.441267999140339
20230606093721200,6.44,6.43,6.441267999140339
20230606093721220,6.44,6.43,6.441267999140339
20230606093721340,6.44,6.43,6.441267999140339
20230606093723430,6.44,6.43,6.441267999140339
20230606093723770,6.44,6.43,6.441267999140339
20230606093725830,6.44,6.43,6.441267999140339
20230606093725930,6.44,6.43,6.441267999140339
20230606093726050,6.44,6.43,6.441261948233272
20230606093726190,6.44,6.43,6.441261948233272
20230606093726230,6.44,6.43,6.441261948233272
20230606093726460,6.44,6.43,6.441261948233272
20230606093726490,6.44,6.43,6.441261948233272
20230606093726740,6.44,6.43,6.441261948233272
20230606093728400,6.44,6.43,6.441261948233272
20230606093728450,6.44,6.43,6.441261948233272
20230606093728700,6.44,6.43,6.441261948233272
20230606093728900,6.44,6.43,6.441261948233272
20230606093729070,6.44,6.43,6.441255476012395
20230606093729310,6.44,6.43,6.441255476012395
20230606093729340,6.44,6.43,6.4412362666666665
20230606093729470,6.44,6.43,6.4412362666666665
20230606093731020,6.44,6.43,6.4412362666666665
20230606093731180,6.44,6.43,6.4412232189973615
20230606093731240,6.44,6.43,6.4412232189973615
20230606093731430,6.44,6.43,6.4412232189973615
20230606093731630,6.44,6.43,6.4412232189973615
20230606093731740,6.44,6.43,6.441218589002208
20230606093731840,6.44,6.43,6.441218589002208
20230606093732140,6.44,6.43,6.441195047738957
20230606093732210,6.44,6.43,6.441195047738957
20230606093733730,6.44,6.43,6.441195047738957
20230606093733770,6.44,6.43,6.441195047738957
20230606093734240,6.44,6.43,6.441195047738957
20230606093734310,6.44,6.43,6.441195047738957
20230606093734330,6.44,6.43,6.441195047738957
20230606093734760,6.44,6.43,6.441195047738957
20230606093736650,6.44,6.43,6.441195047738957
20230606093736690,6.44,6.43,6.441190351337179
20230606093737300,6.44,6.43,6.441190351337179
20230606093737370,6.44,6.43,6.441190351337179
20230606093737400,6.44,6.43,6.44118800461361
20230606093739800,6.44,6.43,6.44118800461361
20230606093740240,6.44,6.43,6.441186831620885
20230606093742060,6.44,6.43,6.441179798826488
20230606093742550,6.44,6.43,6.441179798826488
20230606093742930,6.44,6.43,6.441179798826488
20230606093744530,6.44,6.43,6.441179798826488
20230606093744780,6.44,6.43,6.441179798826488
20230606093744860,6.44,6.43,6.441179798826488
20230606093745060,6.44,6.43,6.441179798826488
20230606093745100,6.44,6.44,6.44117967522263
20230606093745150,6.44,6.44,6.44117967522263
20230606093745160,6.44,6.44,6.44117967522263
20230606093745210,6.44,6.44,6.44117967522263
20230606093745470,6.44,6.43,6.441163301600586
20230606093745600,6.44,6.43,6.441163301600586
20230606093749950,6.44,6.43,6.441163301600586
20230606093750300,6.44,6.43,6.441163301600586
20230606093750330,6.44,6.43,6.441163301600586
20230606093750520,6.44,6.43,6.441163301600586
20230606093753280,6.44,6.43,6.441099438319118
20230606093753640,6.44,6.43,6.441099438319118
20230606093755560,6.44,6.43,6.441099438319118
20230606093755900,6.44,6.43,6.441093668780539
20230606093755920,6.44,6.43,6.441093668780539
20230606093756340,6.44,6.43,6.441093668780539
20230606093758110,6.44,6.43,6.441091362644216
20230606093758160,6.44,6.43,6.441091362644216
20230606093758340,6.44,6.43,6.441091362644216
20230606093758600,6.44,6.43,6.441091362644216
20230606093758830,6.44,6.43,6.441011247549272
20230606093800740,6.44,6.43,6.441011247549272
20230606093800890,6.44,6.43,6.4409964962901896
20230606093801460,6.44,6.43,6.4409964962901896
20230606093801830,6.44,6.43,6.4409815265935855
20230606093803910,6.44,6.43,6.4409815265935855
20230606093804110,6.44,6.43,6.4409815265935855
20230606093806240,6.44,6.43,6.4409815265935855
20230606093806250,6.44,6.43,6.4409815265935855
20230606093806280,6.44,6.43,6.4409815265935855
20230606093806420,6.44,6.43,6.4409815265935855
20230606093806650,6.44,6.43,6.440970391401338
20230606093808770,6.44,6.43,6.440960389018336
20230606093808780,6.44,6.43,6.440958168743037
20230606093808920,6.44,6.43,6.440958168743037
20230606093808930,6.44,6.43,6.440958168743037
20230606093809380,6.44,6.43,6.440958168743037
20230606093811550,6.44,6.43,6.440958168743037
20230606093811840,6.44,6.43,6.440958168743037
20230606093811860,6.44,6.43,6.440958168743037
20230606093812070,6.44,6.43,6.440958168743037
20230606093812180,6.44,6.43,6.440958168743037
20230606093812650,6.44,6.43,6.440958168743037
20230606093812680,6.44,6.43,6.440949296629896
20230606093814970,6.44,6.43,6.440850466352422
20230606093815020,6.44,6.43,6.440850466352422
20230606093815110,6.44,6.43,6.440850466352422
20230606093817060,6.44,6.43,6.440850466352422
20230606093817910,6.44,6.43,6.440564398008007
20230606093818070,6.44,6.43,6.440564398008007
20230606093820070,6.44,6.43,6.440375947060516
20230606093820120,6.44,6.43,6.440375947060516
20230606093820180,6.44,6.43,6.440375947060516
20230606093820660,6.44,6.43,6.440375947060516
20230606093820760,6.44,6.43,6.440375947060516
20230606093822310,6.44,6.43,6.440375947060516
20230606093822470,6.44,6.43,6.440375947060516
20230606093822570,6.44,6.43,6.4403126489371845
20230606093822610,6.44,6.43,6.440191220798794
20230606093822640,6.44,6.43,6.440184505318649
20230606093822750,6.44,6.43,6.440184505318649
20230606093825150,6.44,6.43,6.440183572164465
20230606093825210,6.44,6.43,6.440183314627759
20230606093825290,6.44,6.43,6.440183314627759
20230606093825390,6.44,6.43,6.440183314627759
20230606093825680,6.44,6.43,6.440183314627759
20230606093825810,6.44,6.43,6.440183314627759
20230606093826030,6.44,6.43,6.44013497160942
20230606093826050,6.44,6.43,6.44013497160942
20230606093827670,6.44,6.43,6.44013497160942
20230606093828200,6.44,6.43,6.44013497160942
20230606093828450,6.44,6.43,6.44013497160942
20230606093828520,6.44,6.43,6.44013497160942
20230606093830560,6.44,6.43,6.44013497160942
20230606093830970,6.44,6.43,6.44013497160942
20230606093831040,6.44,6.43,6.44013497160942
20230606093831100,6.44,6.43,6.44013497160942
20230606093831120,6.44,6.43,6.44013497160942
20230606093831170,6.44,6.43,6.44013497160942
20230606093831220,6.44,6.43,6.44013497160942
20230606093831230,6.44,6.43,6.44013497160942
20230606093831250,6.44,6.43,6.44013497160942
20230606093831260,6.44,6.43,6.44013497160942
20230606093833240,6.44,6.43,6.44013497160942
20230606093833680,6.44,6.43,6.44013497160942
20230606093833770,6.44,6.43,6.44013497160942
20230606093833910,6.44,6.43,6.44013497160942
20230606093833950,6.44,6.43,6.44013497160942
20230606093834060,6.44,6.43,6.44013497160942
20230606093834090,6.44,6.43,6.44013497160942
20230606093834110,6.43,6.43,6.44013497160942
20230606093834150,6.43,6.43,6.44013497160942
20230606093834200,6.43,6.43,6.44013497160942
20230606093836250,6.43,6.43,6.44013497160942
20230606093836340,6.43,6.43,6.44013497160942
20230606093836360,6.43,6.43,6.44013497160942
20230606093836370,6.43,6.43,6.44013497160942
20230606093836450,6.43,6.43,6.44013497160942
20230606093836800,6.43,6.43,6.44013497160942
20230606093838540,6.43,6.43,6.44013497160942
20230606093838600,6.43,6.43,6.44013497160942
20230606093838960,6.43,6.43,6.44013497160942
20230606093839510,6.43,6.43,6.44013497160942
20230606093839660,6.43,6.43,6.44013497160942
20230606093841380,6.43,6.43,6.439794009175137
20230606093841750,6.43,6.43,6.439794009175137
20230606093842340,6.43,6.43,6.439794009175137
20230606093843900,6.43,6.43,6.439794009175137
20230606093844090,6.43,6.43,6.439794009175137
20230606093844240,6.43,6.43,6.439793128260479
20230606093844590,6.43,6.43,6.439761520530752
20230606093844660,6.43,6.43,6.439748410779837
20230606093846880,6.44,6.43,6.439748410779837
20230606093847270,6.44,6.43,6.439748410779837
20230606093847300,6.44,6.43,6.439748410779837
20230606093847730,6.44,6.43,6.439748410779837
20230606093849260,6.43,6.43,6.439748410779837
20230606093849290,6.43,6.43,6.439748410779837
20230606093849590,6.44,6.43,6.43969139096407
20230606093850160,6.43,6.43,6.43969139096407
20230606093852200,6.43,6.43,6.439690529124055
20230606093852270,6.43,6.43,6.439690529124055
20230606093853170,6.43,6.43,6.439690529124055
20230606093854730,6.43,6.43,6.439690529124055
20230606093855100,6.43,6.43,6.439690529124055
20230606093855150,6.43,6.43,6.439683639918244
20230606093855200,6.43,6.43,6.439683639918244
20230606093855770,6.43,6.43,6.439683639918244
20230606093855830,6.43,6.43,6.439683639918244
20230606093857490,6.43,6.43,6.439683639918244
20230606093857740,6.43,6.43,6.439677619893428
20230606093857870,6.43,6.43,6.439677619893428
20230606093857890,6.43,6.43,6.439677619893428
20230606093858320,6.43,6.43,6.439677619893428
20230606093858330,6.43,6.43,6.439677619893428
20230606093858380,6.43,6.43,6.439297160773385
20230606093858480,6.43,6.43,6.439204966801759
20230606093900490,6.43,6.43,6.439204966801759
20230606093900500,6.43,6.43,6.439204966801759
20230606093900570,6.43,6.43,6.439204966801759
20230606093900580,6.43,6.43,6.439204966801759
20230606093900590,6.43,6.43,6.439197828709288
20230606093900660,6.43,6.43,6.439197828709288
20230606093900780,6.44,6.43,6.439193867883903
20230606093900800,6.44,6.43,6.439145035552129
20230606093901210,6.44,6.43,6.439145035552129
20230606093901310,6.44,6.43,6.439145035552129
20230606093902880,6.44,6.43,6.439141120054804
20230606093903020,6.44,6.43,6.439142661765963
20230606093903180,6.44,6.43,6.439142661765963
20230606093903550,6.44,6.43,6.438958874277578
20230606093903600,6.44,6.43,6.438958874277578
20230606093903910,6.44,6.43,6.438958874277578
20230606093906510,6.44,6.43,6.438958874277578
20230606093908340,6.44,6.43,6.438958874277578
20230606093908600,6.44,6.43,6.438958874277578
20230606093908690,6.44,6.43,6.438958874277578
20230606093908750,6.44,6.43,6.438958874277578
20230606093910940,6.44,6.43,6.438958874277578
20230606093911270,6.44,6.43,6.438958874277578
20230606093911500,6.44,6.43,6.438958874277578
20230606093914300,6.44,6.43,6.438958874277578
20230606093914590,6.44,6.43,6.438958874277578
20230606093914660,6.44,6.43,6.438958874277578
20230606093916320,6.44,6.43,6.438910363212263
20230606093917400,6.44,6.43,6.438910363212263
20230606093917460,6.44,6.43,6.438910363212263
20230606093919040,6.44,6.43,6.438910363212263
20230606093919260,6.44,6.43,6.438910363212263
20230606093922120,6.44,6.43,6.438910363212263
20230606093922160,6.44,6.43,6.438910363212263
20230606093922270,6.44,6.43,6.438910363212263
20230606093922540,6.43,6.43,6.438910363212263
20230606093922550,6.43,6.43,6.438910363212263
20230606093922820,6.43,6.43,6.438910363212263
20230606093924520,6.43,6.43,6.438910363212263
20230606093924530,6.43,6.43,6.438910363212263
20230606093924800,6.43,6.43,6.438910363212263
20230606093924860,6.43,6.43,6.438910363212263
20230606093925190,6.43,6.43,6.438910363212263
20230606093925200,6.43,6.43,6.438910363212263
20230606093925510,6.43,6.43,6.43881644106966
20230606093927690,6.43,6.43,6.43881644106966
20230606093927850,6.43,6.43,6.43881644106966
20230606093929820,6.43,6.43,6.438813335533917
20230606093930290,6.43,6.43,6.438813335533917
20230606093930780,6.43,6.43,6.438811783150425
20230606093932540,6.43,6.43,6.438811783150425
20230606093932660,6.43,6.43,6.438811783150425
20230606093933450,6.43,6.43,6.438811783150425
20230606093933500,6.43,6.43,6.438811783150425
20230606093933560,6.43,6.43,6.438805970149254
20230606093935580,6.43,6.43,6.438805970149254
20230606093935640,6.43,6.43,6.438805970149254
20230606093936200,6.43,6.43,6.438805970149254
20230606093937980,6.43,6.43,6.438805970149254
20230606093938000,6.43,6.43,6.438805970149254
20230606093938010,6.43,6.43,6.438805970149254
20230606093938350,6.43,6.43,6.438805970149254
20230606093938390,6.43,6.43,6.438805970149254
20230606093938830,6.43,6.43,6.438805970149254
20230606093939040,6.43,6.43,6.438805970149254
20230606093940660,6.43,6.43,6.438805970149254
20230606093940740,6.43,6.43,6.438805970149254
20230606093940950,6.43,6.43,6.438805970149254
20230606093941010,6.43,6.43,6.438805970149254
20230606093941480,6.43,6.43,6.438805970149254
20230606093941580,6.43,6.43,6.438696254071661
20230606093941640,6.43,6.43,6.438696254071661
20230606093943290,6.43,6.43,6.438696254071661
20230606093943410,6.43,6.43,6.4386870576751
20230606093943510,6.43,6.43,6.4386870576751
20230606093943710,6.43,6.43,6.4386870576751
20230606093944300,6.43,6.43,6.4386870576751
20230606093944420,6.43,6.43,6.438662394548994
20230606093946370,6.43,6.43,6.438662394548994
20230606093946410,6.43,6.43,6.438662394548994
20230606093947190,6.43,6.43,6.438662394548994
20230606093948710,6.43,6.43,6.438662394548994
20230606093948890,6.43,6.43,6.438662394548994
20230606093948900,6.43,6.43,6.438662394548994
20230606093949020,6.43,6.43,6.438662394548994
20230606093949220,6.43,6.43,6.438662394548994
20230606093949260,6.43,6.43,6.438662394548994
20230606093949400,6.43,6.43,6.438662394548994
20230606093949850,6.43,6.43,6.438662394548994
20230606093951900,6.43,6.43,6.438556692723024
20230606093951940,6.43,6.43,6.438556692723024
20230606093952050,6.43,6.43,6.438556692723024
20230606093952430,6.43,6.43,6.438556692723024
20230606093952560,6.43,6.43,6.438556692723024
20230606093954490,6.43,6.43,6.438556692723024
20230606093954580,6.43,6.43,6.438556692723024
20230606093954780,6.43,6.43,6.438556692723024
20230606093955020,6.43,6.43,6.438556692723024
20230606093955230,6.43,6.43,6.438556692723024
20230606093956990,6.43,6.43,6.438556692723024
20230606093957620,6.43,6.43,6.438556692723024
20230606093957950,6.43,6.43,6.438556692723024
20230606093959550,6.43,6.43,6.438556692723024
20230606093959830,6.43,6.43,6.438556692723024
20230606094000110,6.43,6.43,6.438556692723024
20230606094000120,6.43,6.43,6.438556692723024
20230606094000550,6.43,6.43,6.438556692723024
20230606094002240,6.43,6.43,6.438556692723024
20230606094003230,6.43,6.43,6.438556692723024
20230606094003320,6.43,6.43,6.438556692723024
20230606094004910,6.43,6.43,6.438556692723024
20230606094005030,6.43,6.43,6.438556692723024
20230606094005230,6.43,6.43,6.438556692723024
20230606094005350,6.43,6.43,6.438556692723024
20230606094005650,6.43,6.43,6.438556692723024
20230606094005970,6.43,6.43,6.438556692723024
20230606094006010,6.43,6.43,6.438556692723024
20230606094006040,6.43,6.43,6.438556692723024
20230606094006070,6.43,6.43,6.438556692723024
20230606094006090,6.43,6.43,6.438556692723024
20230606094007700,6.43,6.43,6.438556692723024
20230606094007730,6.43,6.43,6.438294653465347
20230606094008470,6.43,6.43,6.438294653465347
20230606094008500,6.43,6.43,6.438294653465347
20230606094010540,6.43,6.43,6.438294653465347
20230606094011070,6.43,6.43,6.438275644065118
20230606094011270,6.43,6.43,6.438275644065118
20230606094011300,6.43,6.43,6.438275644065118
20230606094011360,6.43,6.43,6.4382662245381335
20230606094012970,6.43,6.43,6.438261899123845
20230606094012980,6.43,6.43,6.438261899123845
20230606094013180,6.43,6.43,6.438261899123845
20230606094013480,6.43,6.43,6.438261899123845
20230606094013750,6.43,6.43,6.438261899123845
20230606094013940,6.43,6.43,6.438261899123845
20230606094015810,6.43,6.43,6.438261899123845
20230606094016190,6.43,6.43,6.438261899123845
20230606094016280,6.43,6.43,6.438261899123845
20230606094016800,6.43,6.43,6.438261899123845
20230606094019230,6.43,6.43,6.438246056782335
20230606094021130,6.43,6.43,6.438246056782335
20230606094021430,6.43,6.43,6.438231678486997
20230606094021470,6.43,6.43,6.43822843639228
20230606094021630,6.43,6.43,6.43822843639228
20230606094022100,6.43,6.43,6.43822843639228
20230606094023790,6.43,6.43,6.43822843639228
20230606094023910,6.43,6.43,6.438193583810495
20230606094024050,6.43,6.43,6.438192156862745
20230606094024140,6.43,6.43,6.438192156862745
20230606094024840,6.43,6.43,6.438192156862745
20230606094024890,6.43,6.43,6.438192156862745
20230606094026850,6.43,6.43,6.438192156862745
20230606094027370,6.43,6.43,6.438192156862745
20230606094029870,6.43,6.43,6.438187877362189
20230606094029910,6.43,6.43,6.438187877362189
20230606094031840,6.43,6.43,6.438187877362189
20230606094032750,6.43,6.43,6.438187877362189
20230606094033090,6.43,6.43,6.438186451309393
20230606094035400,6.43,6.43,6.438186451309393
20230606094035430,6.43,6.43,6.4381593987317
20230606094035470,6.43,6.43,6.4381593987317
20230606094035570,6.43,6.43,6.4381593987317
20230606094037360,6.43,6.43,6.4381593987317
20230606094037520,6.43,6.43,6.4381593987317
20230606094037800,6.43,6.43,6.4381593987317
20230606094038070,6.43,6.43,6.4381593987317
20230606094040150,6.43,6.43,6.4381593987317
20230606094040520,6.43,6.43,6.4381593987317
20230606094043560,6.43,6.43,6.4381593987317
20230606094043650,6.43,6.43,6.4381593987317
20230606094043770,6.43,6.43,6.4381593987317
20230606094045320,6.43,6.43,6.4381593987317
20230606094045890,6.43,6.43,6.4381593987317
20230606094045910,6.43,6.43,6.4381593987317
20230606094046440,6.43,6.43,6.438051988481594
20230606094048040,6.43,6.43,6.438051988481594
20230606094048060,6.43,6.43,6.438051988481594
20230606094048090,6.43,6.43,6.437991777846727
20230606094048220,6.43,6.43,6.43798991857309
20230606094048230,6.43,6.43,6.437962059620596
20230606094048510,6.43,6.43,6.437962059620596
20230606094048860,6.43,6.43,6.437962059620596
20230606094049280,6.43,6.43,6.437962059620596
20230606094050800,6.43,6.43,6.437962059620596
20230606094051290,6.43,6.43,6.437769436997319
20230606094051410,6.43,6.43,6.437769436997319
20230606094051470,6.43,6.43,6.437769436997319
20230606094051600,6.43,6.43,6.437769436997319
20230606094051750,6.43,6.43,6.437769436997319
20230606094051820,6.43,6.43,6.437769436997319
20230606094053570,6.43,6.43,6.437769436997319
20230606094053590,6.43,6.43,6.437769436997319
20230606094053880,6.43,6.43,6.437769436997319
20230606094053920,6.43,6.43,6.437488126649076
20230606094053940,6.43,6.43,6.437472320554342
20230606094054160,6.43,6.43,6.437472320554342
20230606094054190,6.43,6.43,6.437472320554342
20230606094054200,6.43,6.43,6.437472320554342
20230606094054230,6.43,6.43,6.437472320554342
20230606094054610,6.43,6.43,6.437472320554342
20230606094056150,6.43,6.43,6.437345595932406
20230606094056260,6.43,6.43,6.437318527351319
20230606094056270,6.43,6.43,6.437317236753857
20230606094056280,6.43,6.43,6.437314656135906
20230606094056420,6.43,6.43,6.437314656135906
20230606094056970,6.43,6.43,6.437314656135906
20230606094057080,6.43,6.43,6.437310786650775
20230606094058830,6.43,6.43,6.437310786650775
20230606094059050,6.43,6.43,6.437310786650775
20230606094059060,6.43,6.43,6.437310786650775
20230606094059440,6.43,6.43,6.437310786650775
20230606094059730,6.43,6.43,6.437310786650775
20230606094100070,6.43,6.43,6.437310786650775
20230606094101750,6.43,6.43,6.437310786650775
20230606094102390,6.43,6.43,6.437310786650775
20230606094102460,6.43,6.43,6.437310786650775
20230606094104360,6.43,6.43,6.437310786650775
20230606094104930,6.43,6.43,6.437310786650775
20230606094105020,6.43,6.43,6.437310786650775
20230606094107070,6.43,6.43,6.437310786650775
20230606094107100,6.43,6.43,6.437310786650775
20230606094107150,6.43,6.43,6.437310786650775
20230606094107180,6.43,6.43,6.437310786650775
20230606094107190,6.43,6.43,6.437310786650775
20230606094107350,6.43,6.43,6.437310786650775
20230606094107770,6.43,6.43,6.437310786650775
20230606094108030,6.43,6.43,6.437310786650775
20230606094108120,6.43,6.43,6.437310786650775
20230606094109640,6.43,6.43,6.437310786650775
20230606094109740,6.43,6.43,6.437310786650775
20230606094109890,6.43,6.43,6.4372667855020795
20230606094110100,6.43,6.43,6.4372667855020795
20230606094110110,6.43,6.43,6.4372667855020795
20230606094110130,6.43,6.43,6.4372667855020795
20230606094110160,6.43,6.43,6.4372667855020795
20230606094110190,6.43,6.43,6.4372667855020795
20230606094112710,6.43,6.43,6.4372667855020795
20230606094112960,6.43,6.42,6.4372667855020795
20230606094113220,6.43,6.42,6.4372667855020795
20230606094115100,6.43,6.42,6.4372667855020795
20230606094115110,6.43,6.42,6.4372667855020795
20230606094115130,6.43,6.42,6.4372667855020795
20230606094115320,6.43,6.42,6.4372667855020795
20230606094115390,6.43,6.42,6.4372667855020795
20230606094115400,6.43,6.42,6.4372667855020795
20230606094115420,6.43,6.42,6.4372667855020795
20230606094115930,6.43,6.42,6.4372667855020795
20230606094116080,6.43,6.42,6.4372667855020795
20230606094116090,6.43,6.42,6.4372667855020795
20230606094116100,6.43,6.42,6.4372667855020795
20230606094116150,6.43,6.42,6.437055600204574
20230606094116180,6.43,6.42,6.437055600204574
20230606094116260,6.43,6.42,6.437055600204574
20230606094118100,6.43,6.42,6.437055600204574
20230606094118130,6.43,6.42,6.437055600204574
20230606094118640,6.43,6.42,6.437055600204574
20230606094118830,6.43,6.42,6.437055600204574
20230606094120660,6.43,6.42,6.43669933471636
20230606094120710,6.43,6.42,6.43669933471636
20230606094120780,6.43,6.42,6.436576013633458
20230606094121290,6.43,6.42,6.436576013633458
20230606094123270,6.43,6.42,6.436576013633458
20230606094123300,6.43,6.42,6.436576013633458
20230606094123640,6.43,6.42,6.436576013633458
20230606094123700,6.43,6.42,6.436576013633458
20230606094123800,6.43,6.42,6.436576013633458
20230606094123850,6.43,6.42,6.436558377074762
20230606094123960,6.43,6.42,6.436558377074762
20230606094124340,6.43,6.42,6.436558377074762
20230606094125850,6.43,6.42,6.436558377074762
20230606094125880,6.43,6.42,6.436558377074762
20230606094126150,6.43,6.42,6.436558377074762
20230606094126160,6.43,6.42,6.436558377074762
20230606094127030,6.43,6.42,6.436558377074762
20230606094127050,6.43,6.42,6.436558377074762
20230606094128660,6.43,6.42,6.436558377074762
20230606094128740,6.43,6.42,6.436555563435217
20230606094128810,6.43,6.42,6.436531477425281
20230606094128940,6.43,6.42,6.436531477425281
20230606094129000,6.43,6.42,6.436531477425281
20230606094129140,6.43,6.42,6.436265989988876
20230606094129260,6.43,6.42,6.4362494799611705
20230606094129530,6.43,6.42,6.4362494799611705
20230606094129700,6.43,6.42,6.436228100547053
20230606094131440,6.43,6.42,6.436228100547053
20230606094131550,6.43,6.42,6.436216870804788
20230606094131790,6.43,6.42,6.436216870804788
20230606094131970,6.43,6.42,6.436216870804788
20230606094132230,6.43,6.42,6.436214626721096
20230606094132310,6.43,6.42,6.436214626721096
20230606094134080,6.43,6.42,6.436214626721096
20230606094134090,6.43,6.42,6.436214626721096
20230606094134110,6.43,6.42,6.436214626721096
20230606094134140,6.43,6.42,6.436212477521096
20230606094134200,6.43,6.42,6.436212477521096
20230606094134300,6.43,6.42,6.436212477521096
20230606094134490,6.43,6.42,6.436212477521096
20230606094134550,6.43,6.42,6.436212047859465
20230606094134680,6.43,6.42,6.436212047859465
20230606094134940,6.43,6.42,6.436212047859465
20230606094134970,6.43,6.42,6.436212047859465
20230606094135010,6.43,6.42,6.436212047859465
20230606094135150,6.43,6.42,6.436212047859465
20230606094136680,6.43,6.42,6.436210926694329
20230606094136840,6.43,6.42,6.436187417995995
20230606094137050,6.43,6.42,6.436187417995995
20230606094137140,6.43,6.42,6.436187417995995
20230606094137350,6.43,6.42,6.43615840628662
20230606094137450,6.43,6.42,6.43615840628662
20230606094137470,6.43,6.42,6.43615840628662
20230606094137560,6.43,6.42,6.43615840628662
20230606094137880,6.43,6.42,6.43615840628662
20230606094139330,6.43,6.42,6.43615840628662
20230606094139640,6.43,6.42,6.43615840628662
20230606094140170,6.43,6.42,6.43615840628662
20230606094140360,6.43,6.42,6.43615840628662
20230606094140390,6.43,6.42,6.43615840628662
20230606094140400,6.43,6.42,6.436157981803143
20230606094140550,6.43,6.42,6.436157981803143
20230606094142390,6.43,6.42,6.436157981803143
20230606094142470,6.43,6.42,6.4360346006564555
20230606094142650,6.43,6.42,6.4360346006564555
20230606094143280,6.43,6.42,6.4360346006564555
20230606094145320,6.43,6.42,6.435752384791079
20230606094145370,6.43,6.42,6.435752384791079
20230606094145430,6.43,6.42,6.435752384791079
20230606094145560,6.43,6.42,6.435752384791079
20230606094145710,6.43,6.42,6.435752384791079
20230606094145760,6.43,6.42,6.435752384791079
20230606094147490,6.43,6.42,6.435752384791079
20230606094147500,6.43,6.42,6.435752384791079
20230606094147550,6.43,6.42,6.435752384791079
20230606094147920,6.43,6.42,6.435752384791079
20230606094148030,6.43,6.42,6.435752384791079
20230606094148160,6.43,6.42,6.435752384791079
20230606094148370,6.43,6.42,6.435752384791079
20230606094148380,6.43,6.42,6.435752384791079
20230606094148560,6.43,6.42,6.435752384791079
20230606094150280,6.43,6.42,6.435752384791079
20230606094150710,6.43,6.42,6.435752384791079
20230606094151030,6.43,6.42,6.435752384791079
20230606094151050,6.43,6.42,6.435752384791079
20230606094151060,6.43,6.42,6.435752384791079
20230606094151080,6.43,6.42,6.435752384791079
20230606094151160,6.43,6.42,6.435752384791079
20230606094155540,6.43,6.42,6.435752384791079
20230606094155640,6.43,6.42,6.435752384791079
20230606094155770,6.43,6.42,6.4356660876536615
20230606094156230,6.43,6.42,6.4356660876536615
20230606094156320,6.43,6.42,6.4356660876536615
20230606094156410,6.43,6.42,6.4356660876536615
20230606094156460,6.43,6.42,6.4356660876536615
20230606094158290,6.43,6.42,6.4356660876536615
20230606094158560,6.43,6.42,6.435665041084909
20230606094158590,6.43,6.42,6.435665041084909
20230606094158610,6.43,6.41,6.4353542430591935
20230606094159170,6.43,6.41,6.435351439790576
20230606094159200,6.43,6.41,6.435350435180943
20230606094200980,6.43,6.41,6.435350435180943
20230606094201090,6.43,6.41,6.435350435180943
20230606094201120,6.43,6.41,6.435350435180943
20230606094201200,6.43,6.42,6.435350435180943
20230606094201390,6.43,6.42,6.435350435180943
20230606094201410,6.43,6.42,6.435350435180943
20230606094201580,6.43,6.42,6.435350435180943
20230606094201630,6.43,6.42,6.435337038247793
20230606094201710,6.43,6.42,6.435337038247793
20230606094201830,6.43,6.42,6.435337038247793
20230606094202140,6.43,6.42,6.435337038247793
20230606094204440,6.43,6.42,6.435337038247793
20230606094204710,6.43,6.42,6.435337038247793
20230606094206360,6.43,6.42,6.435337038247793
20230606094206380,6.43,6.42,6.435337038247793
20230606094206420,6.43,6.42,6.435235435474443
20230606094206450,6.43,6.42,6.435235435474443
20230606094206460,6.43,6.42,6.435235435474443
20230606094206520,6.43,6.42,6.435235435474443
20230606094206800,6.43,6.42,6.435235435474443
20230606094207200,6.43,6.42,6.435235435474443
20230606094207240,6.43,6.42,6.435235435474443
20230606094207270,6.43,6.42,6.435235435474443
20230606094207500,6.43,6.42,6.435235435474443
20230606094207510,6.43,6.42,6.435235435474443
20230606094209070,6.43,6.42,6.435235435474443
20230606094209470,6.43,6.42,6.435235435474443
20230606094209700,6.43,6.42,6.435235435474443
20230606094209910,6.43,6.42,6.435232467532468
20230606094211790,6.43,6.42,6.435100096556163
20230606094211990,6.43,6.41,6.434985307269708
20230606094212250,6.43,6.41,6.434985307269708
20230606094212300,6.43,6.41,6.434859163824681
20230606094212390,6.43,6.42,6.434859163824681
20230606094214470,6.43,6.42,6.434859163824681
20230606094214510,6.43,6.42,6.434859163824681
20230606094215060,6.43,6.42,6.434859163824681
20230606094215150,6.43,6.42,6.434859163824681
20230606094217180,6.43,6.42,6.434859163824681
20230606094220020,6.43,6.42,6.434859163824681
20230606094220030,6.43,6.42,6.434859163824681
20230606094220060,6.43,6.42,6.434859163824681
20230606094220070,6.43,6.42,6.434859163824681
20230606094220080,6.43,6.42,6.434859163824681
20230606094220710,6.43,6.42,6.434859163824681
20230606094222720,6.43,6.42,6.434859163824681
20230606094223450,6.43,6.42,6.434859163824681
20230606094223780,6.43,6.42,6.434859163824681
20230606094228080,6.43,6.42,6.434859163824681
20230606094228130,6.43,6.42,6.434859163824681
20230606094228390,6.43,6.42,6.434859163824681
20230606094228810,6.43,6.42,6.434859163824681
20230606094230880,6.43,6.42,6.434859163824681
20230606094231000,6.43,6.42,6.434859163824681
20230606094231180,6.43,6.42,6.434859163824681
20230606094231560,6.43,6.42,6.434859163824681
20230606094231590,6.43,6.42,6.434859163824681
20230606094233680,6.43,6.42,6.434859163824681
20230606094234230,6.43,6.42,6.434859163824681
20230606094234260,6.43,6.42,6.434859163824681
20230606094234440,6.43,6.42,6.434859163824681
20230606094236160,6.43,6.42,6.434859163824681
20230606094236620,6.43,6.42,6.434794648996687
20230606094236650,6.43,6.42,6.434737530356809
20230606094236660,6.43,6.42,6.434737530356809
20230606094236680,6.43,6.42,6.434737530356809
20230606094236760,6.43,6.42,6.434737530356809
20230606094237160,6.43,6.42,6.434737530356809
20230606094237180,6.43,6.42,6.434737530356809
20230606094237210,6.43,6.42,6.434691083980762
20230606094237220,6.43,6.42,6.434691083980762
20230606094237230,6.43,6.42,6.434690505548705
20230606094239520,6.43,6.42,6.434690505548705
20230606094239580,6.43,6.42,6.4346886943656765
20230606094239850,6.43,6.42,6.4346886943656765
20230606094239870,6.43,6.42,6.4346886943656765
20230606094239930,6.43,6.42,6.4346886943656765
20230606094241420,6.43,6.42,6.4346886943656765
20230606094241720,6.43,6.42,6.4346886943656765
20230606094241820,6.43,6.42,6.4346886943656765
20230606094242400,6.43,6.42,6.4346886943656765
20230606094244400,6.43,6.42,6.43468551715641
20230606094244670,6.43,6.42,6.43468551715641
20230606094247770,6.43,6.42,6.43468551715641
20230606094248080,6.43,6.42,6.43468551715641
20230606094249930,6.43,6.42,6.43468551715641
20230606094249960,6.43,6.42,6.434683209161998
20230606094250130,6.43,6.42,6.434683209161998
20230606094250220,6.43,6.42,6.434679175638265
20230606094252600,6.43,6.42,6.434666543959752
20230606094252770,6.43,6.42,6.434666543959752
20230606094253220,6.43,6.42,6.434666543959752
20230606094253250,6.43,6.42,6.434666543959752
20230606094254930,6.43,6.43,6.434666543959752
20230606094255010,6.43,6.43,6.434666543959752
20230606094255020,6.43,6.43,6.434666543959752
20230606094255200,6.43,6.43,6.434666543959752
20230606094255560,6.43,6.43,6.434666543959752
20230606094256100,6.43,6.43,6.434666543959752
20230606094258140,6.43,6.43,6.434666543959752
20230606094258220,6.43,6.43,6.434666543959752
20230606094258430,6.43,6.42,6.434501391746339
20230606094300640,6.43,6.42,6.434501391746339
20230606094301080,6.43,6.42,6.434501391746339
20230606094301220,6.43,6.42,6.434501391746339
20230606094301280,6.43,6.42,6.434501391746339
20230606094303030,6.43,6.42,6.434501391746339
20230606094303260,6.43,6.42,6.434501391746339
20230606094303410,6.43,6.42,6.4344994858767315
20230606094303450,6.43,6.42,6.4344994858767315
20230606094304070,6.43,6.42,6.4344994858767315
20230606094306040,6.43,6.42,6.4344994858767315
20230606094306100,6.43,6.42,6.434488008216033
20230606094306580,6.43,6.42,6.434488008216033
20230606094306980,6.43,6.42,6.434488008216033
20230606094308480,6.43,6.42,6.434488008216033
20230606094308550,6.43,6.42,6.434488008216033
20230606094309020,6.43,6.42,6.434488008216033
20230606094311160,6.43,6.42,6.434427476344473
20230606094311200,6.43,6.42,6.434427476344473
20230606094311450,6.43,6.42,6.434427476344473
20230606094311530,6.43,6.42,6.434424884737441
20230606094311540,6.43,6.42,6.434424884737441
20230606094312170,6.43,6.42,6.434424884737441
20230606094312250,6.43,6.42,6.434424884737441
20230606094312310,6.43,6.42,6.434424884737441
20230606094312340,6.43,6.42,6.434424884737441
20230606094313890,6.43,6.42,6.434424354906304
20230606094314090,6.43,6.42,6.434424354906304
20230606094316590,6.43,6.42,6.434424354906304
20230606094317350,6.43,6.42,6.434424354906304
20230606094317710,6.43,6.42,6.434424354906304
20230606094319640,6.43,6.42,6.434418312387792
20230606094319720,6.43,6.42,6.434352177280038
20230606094319790,6.43,6.42,6.434352177280038
20230606094319820,6.43,6.42,6.434352177280038
20230606094320120,6.43,6.42,6.434352177280038
20230606094322400,6.43,6.42,6.434352177280038
20230606094322570,6.43,6.42,6.434352177280038
20230606094322720,6.43,6.42,6.434352177280038
20230606094322860,6.43,6.42,6.434352177280038
20230606094323020,6.43,6.42,6.434352177280038
20230606094324800,6.43,6.42,6.434352177280038
20230606094325120,6.43,6.42,6.434352177280038
20230606094325230,6.43,6.42,6.434352177280038
20230606094325270,6.43,6.42,6.434352177280038
20230606094325580,6.43,6.42,6.434352177280038
20230606094325670,6.43,6.42,6.434352177280038
20230606094327420,6.43,6.42,6.434352177280038
20230606094327570,6.43,6.42,6.434352177280038
20230606094328390,6.43,6.42,6.434352177280038
20230606094330950,6.43,6.42,6.434352177280038
20230606094331110,6.43,6.42,6.434352177280038
20230606094331180,6.43,6.42,6.434317290552585
20230606094331220,6.43,6.42,6.434317290552585
20230606094333000,6.43,6.42,6.434317290552585
20230606094333150,6.43,6.42,6.434317290552585
20230606094335490,6.43,6.42,6.434317290552585
20230606094335700,6.43,6.42,6.434317290552585
20230606094335730,6.43,6.42,6.434317290552585
20230606094338150,6.43,6.42,6.434317290552585
20230606094339230,6.43,6.42,6.434317290552585
20230606094341130,6.43,6.42,6.434317290552585
20230606094341310,6.43,6.42,6.434317290552585
20230606094341340,6.43,6.42,6.434317290552585
20230606094341350,6.43,6.42,6.434317290552585
20230606094343770,6.43,6.42,6.434317290552585
20230606094343850,6.43,6.42,6.434317290552585
20230606094343870,6.43,6.42,6.434317290552585
20230606094344030,6.43,6.42,6.434317290552585
20230606094344170,6.43,6.42,6.434317290552585
20230606094344200,6.43,6.42,6.434317290552585
20230606094344470,6.43,6.42,6.434317290552585
20230606094344510,6.43,6.42,6.434317290552585
20230606094346210,6.43,6.42,6.434317290552585
20230606094346280,6.43,6.42,6.434317290552585
20230606094346810,6.43,6.42,6.434317290552585
20230606094349100,6.43,6.42,6.434317290552585
20230606094349130,6.43,6.42,6.434317290552585
20230606094352020,6.43,6.42,6.434317290552585
20230606094352140,6.43,6.42,6.434317290552585
20230606094352320,6.43,6.42,6.434317290552585
20230606094352460,6.43,6.42,6.434317290552585
20230606094352710,6.43,6.42,6.434317290552585
20230606094352830,6.43,6.42,6.434317290552585
20230606094354930,6.43,6.42,6.434201730124169
20230606094354940,6.43,6.42,6.4341916167664674
20230606094354980,6.43,6.42,6.4341916167664674
20230606094354990,6.43,6.43,6.434191370707367
20230606094357480,6.43,6.43,6.434191370707367
20230606094358050,6.43,6.43,6.434191370707367
20230606094358090,6.43,6.43,6.434181551976574
20230606094358130,6.43,6.43,6.434181551976574
20230606094358150,6.43,6.43,6.434181551976574
20230606094358170,6.43,6.43,6.434181551976574
20230606094359720,6.43,6.43,6.434181551976574
20230606094359840,6.43,6.43,6.434181551976574
20230606094359880,6.43,6.43,6.434180572633058
20230606094359900,6.43,6.43,6.434180572633058
20230606094400040,6.43,6.43,6.434180572633058
20230606094400060,6.43,6.43,6.434180572633058
20230606094400070,6.43,6.43,6.434180572633058
20230606094400670,6.43,6.43,6.434180572633058
20230606094402960,6.43,6.43,6.434180572633058
20230606094403420,6.43,6.43,6.434180572633058
20230606094405150,6.43,6.43,6.434180083133306
20230606094405460,6.43,6.43,6.434180083133306
20230606094405580,6.43,6.43,6.434180083133306
20230606094405760,6.43,6.43,6.434180083133306
20230606094408320,6.43,6.43,6.434180083133306
20230606094408500,6.43,6.43,6.434180083133306
20230606094409010,6.43,6.43,6.434177637352993
20230606094410540,6.43,6.43,6.434177637352993
20230606094410860,6.43,6.42,6.434171779141105
20230606094410950,6.43,6.42,6.434171779141105
20230606094411430,6.43,6.42,6.434171779141105
20230606094414110,6.43,6.42,6.4341678827855935
20230606094414370,6.43,6.42,6.4341678827855935
20230606094414460,6.43,6.42,6.4341678827855935
20230606094416080,6.43,6.42,6.4341678827855935
20230606094416100,6.43,6.42,6.43415986949429
20230606094416220,6.43,6.42,6.43415986949429
20230606094417010,6.43,6.42,6.43415986949429
20230606094419240,6.43,6.42,6.43415986949429
20230606094419680,6.43,6.42,6.43415986949429
20230606094419750,6.43,6.42,6.43415986949429
20230606094421320,6.43,6.42,6.43415986949429
20230606094421390,6.43,6.42,6.43415986949429
20230606094421570,6.43,6.42,6.43415986949429
20230606094421620,6.43,6.42,6.43415986949429
20230606094422270,6.43,6.42,6.43415986949429
20230606094422370,6.43,6.42,6.43415986949429
20230606094422390,6.43,6.42,6.43415986949429
20230606094422530,6.43,6.42,6.43415986949429
20230606094424550,6.43,6.42,6.43415986949429
20230606094424830,6.43,6.42,6.43415986949429
20230606094425110,6.43,6.42,6.43415986949429
20230606094425140,6.43,6.42,6.43415986949429
20230606094425200,6.43,6.42,6.43415986949429
20230606094426850,6.43,6.42,6.43415986949429
20230606094429940,6.43,6.42,6.43415986949429
20230606094430170,6.43,6.43,6.434088122385837
20230606094432240,6.43,6.43,6.434088122385837
20230606094432250,6.43,6.43,6.434088122385837
20230606094432640,6.43,6.43,6.434088122385837
20230606094432690,6.43,6.43,6.434088122385837
20230606094434850,6.43,6.43,6.434088122385837
20230606094437820,6.43,6.43,6.434088122385837
20230606094437890,6.43,6.43,6.434082975679543
20230606094438130,6.43,6.43,6.434082975679543
20230606094438280,6.43,6.43,6.434082975679543
20230606094438450,6.43,6.43,6.434081807780321
20230606094438640,6.43,6.43,6.434081807780321
20230606094440360,6.43,6.42,6.433813800412786
20230606094440910,6.43,6.43,6.433813800412786
20230606094442900,6.43,6.43,6.433813800412786
20230606094443100,6.43,6.43,6.433813800412786
20230606094443140,6.43,6.43,6.433813800412786
20230606094443180,6.43,6.43,6.433749861342207
20230606094443220,6.43,6.43,6.433749861342207
20230606094443310,6.43,6.43,6.4337477827051
20230606094443320,6.43,6.43,6.4337477827051
20230606094443720,6.43,6.43,6.4337477827051
20230606094443850,6.43,6.43,6.4337477827051
20230606094444010,6.43,6.43,6.4337477827051
20230606094444030,6.43,6.43,6.4337477827051
20230606094444150,6.43,6.43,6.4337477827051
20230606094444160,6.43,6.43,6.4337477827051
20230606094446000,6.43,6.43,6.4337475749681285
20230606094446560,6.43,6.43,6.433743010574101
20230606094446570,6.43,6.43,6.433743010574101
20230606094446620,6.43,6.43,6.433743010574101
20230606094446640,6.43,6.43,6.433743010574101
20230606094448330,6.43,6.43,6.433743010574101
20230606094448340,6.43,6.43,6.433743010574101
20230606094448720,6.43,6.43,6.433743010574101
20230606094448790,6.43,6.43,6.433743010574101
20230606094448800,6.43,6.43,6.4337390053659345
20230606094448810,6.43,6.43,6.4337390053659345
20230606094449200,6.43,6.43,6.4337390053659345
20230606094449290,6.43,6.43,6.4337390053659345
20230606094449440,6.43,6.43,6.4337390053659345
20230606094449490,6.43,6.43,6.4337390053659345
20230606094449540,6.43,6.43,6.4337390053659345
20230606094451290,6.43,6.43,6.4337390053659345
20230606094451320,6.43,6.43,6.4337390053659345
20230606094451370,6.43,6.43,6.4337390053659345
20230606094453930,6.43,6.43,6.4337390053659345
20230606094453960,6.43,6.43,6.4337390053659345
20230606094454770,6.43,6.43,6.4337390053659345
20230606094457010,6.43,6.43,6.4337390053659345
20230606094459320,6.43,6.43,6.4337390053659345
20230606094459460,6.43,6.43,6.4337390053659345
20230606094502310,6.43,6.43,6.4337390053659345
20230606094502490,6.43,6.43,6.4337390053659345
20230606094504600,6.43,6.43,6.4337390053659345
20230606094504910,6.43,6.43,6.4337390053659345
20230606094505110,6.43,6.43,6.4337390053659345
20230606094505340,6.43,6.43,6.4337390053659345
20230606094505440,6.43,6.43,6.4337390053659345
20230606094505530,6.43,6.43,6.4337390053659345
20230606094505650,6.43,6.43,6.4337390053659345
20230606094507290,6.43,6.43,6.4337390053659345
20230606094507310,6.43,6.43,6.4337390053659345
20230606094507370,6.43,6.43,6.4337390053659345
20230606094507620,6.43,6.43,6.4337390053659345
20230606094508140,6.43,6.43,6.4337390053659345
20230606094508250,6.43,6.43,6.433730989640732
20230606094508400,6.43,6.43,6.433730989640732
20230606094510610,6.42,6.43,6.433729205684697
20230606094510620,6.42,6.43,6.433729205684697
20230606094511140,6.42,6.43,6.433729205684697
20230606094513420,6.42,6.43,6.433729205684697
20230606094513440,6.42,6.43,6.433729205684697
20230606094513700,6.42,6.43,6.433729205684697
20230606094515480,6.42,6.43,6.433727292744688
20230606094516230,6.42,6.43,6.433727292744688
20230606094518800,6.42,6.43,6.433727292744688
20230606094518840,6.42,6.43,6.433727292744688
20230606094518920,6.42,6.43,6.433727292744688
20230606094521370,6.42,6.43,6.433727292744688
20230606094521910,6.42,6.43,6.433727292744688
20230606094523570,6.42,6.43,6.433727292744688
20230606094523910,6.43,6.43,6.433727292744688
20230606094523930,6.43,6.43,6.433727292744688
20230606094524090,6.43,6.43,6.43372606207352
20230606094526240,6.43,6.43,6.43372606207352
20230606094526300,6.43,6.43,6.43372606207352
20230606094527140,6.43,6.43,6.43372606207352
20230606094527350,6.43,6.43,6.43372606207352
20230606094528910,6.43,6.43,6.43372606207352
20230606094529050,6.43,6.43,6.43372606207352
20230606094529420,6.43,6.43,6.43372606207352
20230606094529680,6.44,6.42,6.433682292799652
20230606094530030,6.44,6.43,6.433682292799652
20230606094530050,6.44,6.43,6.43370861285436
20230606094531590,6.44,6.43,6.43370861285436
20230606094532150,6.44,6.43,6.43370861285436
20230606094532450,6.44,6.43,6.433705405405405
20230606094532480,6.44,6.43,6.433705405405405
20230606094532680,6.44,6.43,6.433702403456657
20230606094532710,6.44,6.43,6.433702403456657
20230606094534230,6.44,6.43,6.433702003564292
20230606094534270,6.44,6.43,6.433702003564292
20230606094534600,6.43,6.43,6.433702003564292
20230606094534720,6.43,6.43,6.433702003564292
20230606094534740,6.43,6.43,6.433702003564292
20230606094534750,6.43,6.43,6.433702003564292
20230606094537220,6.43,6.43,6.433702003564292
20230606094539770,6.43,6.43,6.433702003564292
20230606094539860,6.43,6.43,6.433702003564292
20230606094539870,6.43,6.43,6.433702003564292
20230606094539890,6.43,6.43,6.433702003564292
20230606094539950,6.43,6.43,6.433702003564292
20230606094540350,6.43,6.43,6.433702003564292
20230606094540800,6.43,6.43,6.433702724575128
20230606094542490,6.43,6.43,6.433702724575128
20230606094542610,6.43,6.43,6.433702724575128
20230606094542920,6.43,6.43,6.433702524816574
20230606094542940,6.43,6.43,6.433702125364117
20230606094542970,6.43,6.43,6.433701725997842
20230606094543000,6.43,6.43,6.433701725997842
20230606094543060,6.43,6.43,6.433701725997842
20230606094543080,6.43,6.43,6.433701725997842
20230606094543110,6.43,6.43,6.433701725997842
20230606094543200,6.43,6.43,6.433700787401575
20230606094543390,6.43,6.43,6.433700787401575
20230606094543460,6.43,6.43,6.433700787401575
20230606094545000,6.43,6.43,6.433691926269268
20230606094545020,6.43,6.43,6.4336911883589325
20230606094545670,6.43,6.43,6.433690989437379
20230606094546020,6.43,6.43,6.433690989437379
20230606094546050,6.43,6.43,6.433690989437379
20230606094546160,6.43,6.43,6.433690392801337
20230606094547760,6.43,6.43,6.433690392801337
20230606094548320,6.43,6.43,6.433690392801337
20230606094548480,6.43,6.43,6.433690392801337
20230606094548520,6.43,6.43,6.433690392801337
20230606094551130,6.43,6.43,6.433690392801337
20230606094551350,6.43,6.43,6.433690392801337
20230606094551610,6.43,6.43,6.433690392801337
20230606094553740,6.43,6.43,6.433690392801337
20230606094553750,6.43,6.43,6.433690392801337
20230606094553940,6.43,6.43,6.43368483348577
20230606094554160,6.43,6.43,6.433684437032654
20230606094556300,6.43,6.43,6.433684437032654
20230606094556360,6.43,6.43,6.433684437032654
20230606094557040,6.43,6.43,6.433684437032654
20230606094558890,6.43,6.43,6.433684437032654
20230606094558980,6.43,6.43,6.433669729700682
20230606094559080,6.43,6.43,6.433669729700682
20230606094559150,6.43,6.43,6.433669729700682
20230606094601960,6.43,6.43,6.433669729700682
20230606094604830,6.43,6.43,6.433669729700682
20230606094604860,6.43,6.43,6.433669729700682
20230606094606660,6.43,6.43,6.433669729700682
20230606094609290,6.43,6.43,6.43363509674653
20230606094609660,6.43,6.43,6.43363509674653
20230606094609690,6.43,6.43,6.43363509674653
20230606094609810,6.43,6.43,6.43363509674653
20230606094609830,6.43,6.43,6.43363509674653
20230606094610190,6.43,6.43,6.43363509674653
20230606094610250,6.43,6.43,6.433634901918748
20230606094612480,6.43,6.43,6.433634901918748
20230606094615600,6.43,6.43,6.433634901918748
20230606094615630,6.43,6.43,6.4336343175606885
20230606094615650,6.43,6.43,6.4336343175606885
20230606094617770,6.43,6.43,6.4336343175606885
20230606094617970,6.43,6.43,6.4336343175606885
20230606094618310,6.43,6.43,6.4336343175606885
20230606094618390,6.43,6.43,6.4336343175606885
20230606094618490,6.43,6.43,6.4336343175606885
20230606094618550,6.43,6.43,6.4336343175606885
20230606094618580,6.43,6.43,6.4336343175606885
20230606094620170,6.43,6.43,6.4336343175606885
20230606094620650,6.43,6.43,6.4336343175606885
20230606094620700,6.43,6.43,6.4336343175606885
20230606094620740,6.43,6.43,6.4336343175606885
20230606094621200,6.43,6.43,6.4336343175606885
20230606094622810,6.43,6.42,6.4336343175606885
20230606094623110,6.43,6.42,6.4336343175606885
20230606094623230,6.43,6.42,6.433616861926924
20230606094623500,6.43,6.42,6.433616861926924
20230606094628210,6.43,6.42,6.433616861926924
20230606094628220,6.43,6.42,6.433616861926924
20230606094628280,6.43,6.42,6.433616861926924
20230606094629290,6.43,6.42,6.433616861926924
20230606094629450,6.43,6.42,6.433616861926924
20230606094631080,6.43,6.42,6.433616861926924
20230606094631250,6.43,6.42,6.433616861926924
20230606094631640,6.43,6.42,6.433616861926924
20230606094633720,6.43,6.42,6.433603675802746
20230606094633780,6.43,6.42,6.433603675802746
20230606094633990,6.43,6.42,6.433603675802746
20230606094634090,6.43,6.42,6.433603675802746
20230606094634130,6.43,6.42,6.433603675802746
20230606094634190,6.43,6.42,6.433603675802746
20230606094634290,6.43,6.42,6.433603483278128
20230606094634320,6.43,6.42,6.433603483278128
20230606094634740,6.43,6.42,6.433603483278128
20230606094636690,6.43,6.42,6.433603483278128
20230606094637230,6.43,6.42,6.433603483278128
20230606094639000,6.43,6.42,6.433603483278128
20230606094639190,6.43,6.42,6.433603483278128
20230606094639590,6.43,6.42,6.433603483278128
20230606094639600,6.43,6.42,6.433603483278128
20230606094639650,6.43,6.42,6.433603483278128
20230606094640020,6.43,6.42,6.433603483278128
20230606094642140,6.43,6.42,6.433603483278128
20230606094644500,6.43,6.42,6.433603483278128
20230606094645020,6.43,6.42,6.433603483278128
20230606094645440,6.43,6.42,6.433603483278128
20230606094645590,6.43,6.42,6.433603483278128
20230606094647380,6.43,6.42,6.433603483278128
20230606094647620,6.43,6.42,6.433603483278128
20230606094647870,6.43,6.42,6.433603483278128
20230606094649920,6.43,6.42,6.433603483278128
20230606094649930,6.43,6.42,6.433603483278128
20230606094649950,6.43,6.42,6.433603483278128
20230606094650080,6.43,6.42,6.433603483278128
20230606094650120,6.43,6.42,6.433603483278128
20230606094650260,6.43,6.42,6.433603483278128
20230606094650980,6.43,6.42,6.433603483278128
20230606094653000,6.43,6.42,6.433603483278128
20230606094653140,6.43,6.42,6.433603483278128
20230606094653360,6.43,6.42,6.433603483278128
20230606094655210,6.43,6.42,6.433603483278128
20230606094655530,6.43,6.42,6.433547718944181
20230606094655740,6.43,6.42,6.433547718944181
20230606094656090,6.43,6.42,6.433547718944181
20230606094656320,6.43,6.42,6.433547718944181
20230606094658070,6.43,6.42,6.433547718944181
20230606094658340,6.43,6.42,6.433547718944181
20230606094658720,6.43,6.42,6.43353605514316
20230606094700700,6.43,6.42,6.43353605514316
20230606094701260,6.43,6.42,6.43353605514316
20230606094701280,6.43,6.42,6.43353605514316
20230606094701430,6.43,6.42,6.433517274218295
20230606094701460,6.43,6.42,6.433500789889416
20230606094703330,6.43,6.42,6.433500789889416
20230606094704000,6.43,6.42,6.433500789889416
20230606094704290,6.43,6.42,6.433500789889416
20230606094704300,6.43,6.42,6.433500789889416
20230606094706480,6.43,6.42,6.433500789889416
20230606094706510,6.43,6.42,6.433500789889416
20230606094706580,6.43,6.42,6.433500789889416
20230606094706760,6.43,6.42,6.433500789889416
20230606094706970,6.43,6.42,6.433500789889416
20230606094708870,6.43,6.42,6.433500789889416
20230606094709010,6.43,6.42,6.433429213953245
20230606094709030,6.43,6.42,6.433429213953245
20230606094709040,6.43,6.42,6.433429213953245
20230606094709370,6.43,6.42,6.433429213953245
20230606094709380,6.43,6.42,6.433429213953245
20230606094709790,6.43,6.42,6.433429213953245
20230606094711730,6.43,6.42,6.433429213953245
20230606094711740,6.43,6.42,6.433428153106044
20230606094712540,6.43,6.42,6.433427450980393
20230606094714180,6.43,6.42,6.433427450980393
20230606094714320,6.43,6.42,6.433427450980393
20230606094714580,6.43,6.42,6.433427450980393
20230606094714680,6.43,6.42,6.433427450980393
20230606094715040,6.43,6.42,6.433427450980393
20230606094715070,6.43,6.42,6.433427450980393
20230606094715090,6.43,6.42,6.433427450980393
20230606094715270,6.43,6.42,6.433427450980393
20230606094717470,6.43,6.42,6.433427450980393
20230606094717620,6.43,6.42,6.433427450980393
20230606094717670,6.43,6.42,6.433427450980393
20230606094719480,6.43,6.42,6.433427450980393
20230606094719600,6.43,6.42,6.433427450980393
20230606094719800,6.43,6.42,6.433427450980393
20230606094720300,6.43,6.42,6.433427450980393
20230606094720630,6.43,6.42,6.433427450980393
20230606094722240,6.43,6.42,6.433427450980393
20230606094722550,6.43,6.42,6.433427450980393
20230606094722590,6.43,6.42,6.433427450980393
20230606094722600,6.43,6.42,6.433427450980393
20230606094723240,6.43,6.42,6.433427450980393
20230606094724890,6.43,6.42,6.433427450980393
20230606094724910,6.43,6.42,6.433427450980393
20230606094725290,6.43,6.42,6.433427450980393
20230606094725850,6.43,6.42,6.433427450980393
20230606094728160,6.43,6.42,6.433427450980393
20230606094728540,6.43,6.42,6.433427450980393
20230606094730520,6.43,6.42,6.433427450980393
20230606094731010,6.43,6.42,6.433427450980393
20230606094731090,6.43,6.42,6.433427450980393
20230606094733020,6.43,6.42,6.433236260914227
20230606094733130,6.43,6.42,6.433236260914227
20230606094733210,6.43,6.42,6.433236260914227
