Timestamp,ask1,bid1,VWAP
20230720093000030,7.06,7.05,7.069447674418605
20230720093000180,7.06,7.05,7.069454022988506
20230720093000190,7.06,7.05,7.069454022988506
20230720093000200,7.06,7.05,7.069454022988506
20230720093000210,7.06,7.05,7.069454022988506
20230720093000220,7.06,7.05,7.069454022988506
20230720093000230,7.06,7.05,7.066300715990454
20230720093000240,7.06,7.06,7.066299765807963
20230720093000250,7.06,7.06,7.066299765807963
20230720093000260,7.06,7.06,7.066299765807963
20230720093000270,7.06,7.06,7.066299765807963
20230720093000280,7.06,7.06,7.066299765807963
20230720093000310,7.06,7.06,7.0663133640553
20230720093000330,7.06,7.06,7.0663133640553
20230720093000340,7.06,7.06,7.0663133640553
20230720093000350,7.06,7.06,7.0663133640553
20230720093000360,7.06,7.06,7.0663133640553
20230720093000370,7.06,7.06,7.0663133640553
20230720093000780,7.06,7.06,7.0663133640553
20230720093000800,7.06,7.06,7.0663133640553
20230720093000850,7.06,7.06,7.066315789473684
20230720093000860,7.06,7.06,7.066315789473684
20230720093000880,7.06,7.06,7.066301369863013
20230720093000910,7.06,7.06,7.066301369863013
20230720093000920,7.06,7.06,7.066301369863013
20230720093000930,7.06,7.06,7.064378787878788
20230720093000950,7.06,7.06,7.064378787878788
20230720093000970,7.06,7.06,7.064378787878788
20230720093000980,7.06,7.06,7.064378787878788
20230720093001010,7.06,7.06,7.064378787878788
20230720093001030,7.06,7.06,7.064378787878788
20230720093001060,7.06,7.06,7.064378787878788
20230720093001070,7.06,7.06,7.064378787878788
20230720093001080,7.06,7.06,7.064378787878788
20230720093001090,7.06,7.06,7.064378787878788
20230720093001100,7.06,7.06,7.064070422535211
20230720093001110,7.06,7.06,7.064051490514905
20230720093001120,7.06,7.06,7.064051490514905
20230720093001130,7.06,7.06,7.064051490514905
20230720093001140,7.06,7.06,7.064051490514905
20230720093001150,7.06,7.06,7.064051490514905
20230720093001180,7.06,7.06,7.064051490514905
20230720093001200,7.06,7.06,7.064428934010152
20230720093001210,7.06,7.06,7.064428934010152
20230720093001220,7.06,7.06,7.064428934010152
20230720093001230,7.06,7.06,7.064471032745592
20230720093001240,7.06,7.06,7.064471032745592
20230720093001990,7.06,7.06,7.064471032745592
20230720093002000,7.06,7.06,7.064471032745592
20230720093002010,7.06,7.06,7.064471032745592
20230720093002020,7.06,7.06,7.064471032745592
20230720093002050,7.06,7.06,7.064471032745592
20230720093002060,7.06,7.06,7.064471032745592
20230720093002070,7.06,7.06,7.06417225950783
20230720093002120,7.06,7.06,7.064299781181619
20230720093002140,7.06,7.06,7.064299781181619
20230720093002170,7.06,7.06,7.064299781181619
20230720093002200,7.06,7.06,7.064299781181619
20230720093002220,7.06,7.06,7.064299781181619
20230720093002260,7.06,7.06,7.064299781181619
20230720093002300,7.06,7.06,7.064318429661941
20230720093002320,7.06,7.06,7.064318429661941
20230720093002330,7.06,7.06,7.064318429661941
20230720093002340,7.06,7.06,7.064318429661941
20230720093002370,7.06,7.06,7.064318429661941
20230720093002380,7.06,7.06,7.064318429661941
20230720093002450,7.06,7.06,7.064309031556039
20230720093002470,7.06,7.06,7.064309031556039
20230720093002520,7.06,7.06,7.064309031556039
20230720093002540,7.06,7.06,7.064309031556039
20230720093002550,7.06,7.06,7.064309031556039
20230720093002560,7.06,7.06,7.064309031556039
20230720093002600,7.06,7.06,7.064309031556039
20230720093002640,7.06,7.06,7.064309031556039
20230720093002690,7.06,7.06,7.064309031556039
20230720093002700,7.06,7.06,7.064309031556039
20230720093002740,7.06,7.06,7.064309031556039
20230720093002750,7.06,7.06,7.064309031556039
20230720093002780,7.06,7.06,7.064309031556039
20230720093002800,7.06,7.06,7.064309031556039
20230720093002830,7.06,7.06,7.064321389793703
20230720093002850,7.06,7.06,7.064321389793703
20230720093002880,7.06,7.06,7.06433369447454
20230720093002890,7.06,7.06,7.06433369447454
20230720093004330,7.06,7.06,7.06433369447454
20230720093004360,7.06,7.06,7.06433369447454
20230720093004440,7.06,7.06,7.06433369447454
20230720093004470,7.06,7.06,7.06433369447454
20230720093004530,7.06,7.06,7.06433369447454
20230720093004570,7.06,7.06,7.06433369447454
20230720093004580,7.06,7.06,7.06433369447454
20230720093004590,7.06,7.06,7.06433369447454
20230720093004760,7.08,7.06,7.06433369447454
20230720093004810,7.08,7.06,7.064360902255639
20230720093004820,7.08,7.06,7.064360902255639
20230720093004840,7.08,7.06,7.064360902255639
20230720093004870,7.07,7.06,7.064360902255639
20230720093004930,7.07,7.06,7.064360902255639
20230720093004950,7.07,7.06,7.064360902255639
20230720093005040,7.07,7.06,7.064360902255639
20230720093005130,7.08,7.06,7.064360902255639
20230720093005790,7.08,7.06,7.064360902255639
20230720093009770,7.06,7.06,7.064360902255639
20230720093009940,7.06,7.06,7.064360902255639
20230720093010110,7.06,7.06,7.064360902255639
20230720093010120,7.06,7.06,7.064360902255639
20230720093010290,7.06,7.06,7.064360902255639
20230720093011420,7.06,7.06,7.064360902255639
20230720093011440,7.06,7.06,7.064360902255639
20230720093011590,7.06,7.06,7.064360902255639
20230720093011640,7.06,7.06,7.064360902255639
20230720093011890,7.06,7.06,7.064444444444445
20230720093011940,7.06,7.06,7.064370078740158
20230720093012090,7.06,7.06,7.064370078740158
20230720093012160,7.06,7.06,7.064370078740158
20230720093012200,7.06,7.06,7.064370078740158
20230720093012340,7.06,7.06,7.064370078740158
20230720093015300,7.06,7.06,7.064370078740158
20230720093015460,7.06,7.06,7.064370078740158
20230720093015710,7.06,7.06,7.064370078740158
20230720093015730,7.06,7.06,7.064370078740158
20230720093015960,7.06,7.06,7.064285714285714
20230720093016070,7.06,7.06,7.064248302618816
20230720093016080,7.06,7.06,7.064104967197751
20230720093016100,7.06,7.06,7.064097287184285
20230720093016110,7.06,7.06,7.064097287184285
20230720093016180,7.06,7.06,7.062973523421588
20230720093016210,7.06,7.06,7.062973523421588
20230720093016440,7.06,7.06,7.062973523421588
20230720093018110,7.08,7.06,7.062973523421588
20230720093018210,7.08,7.06,7.062973523421588
20230720093019070,7.08,7.06,7.062973523421588
20230720093019080,7.08,7.06,7.062973523421588
20230720093019090,7.08,7.06,7.062973523421588
20230720093019110,7.08,7.06,7.062973523421588
20230720093020780,7.08,7.06,7.062973523421588
20230720093020790,7.08,7.06,7.062973523421588
20230720093020930,7.08,7.06,7.062973523421588
20230720093021100,7.08,7.06,7.062973523421588
20230720093021110,7.08,7.06,7.063661971830986
20230720093021140,7.08,7.06,7.063661971830986
20230720093021290,7.08,7.06,7.063661971830986
20230720093021310,7.08,7.06,7.063661971830986
20230720093021320,7.08,7.06,7.063661971830986
20230720093021450,7.08,7.06,7.063661971830986
20230720093021480,7.08,7.06,7.063661971830986
20230720093021500,7.08,7.06,7.063661971830986
20230720093021510,7.08,7.06,7.063661971830986
20230720093021690,7.08,7.06,7.063661971830986
20230720093021750,7.08,7.06,7.063661971830986
20230720093021760,7.07,7.06,7.063661971830986
20230720093021910,7.07,7.06,7.063661971830986
20230720093023780,7.07,7.06,7.063661971830986
20230720093023970,7.07,7.06,7.063661971830986
20230720093024310,7.07,7.06,7.063661971830986
20230720093026110,7.07,7.06,7.063661971830986
20230720093026220,7.07,7.06,7.063661971830986
20230720093026310,7.08,7.06,7.063661971830986
20230720093026430,7.08,7.06,7.063661971830986
20230720093026480,7.07,7.06,7.063661971830986
20230720093026490,7.07,7.06,7.063661971830986
20230720093026580,7.07,7.06,7.063661971830986
20230720093026820,7.07,7.06,7.063661971830986
20230720093027010,7.07,7.06,7.063661971830986
20230720093028940,7.07,7.06,7.063661971830986
20230720093029090,7.07,7.06,7.063661971830986
20230720093029130,7.07,7.06,7.063661971830986
20230720093029340,7.07,7.06,7.063661971830986
20230720093029490,7.07,7.06,7.063661971830986
20230720093029500,7.07,7.07,7.063661971830986
20230720093029510,7.08,7.07,7.063661971830986
20230720093029610,7.08,7.07,7.0639988719684155
20230720093029670,7.08,7.07,7.0639988719684155
20230720093029730,7.08,7.07,7.0639988719684155
20230720093029820,7.08,7.07,7.0639988719684155
20230720093029860,7.08,7.07,7.0639988719684155
20230720093031790,7.08,7.07,7.0639988719684155
20230720093031810,7.08,7.07,7.0639988719684155
20230720093031890,7.08,7.07,7.0639988719684155
20230720093031970,7.08,7.07,7.0639988719684155
20230720093032010,7.08,7.07,7.0639988719684155
20230720093032200,7.08,7.07,7.0639988719684155
20230720093032280,7.08,7.07,7.0639988719684155
20230720093032400,7.08,7.07,7.0639988719684155
20230720093032420,7.08,7.07,7.0639988719684155
20230720093034160,7.08,7.07,7.0639988719684155
20230720093034200,7.08,7.07,7.0639988719684155
20230720093034260,7.08,7.07,7.0639988719684155
20230720093034620,7.08,7.07,7.0639988719684155
20230720093034980,7.08,7.07,7.0639988719684155
20230720093035280,7.08,7.07,7.0639988719684155
20230720093035400,7.08,7.07,7.0639988719684155
20230720093037140,7.08,7.07,7.064313081554461
20230720093037160,7.08,7.07,7.064316192560175
20230720093037520,7.09,7.07,7.064725625998935
20230720093037600,7.09,7.07,7.064725625998935
20230720093037830,7.09,7.07,7.064766206163656
20230720093040000,7.09,7.07,7.064766206163656
20230720093040030,7.09,7.07,7.064766206163656
20230720093040080,7.09,7.07,7.064766206163656
20230720093040130,7.09,7.07,7.064902580305424
20230720093040160,7.09,7.07,7.064902580305424
20230720093040340,7.08,7.07,7.064902580305424
20230720093040490,7.08,7.07,7.064902580305424
20230720093040560,7.08,7.07,7.064915878023133
20230720093040570,7.09,7.07,7.064915878023133
20230720093040580,7.09,7.08,7.064915878023133
20230720093040590,7.09,7.08,7.064915878023133
20230720093040650,7.09,7.08,7.064915878023133
20230720093040660,7.09,7.08,7.064915878023133
20230720093040700,7.09,7.08,7.064915878023133
20230720093042350,7.09,7.08,7.064915878023133
20230720093042440,7.09,7.08,7.064915878023133
20230720093043060,7.09,7.08,7.064915878023133
20230720093043070,7.09,7.08,7.064915878023133
20230720093043080,7.09,7.08,7.064915878023133
20230720093043130,7.09,7.08,7.064915878023133
20230720093043250,7.09,7.08,7.064915878023133
20230720093043440,7.09,7.08,7.064915878023133
20230720093045140,7.09,7.08,7.064915878023133
20230720093045200,7.09,7.08,7.064915878023133
20230720093045260,7.09,7.08,7.064915878023133
20230720093045380,7.08,7.08,7.064915878023133
20230720093045560,7.08,7.08,7.064915878023133
20230720093045590,7.08,7.08,7.064915878023133
20230720093045860,7.08,7.08,7.064915878023133
20230720093046070,7.09,7.08,7.064915878023133
20230720093046090,7.09,7.08,7.064915878023133
20230720093047760,7.09,7.08,7.064915878023133
20230720093047850,7.09,7.08,7.064915878023133
20230720093047950,7.09,7.08,7.064915878023133
20230720093048120,7.09,7.08,7.064915878023133
20230720093048290,7.09,7.08,7.064915878023133
20230720093048710,7.09,7.08,7.064915878023133
20230720093050380,7.09,7.08,7.064915878023133
20230720093050590,7.09,7.08,7.064915878023133
20230720093050770,7.09,7.08,7.064915878023133
20230720093050840,7.09,7.08,7.064915878023133
20230720093051440,7.09,7.08,7.064915878023133
20230720093051600,7.09,7.08,7.064915878023133
20230720093053840,7.09,7.08,7.064915878023133
20230720093053880,7.09,7.08,7.064915878023133
20230720093053910,7.08,7.08,7.064915878023133
20230720093054050,7.08,7.08,7.064915878023133
20230720093054150,7.08,7.08,7.064915878023133
20230720093054160,7.08,7.08,7.064915878023133
20230720093054280,7.08,7.08,7.064915878023133
20230720093056030,7.08,7.08,7.064915878023133
20230720093056080,7.08,7.08,7.064915878023133
20230720093056310,7.08,7.08,7.064915878023133
20230720093056360,7.08,7.08,7.064915878023133
20230720093056430,7.08,7.08,7.064915878023133
20230720093056570,7.08,7.08,7.064915878023133
20230720093056590,7.08,7.08,7.064915878023133
20230720093058660,7.08,7.08,7.064915878023133
20230720093058830,7.08,7.08,7.064915878023133
20230720093058870,7.08,7.08,7.064915878023133
20230720093059070,7.08,7.08,7.064915878023133
20230720093059080,7.08,7.08,7.064915878023133
20230720093059210,7.08,7.08,7.064915878023133
20230720093059470,7.08,7.08,7.064915878023133
20230720093101370,7.08,7.08,7.064915878023133
20230720093101380,7.08,7.08,7.064915878023133
20230720093101410,7.08,7.08,7.064915878023133
20230720093101550,7.08,7.08,7.064915878023133
20230720093101620,7.08,7.08,7.064915878023133
20230720093101770,7.08,7.08,7.064915878023133
20230720093101820,7.08,7.08,7.064915878023133
20230720093101860,7.08,7.08,7.064915878023133
20230720093102020,7.08,7.08,7.064915878023133
20230720093102060,7.08,7.08,7.064915878023133
20230720093102080,7.08,7.08,7.064915878023133
20230720093102110,7.08,7.08,7.064915878023133
20230720093102120,7.08,7.08,7.064915878023133
20230720093102140,7.08,7.08,7.064915878023133
20230720093102150,7.08,7.08,7.064915878023133
20230720093102250,7.08,7.08,7.064915878023133
20230720093102280,7.08,7.08,7.064915878023133
20230720093102310,7.08,7.08,7.064915878023133
20230720093104010,7.08,7.08,7.069519475791773
20230720093104020,7.08,7.08,7.069519475791773
20230720093104060,7.08,7.08,7.069519475791773
20230720093104070,7.08,7.08,7.069519475791773
20230720093104080,7.08,7.08,7.069519475791773
20230720093104090,7.09,7.08,7.069519475791773
20230720093104100,7.09,7.08,7.069519475791773
20230720093104110,7.09,7.08,7.069519475791773
20230720093104120,7.09,7.08,7.069519475791773
20230720093104130,7.09,7.08,7.069519475791773
20230720093104390,7.09,7.08,7.069519475791773
20230720093104440,7.09,7.08,7.069519475791773
20230720093104870,7.09,7.08,7.069519475791773
20230720093104920,7.09,7.08,7.069519475791773
20230720093104930,7.09,7.08,7.069519475791773
20230720093105050,7.09,7.08,7.069519475791773
20230720093105060,7.09,7.08,7.069519475791773
20230720093105070,7.09,7.08,7.069519475791773
20230720093105080,7.09,7.08,7.069519475791773
20230720093105100,7.09,7.08,7.069519475791773
20230720093106710,7.09,7.08,7.069519475791773
20230720093106760,7.09,7.08,7.069519475791773
20230720093106870,7.09,7.08,7.069519475791773
20230720093107080,7.09,7.08,7.069519475791773
20230720093107090,7.09,7.08,7.069519475791773
20230720093107500,7.09,7.08,7.069519475791773
20230720093107550,7.09,7.08,7.069519475791773
20230720093107700,7.09,7.08,7.069519475791773
20230720093109460,7.09,7.08,7.069519475791773
20230720093109470,7.09,7.08,7.069519475791773
20230720093109630,7.09,7.08,7.069519475791773
20230720093110030,7.09,7.08,7.069519475791773
20230720093110040,7.09,7.08,7.069519475791773
20230720093110300,7.09,7.08,7.069519475791773
20230720093112100,7.09,7.08,7.069519475791773
20230720093112130,7.09,7.08,7.069519475791773
20230720093112140,7.09,7.08,7.069519475791773
20230720093112150,7.09,7.08,7.069519475791773
20230720093112740,7.08,7.08,7.069519475791773
20230720093112910,7.08,7.08,7.069519475791773
20230720093113000,7.09,7.08,7.069519475791773
20230720093113080,7.09,7.08,7.069519475791773
20230720093113180,7.09,7.07,7.069519475791773
20230720093114800,7.09,7.07,7.069519475791773
20230720093115000,7.09,7.07,7.069519475791773
20230720093115170,7.09,7.07,7.069519475791773
20230720093115370,7.09,7.07,7.069519475791773
20230720093115480,7.09,7.07,7.069519475791773
20230720093115900,7.09,7.07,7.069519475791773
20230720093117950,7.09,7.07,7.069519475791773
20230720093118050,7.09,7.07,7.069519475791773
20230720093118130,7.09,7.07,7.069519475791773
20230720093118140,7.09,7.07,7.069519475791773
20230720093118190,7.09,7.07,7.069519475791773
20230720093118220,7.09,7.07,7.069519475791773
20230720093118290,7.09,7.07,7.069519475791773
20230720093120460,7.09,7.07,7.069519475791773
20230720093120490,7.09,7.07,7.069519475791773
20230720093120540,7.09,7.07,7.069519475791773
20230720093120650,7.09,7.07,7.069519475791773
20230720093120940,7.09,7.07,7.069519475791773
20230720093121080,7.09,7.07,7.069519475791773
20230720093123520,7.09,7.07,7.069519475791773
20230720093123650,7.09,7.07,7.069519475791773
20230720093125620,7.09,7.07,7.069519475791773
20230720093125630,7.09,7.07,7.069519475791773
20230720093126340,7.09,7.07,7.069519475791773
20230720093126360,7.09,7.07,7.069519475791773
20230720093128910,7.09,7.07,7.069519475791773
20230720093129040,7.09,7.07,7.069519475791773
20230720093129130,7.09,7.07,7.069519475791773
20230720093129200,7.09,7.07,7.069519475791773
20230720093129280,7.09,7.07,7.069519475791773
20230720093129340,7.09,7.07,7.069519475791773
20230720093129390,7.09,7.07,7.069519475791773
20230720093130860,7.09,7.07,7.069519475791773
20230720093131040,7.09,7.07,7.069519475791773
20230720093131050,7.09,7.07,7.069519475791773
20230720093131490,7.09,7.07,7.069519475791773
20230720093131520,7.09,7.07,7.069519475791773
20230720093133800,7.09,7.07,7.069519475791773
20230720093133840,7.09,7.07,7.069519475791773
20230720093133850,7.09,7.07,7.069519475791773
20230720093134070,7.09,7.07,7.069519475791773
20230720093134110,7.08,7.07,7.069519475791773
20230720093134220,7.08,7.07,7.069519475791773
20230720093134350,7.08,7.07,7.069519475791773
20230720093134390,7.08,7.07,7.069519475791773
20230720093134690,7.08,7.07,7.069519475791773
20230720093136610,7.08,7.07,7.070672009864365
20230720093137450,7.09,7.07,7.070672009864365
20230720093137490,7.08,7.07,7.070672009864365
20230720093139200,7.08,7.07,7.070672009864365
20230720093139250,7.08,7.07,7.070672009864365
20230720093139460,7.08,7.07,7.070672009864365
20230720093139620,7.09,7.07,7.070672009864365
20230720093139690,7.09,7.07,7.070672009864365
20230720093139750,7.08,7.07,7.070672009864365
20230720093139930,7.08,7.07,7.070807774066201
20230720093139980,7.08,7.07,7.070807774066201
20230720093141790,7.08,7.07,7.070807774066201
20230720093142010,7.08,7.07,7.070807774066201
20230720093142020,7.08,7.07,7.070807774066201
20230720093142080,7.08,7.07,7.070807774066201
20230720093144410,7.08,7.07,7.070807774066201
20230720093144670,7.08,7.07,7.070807774066201
20230720093144850,7.08,7.07,7.070807774066201
20230720093147440,7.08,7.07,7.070807774066201
20230720093147600,7.08,7.07,7.070807774066201
20230720093147660,7.08,7.07,7.070807774066201
20230720093147720,7.08,7.07,7.070807774066201
20230720093148240,7.08,7.07,7.070807774066201
20230720093150110,7.08,7.07,7.070807774066201
20230720093150120,7.08,7.07,7.070805816419267
20230720093150130,7.08,7.07,7.070805816419267
20230720093150340,7.08,7.07,7.070764587525151
20230720093150780,7.08,7.07,7.070764587525151
20230720093150910,7.08,7.07,7.070764587525151
20230720093153090,7.08,7.07,7.070764587525151
20230720093155260,7.08,7.07,7.070764587525151
20230720093155290,7.08,7.07,7.070764587525151
20230720093155960,7.08,7.07,7.070764587525151
20230720093156320,7.08,7.07,7.070764587525151
20230720093157940,7.08,7.07,7.070764587525151
20230720093157980,7.08,7.07,7.070764587525151
20230720093158120,7.09,7.07,7.070764587525151
20230720093158200,7.09,7.07,7.070764587525151
20230720093158320,7.09,7.07,7.070764587525151
20230720093158620,7.09,7.07,7.070900250069464
20230720093158660,7.09,7.07,7.070900250069464
20230720093200830,7.09,7.07,7.070900250069464
20230720093201100,7.09,7.07,7.070945534973736
20230720093201180,7.09,7.07,7.070963024282561
20230720093201360,7.09,7.07,7.070963024282561
20230720093201610,7.09,7.07,7.070963024282561
20230720093203430,7.09,7.07,7.070963024282561
20230720093203440,7.09,7.07,7.070970499035015
20230720093203550,7.09,7.07,7.070970499035015
20230720093203730,7.09,7.07,7.071392904073587
20230720093203740,7.09,7.07,7.071392904073587
20230720093203810,7.08,7.07,7.071392904073587
20230720093203820,7.09,7.07,7.071392904073587
20230720093204080,7.09,7.07,7.071392904073587
20230720093204090,7.09,7.08,7.071392904073587
20230720093204100,7.09,7.08,7.071392904073587
20230720093204110,7.09,7.08,7.071392904073587
20230720093204120,7.09,7.08,7.071392904073587
20230720093204150,7.09,7.08,7.071392904073587
20230720093204240,7.09,7.08,7.071392904073587
20230720093204250,7.09,7.08,7.071392904073587
20230720093206120,7.09,7.08,7.071392904073587
20230720093206130,7.09,7.08,7.071392904073587
20230720093206360,7.09,7.08,7.071624195624196
20230720093206390,7.09,7.08,7.071624195624196
20230720093206520,7.09,7.08,7.071624195624196
20230720093206710,7.09,7.08,7.071624195624196
20230720093206920,7.09,7.08,7.071624195624196
20230720093206940,7.09,7.08,7.071624195624196
20230720093207080,7.09,7.08,7.071624195624196
20230720093208740,7.09,7.08,7.071624195624196
20230720093208770,7.09,7.08,7.072566544566545
20230720093208820,7.09,7.08,7.072566544566545
20230720093208850,7.09,7.08,7.072566544566545
20230720093208870,7.09,7.08,7.072566544566545
20230720093209090,7.09,7.08,7.072566544566545
20230720093209200,7.09,7.08,7.072566544566545
20230720093209400,7.1,7.08,7.074071842927265
20230720093209410,7.09,7.08,7.074071842927265
20230720093209430,7.09,7.08,7.074071842927265
20230720093209460,7.09,7.08,7.074071842927265
20230720093209800,7.09,7.08,7.074071842927265
20230720093211470,7.09,7.08,7.074071842927265
20230720093211480,7.09,7.08,7.074071842927265
20230720093211540,7.09,7.08,7.074071842927265
20230720093211560,7.09,7.08,7.074071842927265
20230720093211610,7.09,7.08,7.074071842927265
20230720093211620,7.09,7.08,7.074071842927265
20230720093211700,7.09,7.08,7.074071842927265
20230720093211720,7.09,7.08,7.074071842927265
20230720093211730,7.09,7.08,7.074071842927265
20230720093211740,7.09,7.08,7.074071842927265
20230720093211750,7.09,7.08,7.074071842927265
20230720093212060,7.1,7.08,7.074181254154665
20230720093212180,7.1,7.08,7.074181254154665
20230720093212350,7.1,7.08,7.074181254154665
20230720093214400,7.1,7.08,7.074517458252006
20230720093214440,7.1,7.08,7.074517458252006
20230720093214530,7.1,7.08,7.074517458252006
20230720093214640,7.1,7.08,7.074517458252006
20230720093214720,7.09,7.08,7.074517458252006
20230720093215080,7.09,7.08,7.074517458252006
20230720093215110,7.1,7.08,7.074517458252006
20230720093215260,7.1,7.08,7.074517458252006
20230720093216880,7.09,7.08,7.074517458252006
20230720093217170,7.09,7.08,7.074517458252006
20230720093217190,7.09,7.08,7.074517458252006
20230720093217210,7.09,7.08,7.074517458252006
20230720093217340,7.09,7.08,7.074517458252006
20230720093217730,7.09,7.08,7.074517458252006
20230720093217740,7.09,7.08,7.074517458252006
20230720093219500,7.09,7.08,7.074517458252006
20230720093219830,7.09,7.08,7.074517458252006
20230720093219870,7.09,7.08,7.074517458252006
20230720093219940,7.09,7.08,7.074517458252006
20230720093220010,7.09,7.08,7.074517458252006
20230720093220060,7.09,7.08,7.074517458252006
20230720093220090,7.09,7.08,7.074517458252006
20230720093220230,7.09,7.08,7.074517458252006
20230720093222200,7.09,7.08,7.074517458252006
20230720093222480,7.09,7.08,7.07537533237881
20230720093222880,7.09,7.08,7.0755087150385085
20230720093225080,7.09,7.08,7.075514586709887
20230720093225090,7.09,7.08,7.075651214128035
20230720093225100,7.09,7.08,7.075651214128035
20230720093225170,7.09,7.08,7.075651214128035
20230720093225400,7.09,7.08,7.075651214128035
20230720093225500,7.09,7.08,7.075651214128035
20230720093225530,7.09,7.08,7.075651214128035
20230720093227590,7.09,7.08,7.075651214128035
20230720093227750,7.09,7.08,7.075651214128035
20230720093227810,7.09,7.08,7.075651214128035
20230720093227840,7.09,7.08,7.075651214128035
20230720093227860,7.09,7.08,7.075651214128035
20230720093228080,7.09,7.08,7.075656970912738
20230720093228630,7.09,7.08,7.075656970912738
20230720093228640,7.09,7.08,7.075656970912738
20230720093228660,7.09,7.08,7.075656970912738
20230720093230370,7.09,7.08,7.075656970912738
20230720093230390,7.09,7.08,7.075668470635398
20230720093230790,7.09,7.08,7.075668470635398
20230720093231350,7.09,7.08,7.075668470635398
20230720093231440,7.09,7.08,7.075668470635398
20230720093233120,7.09,7.08,7.075668470635398
20230720093233130,7.09,7.08,7.075668470635398
20230720093233140,7.09,7.08,7.075668470635398
20230720093233680,7.09,7.08,7.075668470635398
20230720093233710,7.09,7.08,7.075668470635398
20230720093233760,7.09,7.08,7.075668470635398
20230720093233780,7.09,7.08,7.075668470635398
20230720093233790,7.09,7.08,7.07579093799682
20230720093234080,7.09,7.08,7.075796583234009
20230720093234130,7.09,7.08,7.075796583234009
20230720093235640,7.09,7.08,7.075796583234009
20230720093235680,7.09,7.08,7.075796583234009
20230720093235770,7.09,7.08,7.075796583234009
20230720093235780,7.09,7.08,7.075796583234009
20230720093235810,7.09,7.08,7.075796583234009
20230720093235880,7.09,7.08,7.075796583234009
20230720093235910,7.09,7.08,7.075796583234009
20230720093236020,7.09,7.08,7.075796583234009
20230720093236180,7.09,7.08,7.075796583234009
20230720093236410,7.09,7.08,7.075796583234009
20230720093236460,7.09,7.08,7.075796583234009
20230720093236630,7.09,7.08,7.075796583234009
20230720093236840,7.09,7.08,7.075796583234009
20230720093238450,7.09,7.08,7.075796583234009
20230720093238510,7.09,7.08,7.075796583234009
20230720093238520,7.09,7.08,7.075796583234009
20230720093239080,7.09,7.08,7.075852743782076
20230720093239250,7.09,7.08,7.075852743782076
20230720093239370,7.09,7.08,7.075852743782076
20230720093239390,7.09,7.08,7.075852743782076
20230720093241550,7.09,7.08,7.075852743782076
20230720093243760,7.09,7.08,7.075852743782076
20230720093243910,7.09,7.08,7.075852743782076
20230720093243930,7.09,7.08,7.075852743782076
20230720093244120,7.09,7.08,7.075852743782076
20230720093244380,7.09,7.08,7.075852743782076
20230720093244440,7.09,7.08,7.075852743782076
20230720093244480,7.09,7.08,7.075852743782076
20230720093244490,7.09,7.08,7.075852743782076
20230720093244540,7.09,7.08,7.075852743782076
20230720093244990,7.09,7.08,7.075852743782076
20230720093245000,7.09,7.08,7.075852743782076
20230720093246460,7.09,7.08,7.075852743782076
20230720093246490,7.09,7.08,7.075852743782076
20230720093246500,7.09,7.08,7.075852743782076
20230720093246540,7.09,7.08,7.075852743782076
20230720093247000,7.09,7.08,7.075852743782076
20230720093247550,7.09,7.08,7.075852743782076
20230720093247690,7.09,7.08,7.075852743782076
20230720093249170,7.09,7.08,7.075852743782076
20230720093249230,7.09,7.08,7.075852743782076
20230720093249490,7.09,7.08,7.075852743782076
20230720093249600,7.09,7.08,7.075852743782076
20230720093249830,7.09,7.08,7.075852743782076
20230720093249920,7.09,7.08,7.075852743782076
20230720093249930,7.09,7.08,7.075852743782076
20230720093250150,7.09,7.08,7.075852743782076
20230720093252100,7.09,7.08,7.075852743782076
20230720093252220,7.09,7.08,7.075852743782076
20230720093252460,7.09,7.08,7.075852743782076
20230720093254640,7.09,7.08,7.075852743782076
20230720093254980,7.09,7.08,7.075852743782076
20230720093255090,7.09,7.08,7.075852743782076
20230720093255160,7.09,7.08,7.075852743782076
20230720093255210,7.09,7.08,7.075852743782076
20230720093255250,7.09,7.08,7.075852743782076
20230720093255410,7.09,7.08,7.075852743782076
20230720093255420,7.09,7.08,7.075852743782076
20230720093255430,7.09,7.08,7.075852743782076
20230720093257330,7.09,7.08,7.075852743782076
20230720093257490,7.09,7.08,7.075852743782076
20230720093257590,7.09,7.08,7.076433844406587
20230720093257860,7.09,7.08,7.07658869760479
20230720093257940,7.09,7.08,7.07658869760479
20230720093258070,7.09,7.08,7.076631225517628
20230720093258080,7.1,7.08,7.077149004841313
20230720093258090,7.1,7.08,7.077240519850454
20230720093258100,7.1,7.08,7.077240519850454
20230720093258110,7.1,7.08,7.077240519850454
20230720093258180,7.1,7.08,7.077240519850454
20230720093258280,7.1,7.08,7.077240519850454
20230720093258400,7.1,7.08,7.077240519850454
20230720093258480,7.1,7.08,7.077240519850454
20230720093300110,7.09,7.08,7.077240519850454
20230720093300180,7.09,7.08,7.077240519850454
20230720093300190,7.09,7.08,7.077240519850454
20230720093300350,7.1,7.08,7.077240519850454
20230720093300460,7.1,7.08,7.077240519850454
20230720093300480,7.1,7.08,7.077240519850454
20230720093300500,7.1,7.08,7.077240519850454
20230720093300540,7.1,7.08,7.077240519850454
20230720093300640,7.1,7.08,7.077240519850454
20230720093300660,7.1,7.08,7.077240519850454
20230720093300740,7.1,7.08,7.077240519850454
20230720093300750,7.1,7.08,7.077240519850454
20230720093300880,7.1,7.08,7.077240519850454
20230720093301080,7.1,7.08,7.077240519850454
20230720093301090,7.1,7.09,7.07838599902771
20230720093301100,7.1,7.09,7.07838599902771
20230720093301110,7.1,7.09,7.0784174757281555
20230720093301120,7.1,7.09,7.0784174757281555
20230720093301130,7.1,7.09,7.0784174757281555
20230720093301180,7.1,7.09,7.0784174757281555
20230720093302800,7.1,7.09,7.0784174757281555
20230720093302820,7.1,7.09,7.0784174757281555
20230720093302880,7.1,7.09,7.0784174757281555
20230720093303370,7.1,7.09,7.078419349619803
20230720093303560,7.1,7.09,7.078419349619803
20230720093303660,7.1,7.09,7.078419349619803
20230720093303690,7.1,7.09,7.078419349619803
20230720093303790,7.1,7.09,7.078419349619803
20230720093303810,7.1,7.09,7.078419349619803
20230720093305450,7.1,7.09,7.078419349619803
20230720093305580,7.1,7.09,7.07848201322794
20230720093305650,7.1,7.09,7.078491295938105
20230720093305750,7.1,7.09,7.078491295938105
20230720093306260,7.1,7.09,7.078491295938105
20230720093306430,7.1,7.09,7.078491295938105
20230720093306450,7.1,7.09,7.078491295938105
20230720093308090,7.1,7.09,7.078491295938105
20230720093308220,7.1,7.09,7.078491295938105
20230720093308250,7.1,7.09,7.078491295938105
20230720093308630,7.1,7.09,7.078491295938105
20230720093308670,7.1,7.09,7.078491295938105
20230720093308720,7.1,7.09,7.078491295938105
20230720093308780,7.1,7.09,7.079153257303546
20230720093308790,7.1,7.09,7.079156513589504
20230720093308990,7.1,7.09,7.079172779772124
20230720093310770,7.1,7.09,7.079172779772124
20230720093310910,7.1,7.09,7.079172779772124
20230720093311090,7.1,7.09,7.079172779772124
20230720093311900,7.1,7.09,7.07998800239952
20230720093311910,7.1,7.09,7.080154669839382
20230720093311920,7.11,7.1,7.087617630649061
20230720093311930,7.11,7.1,7.087617630649061
20230720093311950,7.11,7.1,7.087617630649061
20230720093311960,7.11,7.1,7.087617630649061
20230720093311990,7.11,7.1,7.087623385072962
20230720093313480,7.11,7.1,7.087623385072962
20230720093313580,7.11,7.1,7.087623385072962
20230720093313600,7.11,7.1,7.087623385072962
20230720093313910,7.11,7.1,7.087623385072962
20230720093314000,7.11,7.1,7.087623385072962
20230720093314060,7.11,7.1,7.087623385072962
20230720093314220,7.11,7.1,7.087623385072962
20230720093314250,7.11,7.1,7.087623385072962
20230720093314340,7.11,7.1,7.087623385072962
20230720093316140,7.11,7.1,7.087623385072962
20230720093316150,7.11,7.1,7.087623385072962
20230720093316170,7.11,7.1,7.087623385072962
20230720093316240,7.11,7.1,7.087623385072962
20230720093316290,7.11,7.1,7.087623385072962
20230720093316710,7.11,7.1,7.087623385072962
20230720093317000,7.11,7.1,7.087644601244081
20230720093317050,7.11,7.1,7.087644601244081
20230720093317370,7.11,7.1,7.087644601244081
20230720093319040,7.11,7.1,7.087644601244081
20230720093319160,7.11,7.1,7.087657047415793
20230720093319350,7.11,7.1,7.087657047415793
20230720093319390,7.11,7.1,7.088002009866618
20230720093319570,7.11,7.1,7.088002009866618
20230720093319710,7.11,7.1,7.088002009866618
20230720093319730,7.11,7.1,7.088002009866618
20230720093319860,7.11,7.1,7.088002009866618
20230720093319900,7.11,7.1,7.088002009866618
20230720093319930,7.11,7.1,7.088002009866618
20230720093319960,7.11,7.1,7.088002009866618
20230720093320050,7.11,7.1,7.088002009866618
20230720093321690,7.11,7.1,7.088022088353414
20230720093321700,7.11,7.1,7.088022088353414
20230720093322060,7.11,7.1,7.088022088353414
20230720093322320,7.11,7.1,7.088022088353414
20230720093322440,7.11,7.1,7.088022088353414
20230720093324330,7.11,7.1,7.088022088353414
20230720093324430,7.11,7.1,7.088022088353414
20230720093324500,7.11,7.1,7.088022088353414
20230720093324560,7.11,7.1,7.088022088353414
20230720093324650,7.11,7.1,7.088022088353414
20230720093324660,7.11,7.1,7.088022088353414
20230720093324680,7.11,7.1,7.088034117861704
20230720093324870,7.1,7.1,7.088074370397309
20230720093325110,7.1,7.1,7.088074370397309
20230720093325370,7.1,7.1,7.088074370397309
20230720093327170,7.1,7.1,7.088074370397309
20230720093327180,7.1,7.1,7.088080349027449
20230720093327320,7.1,7.1,7.088080349027449
20230720093327340,7.1,7.1,7.088080349027449
20230720093327520,7.1,7.1,7.088080349027449
20230720093327580,7.1,7.1,7.088080349027449
20230720093327630,7.1,7.1,7.088080349027449
20230720093327900,7.1,7.1,7.088080349027449
20230720093329860,7.1,7.1,7.088080349027449
20230720093329900,7.1,7.1,7.088080349027449
20230720093330160,7.1,7.1,7.088080349027449
20230720093330460,7.1,7.1,7.088080349027449
20230720093330560,7.1,7.1,7.088080349027449
20230720093330570,7.1,7.1,7.088080349027449
20230720093330600,7.1,7.1,7.088099346167817
20230720093332570,7.1,7.1,7.088099346167817
20230720093332590,7.1,7.1,7.088239646305152
20230720093332620,7.1,7.1,7.08825142032645
20230720093332690,7.1,7.1,7.08825142032645
20230720093332700,7.1,7.1,7.08825142032645
20230720093332790,7.1,7.1,7.08825142032645
20230720093333110,7.1,7.1,7.08825142032645
20230720093333140,7.1,7.1,7.08825142032645
20230720093333150,7.1,7.1,7.0882612222823145
20230720093333290,7.1,7.1,7.0882612222823145
20230720093333320,7.11,7.1,7.088300341911103
20230720093333350,7.11,7.1,7.088300341911103
20230720093333410,7.11,7.1,7.088300341911103
20230720093333450,7.11,7.1,7.088300341911103
20230720093335060,7.11,7.1,7.088304246131702
20230720093335090,7.11,7.1,7.088304246131702
20230720093335420,7.11,7.1,7.088304246131702
20230720093335450,7.11,7.1,7.088304246131702
20230720093335470,7.11,7.1,7.088304246131702
20230720093335710,7.11,7.1,7.088304246131702
20230720093335820,7.11,7.1,7.088304246131702
20230720093335900,7.11,7.1,7.088304246131702
20230720093336040,7.11,7.1,7.088304246131702
20230720093336120,7.11,7.1,7.088336772225711
20230720093336200,7.11,7.1,7.088340658355009
20230720093337890,7.11,7.1,7.088340658355009
20230720093337910,7.11,7.1,7.088578905349064
20230720093338020,7.11,7.1,7.088578905349064
20230720093338060,7.11,7.1,7.088578905349064
20230720093338630,7.11,7.1,7.088578905349064
20230720093338890,7.11,7.1,7.088730298494321
20230720093340450,7.11,7.1,7.088730298494321
20230720093340520,7.11,7.1,7.0887352578771345
20230720093340740,7.11,7.1,7.0887352578771345
20230720093340850,7.11,7.1,7.0887352578771345
20230720093341260,7.11,7.1,7.0887352578771345
20230720093341310,7.11,7.1,7.0887352578771345
20230720093341540,7.11,7.1,7.0887352578771345
20230720093341630,7.11,7.1,7.0887352578771345
20230720093343150,7.11,7.1,7.0887352578771345
20230720093343160,7.11,7.1,7.0887352578771345
20230720093343180,7.11,7.1,7.0887352578771345
20230720093343240,7.11,7.1,7.0887352578771345
20230720093343530,7.11,7.1,7.0887352578771345
20230720093343790,7.11,7.1,7.0887352578771345
20230720093343840,7.11,7.1,7.0887352578771345
20230720093344090,7.11,7.1,7.0887352578771345
20230720093344290,7.11,7.1,7.0887352578771345
20230720093345890,7.11,7.1,7.089234207133648
20230720093345950,7.11,7.1,7.089237776059122
20230720093346090,7.11,7.1,7.089257383241758
20230720093346180,7.11,7.1,7.089257383241758
20230720093346200,7.11,7.1,7.089257383241758
20230720093346210,7.11,7.1,7.089257383241758
20230720093346220,7.11,7.1,7.089257383241758
20230720093346510,7.11,7.1,7.089257383241758
20230720093346670,7.11,7.1,7.089257383241758
20230720093346740,7.11,7.1,7.089257383241758
20230720093346830,7.11,7.1,7.089257383241758
20230720093347040,7.11,7.1,7.089257383241758
20230720093347080,7.11,7.1,7.089257383241758
20230720093348820,7.11,7.1,7.089257383241758
20230720093348920,7.11,7.1,7.089257383241758
20230720093348970,7.11,7.1,7.089257383241758
20230720093348980,7.11,7.1,7.089257383241758
20230720093349020,7.11,7.1,7.089257383241758
20230720093349110,7.11,7.1,7.089257383241758
20230720093349150,7.11,7.1,7.089257383241758
20230720093349180,7.11,7.1,7.089257383241758
20230720093349190,7.11,7.1,7.089257383241758
20230720093349210,7.11,7.1,7.089257383241758
20230720093349460,7.11,7.1,7.089257383241758
20230720093349670,7.11,7.1,7.089257383241758
20230720093349700,7.11,7.1,7.089257383241758
20230720093351380,7.11,7.1,7.089257383241758
20230720093351450,7.11,7.1,7.089574773860851
20230720093351670,7.11,7.1,7.089574773860851
20230720093352070,7.11,7.1,7.089574773860851
20230720093352080,7.11,7.1,7.089610970464135
20230720093352090,7.11,7.1,7.089612690912159
20230720093352140,7.11,7.1,7.089612690912159
20230720093352400,7.11,7.1,7.089612690912159
20230720093352410,7.11,7.1,7.089612690912159
20230720093352420,7.11,7.1,7.089612690912159
20230720093352480,7.11,7.1,7.089612690912159
20230720093354010,7.11,7.1,7.089612690912159
20230720093354020,7.11,7.1,7.089612690912159
20230720093354100,7.11,7.1,7.089638462834991
20230720093354140,7.11,7.1,7.089645324347093
20230720093354150,7.11,7.1,7.089648753369272
20230720093354190,7.11,7.1,7.089669303264894
20230720093354210,7.11,7.1,7.089669303264894
20230720093354320,7.11,7.1,7.089679562657696
20230720093354410,7.11,7.1,7.089679562657696
20230720093354450,7.11,7.1,7.0898490408673895
20230720093354460,7.11,7.1,7.08991604322527
20230720093354490,7.11,7.1,7.08991604322527
20230720093354520,7.11,7.1,7.08991604322527
20230720093354590,7.11,7.1,7.08991604322527
20230720093354660,7.11,7.1,7.08991604322527
20230720093354680,7.11,7.1,7.08991604322527
20230720093354820,7.11,7.1,7.08991604322527
20230720093354830,7.11,7.1,7.08991604322527
20230720093355020,7.11,7.1,7.089934390831326
20230720093355140,7.11,7.1,7.089934390831326
20230720093356700,7.11,7.1,7.089934390831326
20230720093356750,7.11,7.1,7.089934390831326
20230720093356780,7.11,7.1,7.089934390831326
20230720093356810,7.11,7.1,7.089934390831326
20230720093356850,7.11,7.1,7.089934390831326
20230720093356880,7.11,7.1,7.089934390831326
20230720093356960,7.11,7.1,7.089934390831326
20230720093357030,7.11,7.1,7.089934390831326
20230720093357070,7.11,7.1,7.089934390831326
20230720093357210,7.11,7.1,7.089934390831326
20230720093357300,7.11,7.1,7.089934390831326
20230720093357310,7.11,7.1,7.089934390831326
20230720093357520,7.11,7.1,7.089934390831326
20230720093357630,7.11,7.1,7.089934390831326
20230720093357690,7.11,7.1,7.089934390831326
20230720093357810,7.11,7.1,7.089934390831326
20230720093359410,7.12,7.1,7.089934390831326
20230720093359420,7.12,7.1,7.089934390831326
20230720093359430,7.12,7.1,7.089934390831326
20230720093359440,7.12,7.1,7.089934390831326
20230720093359450,7.12,7.1,7.089934390831326
20230720093359480,7.12,7.1,7.089934390831326
20230720093359490,7.12,7.1,7.089934390831326
20230720093359510,7.12,7.1,7.089934390831326
20230720093359530,7.12,7.1,7.089934390831326
20230720093359550,7.12,7.1,7.089934390831326
20230720093359580,7.12,7.1,7.089934390831326
20230720093359590,7.11,7.1,7.089934390831326
20230720093359720,7.11,7.1,7.089934390831326
20230720093359860,7.11,7.1,7.089934390831326
20230720093359990,7.11,7.1,7.089934390831326
20230720093400080,7.11,7.1,7.089934390831326
20230720093400090,7.12,7.1,7.089934390831326
20230720093400100,7.12,7.1,7.089934390831326
20230720093400130,7.12,7.1,7.089934390831326
20230720093400200,7.12,7.1,7.089934390831326
20230720093400220,7.12,7.1,7.089934390831326
20230720093400240,7.12,7.1,7.089934390831326
20230720093400330,7.12,7.1,7.089934390831326
20230720093400420,7.12,7.1,7.090723631721717
20230720093400450,7.12,7.1,7.090726707083599
20230720093400550,7.12,7.11,7.090826124910722
20230720093400560,7.12,7.1,7.090826124910722
20230720093402550,7.12,7.1,7.090826124910722
20230720093402570,7.12,7.1,7.090826124910722
20230720093402580,7.12,7.1,7.090826124910722
20230720093402590,7.12,7.1,7.090826124910722
20230720093402710,7.12,7.1,7.090826124910722
20230720093402790,7.12,7.1,7.090826124910722
20230720093402860,7.12,7.1,7.090826124910722
20230720093402970,7.12,7.1,7.0908723555978135
20230720093402990,7.12,7.1,7.0908723555978135
20230720093403070,7.12,7.1,7.0908723555978135
20230720093403080,7.12,7.1,7.0908723555978135
20230720093404940,7.12,7.1,7.0908723555978135
20230720093405040,7.12,7.1,7.0908723555978135
20230720093405140,7.12,7.1,7.0908723555978135
20230720093405150,7.12,7.1,7.0908723555978135
20230720093405490,7.11,7.1,7.090991338582677
20230720093405550,7.11,7.1,7.090991338582677
20230720093405560,7.11,7.1,7.09100479974821
20230720093405610,7.11,7.1,7.09100479974821
20230720093405640,7.11,7.1,7.09100479974821
20230720093405700,7.11,7.1,7.09100479974821
20230720093407440,7.11,7.1,7.09100479974821
20230720093407660,7.11,7.1,7.09100479974821
20230720093407690,7.11,7.1,7.09100479974821
20230720093407700,7.11,7.1,7.0910245740755276
20230720093407740,7.11,7.1,7.091135654074305
20230720093407770,7.11,7.1,7.091135654074305
20230720093407810,7.11,7.1,7.091135654074305
20230720093407850,7.11,7.1,7.091135654074305
20230720093407930,7.11,7.1,7.0911385984079915
20230720093408020,7.11,7.1,7.0911385984079915
20230720093408120,7.11,7.1,7.0911385984079915
20230720093408200,7.11,7.1,7.0911385984079915
20230720093408260,7.11,7.1,7.091151836543711
20230720093408320,7.11,7.1,7.091151836543711
20230720093408370,7.11,7.1,7.091151836543711
20230720093408440,7.11,7.1,7.091151836543711
20230720093408630,7.11,7.1,7.091151836543711
20230720093410320,7.11,7.1,7.091151836543711
20230720093410330,7.11,7.1,7.091151836543711
20230720093410430,7.11,7.1,7.091151836543711
20230720093410530,7.11,7.1,7.091151836543711
20230720093410540,7.11,7.1,7.091151836543711
20230720093410660,7.11,7.1,7.091201680018667
20230720093410720,7.11,7.1,7.091201680018667
20230720093410740,7.11,7.1,7.091201680018667
20230720093410820,7.11,7.1,7.091201680018667
20230720093410910,7.11,7.11,7.091216289733427
20230720093410980,7.11,7.11,7.091232334213387
20230720093410990,7.11,7.11,7.091235248447205
20230720093411040,7.11,7.11,7.091235248447205
20230720093411100,7.11,7.1,7.091245441142236
20230720093411170,7.11,7.1,7.091245441142236
20230720093413050,7.11,7.11,7.091245441142236
20230720093413080,7.11,7.1,7.091245441142236
20230720093413090,7.11,7.1,7.091245441142236
20230720093413320,7.11,7.1,7.091245441142236
20230720093413480,7.11,7.1,7.091245441142236
20230720093413490,7.12,7.1,7.091517665130568
20230720093413610,7.12,7.1,7.091517665130568
20230720093413820,7.12,7.1,7.091517665130568
20230720093413880,7.12,7.1,7.091517665130568
20230720093413950,7.12,7.1,7.091517665130568
20230720093413970,7.12,7.1,7.091517665130568
20230720093413980,7.12,7.1,7.091517665130568
20230720093414010,7.12,7.1,7.091517665130568
20230720093414020,7.12,7.1,7.091517665130568
20230720093415640,7.11,7.1,7.091517665130568
20230720093415690,7.11,7.1,7.091517665130568
20230720093415850,7.11,7.1,7.091517665130568
20230720093416030,7.11,7.1,7.091517665130568
20230720093416070,7.11,7.1,7.091517665130568
20230720093416080,7.11,7.1,7.091517665130568
20230720093416110,7.11,7.1,7.091517665130568
20230720093416120,7.11,7.1,7.091560153256705
20230720093416130,7.11,7.1,7.091560153256705
20230720093416150,7.12,7.11,7.091605259134689
20230720093416240,7.12,7.11,7.09164427480916
20230720093416330,7.12,7.11,7.091661073825503
20230720093416370,7.12,7.11,7.091661073825503
20230720093416570,7.12,7.11,7.091661073825503
20230720093416650,7.12,7.11,7.091875567665759
20230720093416700,7.12,7.11,7.091875567665759
20230720093416730,7.12,7.11,7.091875567665759
20230720093416760,7.12,7.11,7.091875567665759
20230720093416780,7.12,7.11,7.091875567665759
20230720093418310,7.12,7.11,7.091875567665759
20230720093418520,7.12,7.11,7.091875567665759
20230720093418600,7.12,7.11,7.091875567665759
20230720093418680,7.12,7.11,7.091875567665759
20230720093418830,7.12,7.11,7.091886535552193
20230720093418850,7.12,7.11,7.091886535552193
20230720093418860,7.12,7.11,7.091886535552193
20230720093418890,7.11,7.11,7.091886535552193
20230720093418960,7.11,7.11,7.091886535552193
20230720093419060,7.11,7.11,7.091886535552193
20230720093419070,7.11,7.11,7.091886535552193
20230720093419080,7.11,7.11,7.091886535552193
20230720093419090,7.11,7.11,7.091886535552193
20230720093419130,7.11,7.11,7.091886535552193
20230720093419180,7.11,7.11,7.091886535552193
20230720093419230,7.11,7.11,7.091886535552193
20230720093419450,7.11,7.11,7.091886535552193
20230720093421010,7.11,7.11,7.091886535552193
20230720093421500,7.11,7.11,7.091886535552193
20230720093421550,7.11,7.11,7.091911164828524
20230720093421680,7.11,7.11,7.091911164828524
20230720093422010,7.11,7.11,7.091911164828524
20230720093422020,7.11,7.11,7.091911164828524
20230720093422050,7.11,7.11,7.091911164828524
20230720093422150,7.11,7.11,7.091912531157942
20230720093422160,7.11,7.11,7.091913897280967
20230720093423680,7.11,7.11,7.091913897280967
20230720093423690,7.11,7.11,7.091913897280967
20230720093423700,7.11,7.11,7.091913897280967
20230720093423940,7.11,7.11,7.091913897280967
20230720093423960,7.11,7.11,7.091913897280967
20230720093423980,7.11,7.11,7.091917994412142
20230720093424040,7.11,7.11,7.091917994412142
20230720093424130,7.11,7.11,7.091917994412142
20230720093424180,7.11,7.11,7.091917994412142
20230720093424250,7.11,7.11,7.091917994412142
20230720093424340,7.11,7.11,7.091917994412142
20230720093424590,7.11,7.11,7.091917994412142
20230720093424660,7.11,7.11,7.091923454367026
20230720093424800,7.11,7.11,7.091923454367026
20230720093426360,7.11,7.16,7.091927547169811
20230720093426430,7.11,7.16,7.091927547169811
20230720093426550,7.11,7.16,7.091927547169811
20230720093426620,7.11,7.16,7.091927547169811
20230720093426660,7.11,7.16,7.091927547169811
20230720093426820,7.11,7.16,7.091927547169811
20230720093426910,7.11,7.16,7.091927547169811
20230720093426970,7.11,7.16,7.091927547169811
20230720093426980,7.11,7.16,7.091927547169811
20230720093426990,7.11,7.16,7.091927547169811
20230720093427010,7.11,7.16,7.091927547169811
20230720093427120,7.11,7.11,7.09193708983933
20230720093427510,7.11,7.11,7.09193708983933
20230720093427550,7.11,7.11,7.09193708983933
20230720093429140,7.11,7.11,7.09193708983933
20230720093429270,7.11,7.11,7.09193708983933
20230720093429340,7.11,7.11,7.09193708983933
20230720093429370,7.11,7.11,7.09193708983933
20230720093429520,7.11,7.11,7.09193708983933
20230720093429590,7.11,7.11,7.09193708983933
20230720093429650,7.11,7.11,7.09193708983933
20230720093429900,7.11,7.11,7.09193708983933
20230720093429950,7.11,7.11,7.09193708983933
20230720093430070,7.11,7.11,7.09193708983933
20230720093430280,7.11,7.11,7.09193708983933
20230720093432140,7.11,7.11,7.09193708983933
20230720093432160,7.11,7.11,7.09193708983933
20230720093432190,7.11,7.11,7.09193708983933
20230720093432360,7.11,7.11,7.09193708983933
20230720093432370,7.11,7.11,7.09193708983933
20230720093432450,7.11,7.11,7.09193708983933
20230720093432570,7.11,7.11,7.09193708983933
20230720093432620,7.12,7.11,7.09193708983933
20230720093432690,7.11,7.11,7.09193708983933
20230720093432700,7.12,7.11,7.09193708983933
20230720093432720,7.12,7.11,7.09193708983933
20230720093432990,7.12,7.11,7.0925255399883245
20230720093434540,7.12,7.11,7.0925255399883245
20230720093434650,7.12,7.11,7.0925255399883245
20230720093434740,7.12,7.11,7.0925255399883245
20230720093434810,7.12,7.11,7.0925255399883245
20230720093434850,7.12,7.11,7.092570056044836
20230720093434920,7.11,7.11,7.092570056044836
20230720093434940,7.11,7.11,7.092570056044836
20230720093435070,7.11,7.11,7.092570056044836
20230720093435160,7.11,7.11,7.092570056044836
20230720093435350,7.11,7.11,7.092570056044836
20230720093435360,7.11,7.11,7.092570056044836
20230720093435480,7.11,7.11,7.092570056044836
20230720093437250,7.11,7.11,7.092570056044836
20230720093437380,7.11,7.11,7.092570056044836
20230720093437420,7.11,7.11,7.092570056044836
20230720093437490,7.11,7.11,7.092570056044836
20230720093437550,7.11,7.11,7.092570056044836
20230720093437600,7.11,7.11,7.092570056044836
20230720093437620,7.11,7.11,7.092570056044836
20230720093437770,7.11,7.11,7.092570056044836
20230720093437900,7.11,7.11,7.092570056044836
20230720093438100,7.11,7.11,7.092570056044836
20230720093438130,7.11,7.11,7.092570056044836
20230720093438340,7.11,7.11,7.092570056044836
20230720093440120,7.11,7.11,7.092570056044836
20230720093440540,7.11,7.11,7.092570056044836
20230720093440720,7.11,7.11,7.092570056044836
20230720093440870,7.11,7.11,7.092570056044836
20230720093442730,7.11,7.11,7.092570056044836
20230720093442860,7.11,7.11,7.092570056044836
20230720093442900,7.11,7.11,7.092570056044836
20230720093443070,7.11,7.11,7.092570056044836
20230720093443110,7.11,7.11,7.092570056044836
20230720093443240,7.11,7.11,7.092570056044836
20230720093443310,7.11,7.11,7.092570056044836
20230720093443450,7.11,7.11,7.092570056044836
20230720093443590,7.11,7.11,7.092570056044836
20230720093443620,7.11,7.11,7.092570056044836
20230720093443700,7.11,7.11,7.092570056044836
20230720093443760,7.11,7.11,7.092635051845407
20230720093445240,7.11,7.11,7.092635051845407
20230720093445340,7.11,7.11,7.092635051845407
20230720093445390,7.11,7.11,7.092635051845407
20230720093445820,7.11,7.11,7.092635051845407
20230720093445850,7.11,7.11,7.092635051845407
20230720093445960,7.11,7.11,7.092635051845407
20230720093446090,7.11,7.11,7.092635051845407
20230720093446240,7.11,7.11,7.0926355858468675
20230720093446320,7.11,7.11,7.0926355858468675
20230720093446360,7.11,7.11,7.0926355858468675
20230720093446460,7.11,7.11,7.0926355858468675
20230720093446470,7.11,7.11,7.092642562133179
20230720093448000,7.11,7.11,7.092642562133179
20230720093448050,7.11,7.11,7.092642562133179
20230720093448290,7.11,7.11,7.092642562133179
20230720093448390,7.11,7.11,7.092642562133179
20230720093448400,7.11,7.11,7.092642562133179
20230720093448530,7.11,7.11,7.092642562133179
20230720093448620,7.11,7.11,7.092642562133179
20230720093448730,7.11,7.11,7.092642562133179
20230720093448740,7.11,7.11,7.092642562133179
20230720093450700,7.11,7.11,7.092642562133179
20230720093450760,7.11,7.11,7.092642562133179
20230720093450850,7.11,7.11,7.092642562133179
20230720093451050,7.11,7.11,7.092642562133179
20230720093451160,7.11,7.11,7.092642562133179
20230720093451170,7.11,7.11,7.092642562133179
20230720093451230,7.11,7.11,7.092642562133179
20230720093451280,7.11,7.11,7.092642562133179
20230720093451320,7.11,7.11,7.092642562133179
20230720093451350,7.11,7.11,7.092642562133179
20230720093451420,7.11,7.11,7.092642562133179
20230720093451470,7.11,7.11,7.092642562133179
20230720093451740,7.11,7.11,7.092642562133179
20230720093451780,7.11,7.11,7.092642562133179
20230720093451860,7.11,7.11,7.092642562133179
20230720093453660,7.11,7.11,7.092642562133179
20230720093453690,7.11,7.11,7.092642562133179
20230720093453840,7.11,7.11,7.092642562133179
20230720093453850,7.11,7.11,7.092642562133179
20230720093453890,7.11,7.11,7.092642562133179
20230720093453930,7.11,7.11,7.092642562133179
20230720093453940,7.11,7.11,7.092642562133179
20230720093454150,7.11,7.11,7.092642562133179
20230720093454210,7.11,7.11,7.092642562133179
20230720093454260,7.11,7.11,7.092642562133179
20230720093454270,7.11,7.11,7.092642562133179
20230720093454310,7.11,7.11,7.092642562133179
20230720093454400,7.11,7.11,7.092642562133179
20230720093454500,7.11,7.11,7.092642562133179
20230720093454510,7.11,7.11,7.092642562133179
20230720093456090,7.11,7.11,7.092642562133179
20230720093456300,7.11,7.11,7.092642562133179
20230720093456310,7.11,7.11,7.092642562133179
20230720093456500,7.11,7.11,7.092642562133179
20230720093456720,7.11,7.11,7.092642562133179
20230720093457030,7.11,7.11,7.092642562133179
20230720093457090,7.11,7.11,7.092642562133179
20230720093457140,7.11,7.11,7.092642562133179
20230720093457260,7.11,7.11,7.092642562133179
20230720093458740,7.11,7.11,7.092642562133179
20230720093458790,7.11,7.11,7.092642562133179
20230720093458860,7.11,7.11,7.092642562133179
20230720093459140,7.11,7.11,7.092642562133179
20230720093459260,7.11,7.11,7.092642562133179
20230720093459460,7.11,7.11,7.092642562133179
20230720093459510,7.11,7.11,7.092642562133179
20230720093459620,7.11,7.11,7.092642562133179
20230720093459710,7.11,7.11,7.092642562133179
20230720093459760,7.11,7.11,7.092642562133179
20230720093459790,7.11,7.11,7.092746438336452
20230720093459880,7.11,7.11,7.092746438336452
20230720093459910,7.11,7.11,7.092746438336452
20230720093459970,7.11,7.11,7.092746438336452
20230720093501490,7.11,7.11,7.092746438336452
20230720093501590,7.11,7.11,7.09283659007945
20230720093501600,7.11,7.11,7.092837818494131
20230720093501650,7.11,7.11,7.09284027479605
20230720093501660,7.11,7.11,7.09284027479605
20230720093501730,7.11,7.11,7.09284027479605
20230720093501780,7.11,7.11,7.09284027479605
20230720093501910,7.11,7.11,7.09284027479605
20230720093502080,7.11,7.11,7.09286602357985
20230720093502100,7.11,7.11,7.09286602357985
20230720093502120,7.11,7.11,7.09286602357985
20230720093502220,7.11,7.11,7.09286602357985
20230720093502280,7.11,7.11,7.09286602357985
20230720093502320,7.11,7.11,7.092890664003994
20230720093502410,7.11,7.11,7.092890664003994
20230720093502430,7.11,7.11,7.092890664003994
20230720093502510,7.11,7.11,7.092890664003994
20230720093502660,7.11,7.11,7.092890664003994
20230720093504350,7.11,7.11,7.092890664003994
20230720093504440,7.11,7.11,7.092890664003994
20230720093504660,7.11,7.11,7.092890664003994
20230720093504870,7.11,7.11,7.092890664003994
20230720093504950,7.11,7.11,7.092890664003994
20230720093504970,7.11,7.11,7.092890664003994
20230720093505000,7.11,7.11,7.092890664003994
20230720093505040,7.11,7.11,7.092890664003994
20230720093505050,7.11,7.11,7.092890664003994
20230720093505150,7.11,7.11,7.092890664003994
20230720093505220,7.11,7.11,7.092890664003994
20230720093505230,7.11,7.11,7.092890664003994
20230720093505250,7.11,7.11,7.092890664003994
20230720093505320,7.11,7.11,7.092890664003994
20230720093505340,7.11,7.11,7.092890664003994
20230720093507030,7.11,7.11,7.092890664003994
20230720093507100,7.11,7.11,7.092890664003994
20230720093507300,7.11,7.11,7.092890664003994
20230720093507570,7.11,7.11,7.092890664003994
20230720093507640,7.11,7.11,7.092890664003994
20230720093507650,7.11,7.11,7.092890664003994
20230720093507850,7.11,7.11,7.092890664003994
20230720093507880,7.11,7.11,7.092890664003994
20230720093507970,7.11,7.11,7.092890664003994
20230720093508020,7.11,7.11,7.092890664003994
20230720093508080,7.11,7.11,7.092890664003994
20230720093509590,7.11,7.11,7.092890664003994
20230720093509640,7.11,7.11,7.092890664003994
20230720093509680,7.11,7.11,7.092890664003994
20230720093509830,7.11,7.11,7.092890664003994
20230720093509970,7.11,7.11,7.092890664003994
20230720093510240,7.11,7.11,7.092890664003994
20230720093510300,7.11,7.11,7.092935655883399
20230720093510390,7.11,7.11,7.092935655883399
20230720093510450,7.11,7.11,7.092936158111759
20230720093510570,7.11,7.11,7.092936158111759
20230720093510610,7.11,7.11,7.092936158111759
20230720093512380,7.11,7.11,7.092936158111759
20230720093512440,7.11,7.11,7.092936158111759
20230720093512490,7.11,7.11,7.092936158111759
20230720093512610,7.11,7.11,7.092936158111759
20230720093512900,7.11,7.11,7.092936158111759
20230720093513040,7.11,7.11,7.092936158111759
20230720093513130,7.11,7.11,7.092936158111759
20230720093514940,7.11,7.11,7.092936158111759
20230720093515250,7.11,7.11,7.092936158111759
20230720093515290,7.11,7.11,7.092936158111759
20230720093515320,7.11,7.11,7.092936158111759
20230720093515330,7.11,7.11,7.092936158111759
20230720093515430,7.11,7.11,7.092936158111759
20230720093515680,7.11,7.11,7.092936158111759
20230720093515710,7.11,7.11,7.092936158111759
20230720093515890,7.11,7.11,7.092936158111759
20230720093515990,7.11,7.11,7.092936158111759
20230720093516120,7.11,7.11,7.092936158111759
20230720093517680,7.11,7.11,7.092936158111759
20230720093517710,7.11,7.11,7.092936158111759
20230720093517900,7.11,7.11,7.092936158111759
20230720093517990,7.11,7.11,7.092936158111759
20230720093518010,7.11,7.11,7.092936158111759
20230720093518080,7.11,7.11,7.092936158111759
20230720093518170,7.11,7.11,7.092936158111759
20230720093518220,7.11,7.11,7.092936158111759
20230720093518260,7.11,7.11,7.092936158111759
20230720093518280,7.11,7.11,7.092936158111759
20230720093518380,7.11,7.11,7.092936158111759
20230720093518670,7.11,7.11,7.092936158111759
20230720093518800,7.11,7.1,7.092980572235959
20230720093520350,7.11,7.1,7.092980572235959
20230720093520380,7.11,7.1,7.092980572235959
20230720093520400,7.11,7.1,7.092980572235959
20230720093520600,7.11,7.1,7.092980572235959
20230720093520710,7.11,7.1,7.092980572235959
20230720093520800,7.11,7.1,7.092980572235959
20230720093520850,7.11,7.1,7.092980572235959
20230720093520880,7.11,7.1,7.093040583163945
20230720093520900,7.11,7.1,7.093040583163945
20230720093520930,7.11,7.1,7.093040583163945
20230720093521040,7.11,7.1,7.093040583163945
20230720093521070,7.11,7.1,7.093040583163945
20230720093521120,7.11,7.1,7.093040583163945
20230720093521390,7.11,7.1,7.093040583163945
20230720093521570,7.11,7.1,7.093040583163945
20230720093523280,7.11,7.1,7.093040583163945
20230720093523380,7.11,7.1,7.093040583163945
20230720093523390,7.11,7.1,7.093040583163945
20230720093523420,7.11,7.1,7.093040583163945
20230720093523540,7.11,7.1,7.093040583163945
20230720093523650,7.11,7.1,7.093040583163945
20230720093524280,7.11,7.1,7.093040583163945
20230720093526020,7.11,7.1,7.093040583163945
20230720093526320,7.11,7.1,7.093040583163945
20230720093526550,7.11,7.1,7.093040583163945
20230720093526640,7.11,7.1,7.093040583163945
20230720093526650,7.11,7.1,7.093040583163945
20230720093526800,7.11,7.1,7.093040583163945
20230720093528420,7.11,7.1,7.093040583163945
20230720093528560,7.11,7.1,7.093040583163945
20230720093528800,7.11,7.1,7.093040583163945
20230720093528850,7.11,7.1,7.093040583163945
20230720093528940,7.11,7.1,7.093040583163945
20230720093529030,7.11,7.1,7.093040583163945
20230720093529060,7.11,7.1,7.093040583163945
20230720093529440,7.11,7.1,7.093040583163945
20230720093529480,7.11,7.1,7.093040583163945
20230720093529500,7.11,7.1,7.093040583163945
20230720093529570,7.11,7.1,7.093040583163945
20230720093531150,7.11,7.1,7.093040583163945
20230720093531350,7.11,7.1,7.093040583163945
20230720093531360,7.11,7.1,7.093040583163945
20230720093531460,7.11,7.1,7.093040583163945
20230720093531510,7.11,7.1,7.093040583163945
20230720093531650,7.11,7.1,7.093040583163945
20230720093531660,7.11,7.1,7.093040583163945
20230720093531690,7.11,7.1,7.093040583163945
20230720093531700,7.11,7.1,7.093040583163945
20230720093531880,7.11,7.1,7.093040583163945
20230720093531890,7.11,7.1,7.093040583163945
20230720093532000,7.11,7.1,7.093040583163945
20230720093532010,7.11,7.1,7.093040583163945
20230720093532020,7.11,7.1,7.093040583163945
20230720093532030,7.11,7.1,7.093040583163945
20230720093532060,7.11,7.1,7.093040583163945
20230720093532080,7.11,7.1,7.093040583163945
20230720093532090,7.11,7.1,7.093040583163945
20230720093532110,7.11,7.1,7.093040583163945
20230720093532150,7.11,7.1,7.093040583163945
20230720093532170,7.11,7.1,7.093040583163945
20230720093532180,7.11,7.1,7.093040583163945
20230720093532260,7.11,7.1,7.093040583163945
20230720093532270,7.11,7.1,7.093040583163945
20230720093532290,7.11,7.1,7.093040583163945
20230720093532300,7.11,7.1,7.093040583163945
20230720093532320,7.11,7.1,7.093040583163945
20230720093532360,7.11,7.1,7.093040583163945
20230720093533940,7.11,7.1,7.093040583163945
20230720093534010,7.11,7.1,7.093040583163945
20230720093534050,7.11,7.1,7.093040583163945
20230720093534220,7.11,7.1,7.093040583163945
20230720093534460,7.11,7.1,7.093040583163945
20230720093534490,7.11,7.1,7.093040583163945
20230720093534510,7.11,7.1,7.093040583163945
20230720093534520,7.11,7.1,7.093040583163945
20230720093534640,7.11,7.1,7.093040583163945
20230720093534740,7.11,7.1,7.093040583163945
20230720093534960,7.11,7.1,7.093040583163945
20230720093534980,7.11,7.1,7.093040583163945
20230720093535060,7.11,7.1,7.093040583163945
20230720093536700,7.11,7.1,7.093040583163945
20230720093536900,7.11,7.1,7.093040583163945
20230720093536950,7.11,7.1,7.093040583163945
20230720093537110,7.11,7.1,7.093040583163945
20230720093537230,7.11,7.1,7.093040583163945
20230720093537290,7.11,7.1,7.093040583163945
20230720093537590,7.11,7.1,7.093040583163945
20230720093537750,7.11,7.1,7.093040583163945
20230720093537760,7.11,7.1,7.093040583163945
20230720093539500,7.11,7.1,7.093040583163945
20230720093539660,7.11,7.1,7.093040583163945
20230720093539770,7.11,7.1,7.093040583163945
20230720093539890,7.11,7.1,7.093040583163945
20230720093539980,7.11,7.1,7.093040583163945
20230720093540250,7.11,7.1,7.093040583163945
20230720093540280,7.11,7.1,7.093040583163945
20230720093540320,7.11,7.1,7.093040583163945
20230720093541970,7.11,7.1,7.093040583163945
20230720093542040,7.11,7.1,7.093040583163945
20230720093542350,7.11,7.1,7.093040583163945
20230720093542370,7.11,7.1,7.093040583163945
20230720093542580,7.11,7.1,7.093040583163945
20230720093542790,7.11,7.1,7.093040583163945
20230720093542980,7.11,7.1,7.093040583163945
20230720093543030,7.11,7.1,7.093040583163945
20230720093544780,7.11,7.1,7.093040583163945
20230720093544900,7.11,7.1,7.093040583163945
20230720093544980,7.11,7.1,7.093040583163945
20230720093545030,7.11,7.1,7.093040583163945
20230720093545240,7.11,7.1,7.093040583163945
20230720093545710,7.11,7.1,7.093040583163945
20230720093545730,7.11,7.1,7.093040583163945
20230720093545780,7.11,7.1,7.093040583163945
20230720093547370,7.11,7.1,7.093040583163945
20230720093547430,7.11,7.1,7.093040583163945
20230720093547470,7.11,7.1,7.093040583163945
20230720093547480,7.11,7.1,7.093040583163945
20230720093547520,7.11,7.1,7.093040583163945
20230720093547530,7.11,7.1,7.093040583163945
20230720093547690,7.11,7.1,7.093040583163945
20230720093547730,7.11,7.1,7.093040583163945
20230720093547900,7.11,7.1,7.093040583163945
20230720093548300,7.11,7.1,7.093040583163945
20230720093548370,7.11,7.1,7.093263448275862
20230720093548420,7.11,7.1,7.093263448275862
20230720093548450,7.11,7.1,7.093325562260011
20230720093548460,7.11,7.1,7.093325562260011
20230720093548470,7.11,7.1,7.093325562260011
20230720093548500,7.11,7.1,7.093348397699261
20230720093550050,7.11,7.1,7.093348397699261
20230720093550190,7.11,7.1,7.093348397699261
20230720093550300,7.11,7.1,7.093348397699261
20230720093551160,7.11,7.1,7.093348397699261
20230720093552810,7.11,7.1,7.093348397699261
20230720093552860,7.11,7.1,7.093348397699261
20230720093552990,7.11,7.1,7.09335523613963
20230720093553000,7.11,7.1,7.09335523613963
20230720093553190,7.11,7.1,7.09335523613963
20230720093553480,7.11,7.1,7.093356375333653
20230720093553500,7.11,7.1,7.093356375333653
20230720093553510,7.11,7.1,7.093356375333653
20230720093553720,7.11,7.1,7.093356375333653
20230720093555410,7.1,7.1,7.093356375333653
20230720093555420,7.1,7.1,7.093356375333653
20230720093555430,7.1,7.1,7.093356375333653
20230720093555450,7.1,7.1,7.0933561456337255
20230720093555460,7.1,7.1,7.0933561456337255
20230720093555490,7.1,7.1,7.0933561456337255
20230720093555500,7.1,7.1,7.0933561456337255
20230720093555660,7.1,7.1,7.0933561456337255
20230720093555840,7.1,7.1,7.0933561456337255
20230720093556090,7.1,7.1,7.0933561456337255
20230720093556120,7.1,7.1,7.0933561456337255
20230720093556180,7.1,7.1,7.0933561456337255
20230720093556220,7.1,7.1,7.0933561456337255
20230720093556340,7.1,7.1,7.0933561456337255
20230720093556360,7.1,7.1,7.0933561456337255
20230720093556380,7.1,7.1,7.0933561456337255
20230720093556620,7.1,7.1,7.0933561456337255
20230720093558140,7.1,7.1,7.0933561456337255
20230720093558330,7.1,7.1,7.0933561456337255
20230720093558530,7.1,7.1,7.0933561456337255
20230720093558750,7.1,7.1,7.0933561456337255
20230720093559040,7.1,7.1,7.0933561456337255
20230720093559330,7.1,7.1,7.0933561456337255
20230720093600850,7.1,7.1,7.0933561456337255
20230720093600860,7.1,7.1,7.0933421088159845
20230720093600870,7.1,7.1,7.0933421088159845
20230720093600900,7.1,7.1,7.0933421088159845
20230720093600910,7.1,7.1,7.0933421088159845
20230720093601070,7.1,7.1,7.0933421088159845
20230720093601100,7.09,7.1,7.0933421088159845
20230720093601110,7.09,7.1,7.0933421088159845
20230720093601140,7.09,7.1,7.0933421088159845
20230720093601180,7.09,7.1,7.0933421088159845
20230720093601230,7.09,7.1,7.0933421088159845
20230720093601270,7.09,7.1,7.0933421088159845
20230720093601640,7.09,7.1,7.0933421088159845
20230720093601700,7.09,7.1,7.0933421088159845
20230720093601790,7.09,7.1,7.0933421088159845
20230720093601920,7.09,7.1,7.0933364781993395
20230720093601930,7.09,7.1,7.093335354351927
20230720093601980,7.09,7.1,7.093335354351927
20230720093602010,7.09,7.1,7.093334680406816
20230720093602050,7.09,7.1,7.093334680406816
20230720093602060,7.09,7.1,7.093334680406816
20230720093602070,7.09,7.1,7.093334680406816
20230720093603620,7.09,7.1,7.093334680406816
20230720093603980,7.09,7.1,7.093334680406816
20230720093604130,7.09,7.1,7.093334680406816
20230720093604230,7.09,7.1,7.093334680406816
20230720093604240,7.09,7.1,7.093334680406816
20230720093604250,7.09,7.1,7.093334680406816
20230720093604520,7.09,7.1,7.093334680406816
20230720093604540,7.09,7.1,7.093334680406816
20230720093606300,7.09,7.1,7.093334680406816
20230720093606310,7.09,7.1,7.093334680406816
20230720093606750,7.09,7.1,7.093334680406816
20230720093606840,7.09,7.1,7.093334680406816
20230720093606890,7.09,7.1,7.093334680406816
20230720093606900,7.09,7.1,7.093334680406816
20230720093607000,7.09,7.1,7.093334680406816
20230720093607080,7.09,7.1,7.093334680406816
20230720093607170,7.09,7.1,7.093334680406816
20230720093607180,7.09,7.1,7.093334680406816
20230720093607330,7.09,7.1,7.093334680406816
20230720093607480,7.09,7.1,7.093334680406816
20230720093608920,7.09,7.1,7.093334680406816
20230720093609240,7.09,7.1,7.093334680406816
20230720093609610,7.09,7.1,7.093334680406816
20230720093609630,7.09,7.1,7.093334680406816
20230720093609700,7.09,7.1,7.093334680406816
20230720093609790,7.09,7.1,7.093334680406816
20230720093609970,7.09,7.1,7.093334680406816
20230720093610090,7.09,7.1,7.093334680406816
20230720093610100,7.09,7.1,7.093334680406816
20230720093611690,7.09,7.1,7.093334680406816
20230720093611760,7.09,7.1,7.093340063261323
20230720093611800,7.09,7.1,7.093340063261323
20230720093612520,7.09,7.1,7.093340063261323
20230720093612550,7.09,7.1,7.093340063261323
20230720093612730,7.09,7.1,7.093341407616741
20230720093614370,7.09,7.1,7.093341407616741
20230720093614470,7.09,7.1,7.093341407616741
20230720093614480,7.09,7.1,7.093341407616741
20230720093614560,7.09,7.1,7.093341407616741
20230720093614840,7.09,7.1,7.093341407616741
20230720093614960,7.09,7.1,7.093341407616741
20230720093615000,7.09,7.1,7.093341407616741
20230720093615300,7.09,7.1,7.093341407616741
20230720093615310,7.09,7.1,7.093341407616741
20230720093615330,7.09,7.1,7.093341407616741
20230720093617210,7.09,7.1,7.093341407616741
20230720093617260,7.09,7.1,7.093341407616741
20230720093617350,7.09,7.1,7.093341407616741
20230720093617380,7.09,7.1,7.093341407616741
20230720093617410,7.09,7.1,7.093341407616741
20230720093617500,7.09,7.1,7.093341407616741
20230720093617530,7.09,7.1,7.093341407616741
20230720093618010,7.1,7.1,7.0933677229182015
20230720093618110,7.1,7.1,7.0933677229182015
20230720093618240,7.1,7.1,7.0933677229182015
20230720093620440,7.1,7.1,7.0933677229182015
20230720093620810,7.1,7.1,7.0933677229182015
20230720093620940,7.1,7.1,7.0933677229182015
20230720093620960,7.1,7.1,7.0933677229182015
20230720093622410,7.1,7.1,7.0933677229182015
20230720093622420,7.1,7.1,7.0933677229182015
20230720093622440,7.1,7.1,7.0933677229182015
20230720093622500,7.1,7.1,7.0933677229182015
20230720093622510,7.1,7.1,7.0933677229182015
20230720093622860,7.09,7.1,7.0933677229182015
20230720093623050,7.1,7.1,7.093374348000535
20230720093623150,7.1,7.1,7.093374348000535
20230720093623160,7.09,7.1,7.093373220135036
20230720093623170,7.09,7.1,7.093373220135036
20230720093623180,7.09,7.1,7.093373220135036
20230720093623220,7.09,7.1,7.093373220135036
20230720093623260,7.09,7.1,7.093373220135036
20230720093623320,7.09,7.1,7.09337276919992
20230720093623400,7.09,7.1,7.09337096666444
20230720093623440,7.09,7.1,7.09337096666444
20230720093623500,7.09,7.1,7.09337096666444
20230720093623640,7.1,7.1,7.093374057013151
20230720093625120,7.1,7.1,7.093374057013151
20230720093625210,7.1,7.1,7.093374057013151
20230720093625320,7.1,7.1,7.093374057013151
20230720093625540,7.1,7.1,7.093374057013151
20230720093625560,7.1,7.1,7.093374057013151
20230720093625640,7.1,7.1,7.093374057013151
20230720093625650,7.1,7.1,7.093374057013151
20230720093625750,7.1,7.1,7.093374057013151
20230720093626070,7.1,7.1,7.093374057013151
20230720093626170,7.1,7.1,7.093374057013151
20230720093626250,7.1,7.1,7.093374057013151
20230720093627950,7.1,7.1,7.093374057013151
20230720093628080,7.1,7.1,7.093374057013151
20230720093628210,7.1,7.1,7.093374057013151
20230720093628570,7.1,7.1,7.093374057013151
20230720093628600,7.1,7.1,7.093374057013151
20230720093628830,7.1,7.1,7.093374057013151
20230720093630510,7.1,7.1,7.093374057013151
20230720093630740,7.1,7.1,7.093374057013151
20230720093631090,7.1,7.1,7.093374057013151
20230720093631120,7.1,7.1,7.093374057013151
20230720093631420,7.1,7.1,7.093374057013151
20230720093631490,7.1,7.1,7.093374057013151
20230720093631610,7.1,7.1,7.093374057013151
20230720093633630,7.1,7.1,7.093374057013151
20230720093633650,7.1,7.1,7.093374057013151
20230720093633910,7.1,7.1,7.093374057013151
20230720093636000,7.1,7.1,7.093374057013151
20230720093636320,7.1,7.1,7.093374057013151
20230720093636450,7.1,7.1,7.093374057013151
20230720093636670,7.1,7.1,7.093374057013151
20230720093636850,7.1,7.1,7.093374057013151
20230720093636950,7.1,7.1,7.093374057013151
20230720093637010,7.1,7.1,7.093374057013151
20230720093637070,7.1,7.1,7.093374057013151
20230720093637080,7.1,7.1,7.093374057013151
20230720093637130,7.1,7.1,7.093374057013151
20230720093637170,7.1,7.1,7.093374057013151
20230720093638710,7.1,7.1,7.093374057013151
20230720093638960,7.1,7.1,7.093374057013151
20230720093639110,7.1,7.1,7.093374057013151
20230720093639250,7.1,7.1,7.093374057013151
20230720093639480,7.1,7.1,7.093374057013151
20230720093639500,7.1,7.1,7.093374057013151
20230720093639510,7.1,7.1,7.093374057013151
20230720093639760,7.1,7.1,7.093374057013151
20230720093641330,7.1,7.1,7.093374057013151
20230720093641430,7.1,7.1,7.093374057013151
20230720093641450,7.1,7.1,7.093374057013151
20230720093641490,7.1,7.1,7.093374057013151
20230720093641580,7.1,7.1,7.093374057013151
20230720093641760,7.1,7.1,7.093374057013151
20230720093641840,7.1,7.1,7.093374057013151
20230720093641920,7.1,7.1,7.093374057013151
20230720093642060,7.1,7.1,7.093374057013151
20230720093642120,7.1,7.1,7.093374057013151
20230720093642130,7.1,7.1,7.093374057013151
20230720093644170,7.1,7.1,7.093374057013151
20230720093644740,7.1,7.1,7.093374057013151
20230720093644890,7.1,7.1,7.093374057013151
20230720093644930,7.1,7.1,7.093374057013151
20230720093645130,7.1,7.1,7.093374057013151
20230720093645160,7.1,7.1,7.093374057013151
20230720093645270,7.1,7.1,7.093374057013151
20230720093647050,7.1,7.1,7.093374057013151
20230720093647060,7.1,7.1,7.093374057013151
20230720093647070,7.1,7.1,7.0933298312430235
20230720093647140,7.1,7.1,7.0933298312430235
20230720093647860,7.1,7.1,7.0933298312430235
20230720093647940,7.1,7.1,7.0933298312430235
20230720093649800,7.1,7.1,7.0933298312430235
20230720093649810,7.1,7.1,7.0933298312430235
20230720093649930,7.1,7.1,7.0933298312430235
20230720093649950,7.1,7.1,7.0933298312430235
20230720093650150,7.1,7.1,7.0933298312430235
20230720093650160,7.1,7.1,7.0933298312430235
20230720093650290,7.1,7.1,7.0933298312430235
20230720093650320,7.1,7.1,7.0933298312430235
20230720093650360,7.1,7.1,7.0933298312430235
20230720093650530,7.1,7.1,7.0933298312430235
20230720093650550,7.1,7.1,7.0933298312430235
20230720093652110,7.1,7.1,7.0933298312430235
20230720093652130,7.1,7.1,7.0933298312430235
20230720093652160,7.1,7.1,7.0933298312430235
20230720093652220,7.1,7.1,7.093335954393552
20230720093652650,7.1,7.1,7.093335954393552
20230720093652870,7.1,7.1,7.093335954393552
20230720093653260,7.1,7.1,7.093335954393552
20230720093653290,7.1,7.1,7.093335954393552
20230720093654930,7.1,7.1,7.093335954393552
20230720093655070,7.1,7.1,7.093335954393552
20230720093655110,7.1,7.1,7.093335954393552
20230720093655140,7.1,7.1,7.093335954393552
20230720093655280,7.1,7.1,7.093335954393552
20230720093655290,7.1,7.1,7.093335954393552
20230720093655320,7.1,7.1,7.093335954393552
20230720093655460,7.1,7.1,7.093335954393552
20230720093655950,7.1,7.1,7.093335954393552
20230720093657590,7.1,7.1,7.093335954393552
20230720093657800,7.1,7.1,7.093335954393552
20230720093657950,7.1,7.1,7.093335954393552
20230720093658050,7.1,7.1,7.093335954393552
20230720093658080,7.1,7.1,7.093335954393552
20230720093658480,7.1,7.1,7.093335954393552
20230720093658500,7.1,7.1,7.093335954393552
20230720093658620,7.1,7.1,7.093335954393552
20230720093700220,7.1,7.1,7.093335954393552
20230720093700230,7.1,7.1,7.093335954393552
20230720093700430,7.1,7.1,7.093335954393552
20230720093700480,7.1,7.1,7.093335954393552
20230720093700750,7.1,7.1,7.093335954393552
20230720093700830,7.1,7.1,7.093335954393552
20230720093700870,7.1,7.1,7.093335954393552
20230720093700880,7.1,7.1,7.093335954393552
20230720093701080,7.1,7.1,7.093335954393552
20230720093702950,7.1,7.1,7.093335954393552
20230720093703020,7.1,7.1,7.093335954393552
20230720093703160,7.1,7.1,7.093335954393552
20230720093703520,7.1,7.1,7.093335954393552
20230720093703820,7.1,7.1,7.093335954393552
20230720093703880,7.1,7.1,7.093335954393552
20230720093703910,7.1,7.1,7.093335954393552
20230720093705720,7.1,7.1,7.093335954393552
20230720093705830,7.1,7.1,7.093335954393552
20230720093706020,7.1,7.1,7.093335954393552
20230720093706060,7.1,7.1,7.093335954393552
20230720093706070,7.1,7.1,7.093335954393552
20230720093706360,7.1,7.1,7.093335954393552
20230720093706510,7.1,7.1,7.093335954393552
20230720093708430,7.1,7.1,7.093335954393552
20230720093708490,7.1,7.1,7.093335954393552
20230720093708640,7.1,7.1,7.093335954393552
20230720093709270,7.1,7.1,7.093335954393552
20230720093709370,7.1,7.1,7.093335954393552
20230720093711360,7.1,7.1,7.093335954393552
20230720093711430,7.1,7.1,7.093335954393552
20230720093711540,7.1,7.1,7.093335954393552
20230720093711970,7.1,7.1,7.093335954393552
20230720093712220,7.1,7.1,7.093335954393552
20230720093714360,7.1,7.1,7.093335954393552
20230720093714470,7.1,7.1,7.093335954393552
20230720093714540,7.1,7.1,7.093335954393552
20230720093714590,7.1,7.1,7.093335954393552
20230720093714740,7.1,7.1,7.093335954393552
20230720093714810,7.1,7.1,7.093335954393552
20230720093716650,7.1,7.1,7.093335954393552
20230720093716760,7.1,7.1,7.093335954393552
20230720093716800,7.1,7.1,7.093335954393552
20230720093717070,7.1,7.1,7.093335954393552
20230720093717090,7.1,7.1,7.093335954393552
20230720093717100,7.1,7.1,7.093335954393552
20230720093717390,7.1,7.1,7.093335954393552
20230720093717600,7.1,7.1,7.093335954393552
20230720093719100,7.1,7.1,7.093335954393552
20230720093719110,7.1,7.1,7.093461247159808
20230720093719120,7.1,7.1,7.093510804885687
20230720093719130,7.1,7.1,7.0935112113240635
20230720093719140,7.1,7.1,7.093512430333772
20230720093719150,7.1,7.1,7.093512430333772
20230720093719280,7.1,7.1,7.093514866979656
20230720093719520,7.1,7.1,7.093514866979656
20230720093719590,7.1,7.1,7.093514866979656
20230720093720100,7.1,7.1,7.093514866979656
20230720093720130,7.1,7.1,7.0935209505941215
20230720093720140,7.1,7.1,7.093523785709821
20230720093720290,7.1,7.1,7.093523785709821
20230720093722080,7.1,7.1,7.093530660671912
20230720093722090,7.1,7.1,7.0935395360439015
20230720093722100,7.1,7.1,7.093541549778692
20230720093722330,7.1,7.1,7.093541549778692
20230720093722540,7.1,7.1,7.093541549778692
20230720093722560,7.1,7.1,7.09354235492115
20230720093722600,7.1,7.1,7.09354235492115
20230720093722610,7.1,7.1,7.09354235492115
20230720093723050,7.1,7.1,7.09354235492115
20230720093724550,7.1,7.1,7.09354235492115
20230720093724710,7.1,7.1,7.09354235492115
20230720093725030,7.1,7.1,7.09354235492115
20230720093725060,7.1,7.1,7.09354235492115
20230720093725070,7.1,7.1,7.09354235492115
20230720093725110,7.1,7.1,7.09354235492115
20230720093725120,7.1,7.1,7.09354235492115
20230720093725170,7.1,7.1,7.09354235492115
20230720093725410,7.1,7.1,7.09354235492115
20230720093725650,7.1,7.1,7.09354235492115
20230720093727290,7.1,7.1,7.09354235492115
20230720093728080,7.1,7.1,7.09354235492115
20230720093728090,7.1,7.1,7.09354235492115
20230720093728120,7.1,7.1,7.09354235492115
20230720093729980,7.1,7.1,7.09354235492115
20230720093730120,7.1,7.1,7.09354235492115
20230720093730160,7.1,7.1,7.09354235492115
20230720093730250,7.1,7.1,7.09354235492115
20230720093730370,7.1,7.1,7.09354235492115
20230720093730420,7.1,7.1,7.09354235492115
20230720093730440,7.1,7.1,7.09354235492115
20230720093730890,7.1,7.1,7.09354235492115
20230720093731080,7.1,7.1,7.09354235492115
20230720093731100,7.1,7.1,7.09354235492115
20230720093732690,7.1,7.1,7.09354235492115
20230720093732890,7.1,7.1,7.09354235492115
20230720093733280,7.1,7.1,7.09354235492115
20230720093733310,7.1,7.1,7.09354235492115
20230720093733630,7.1,7.1,7.09354235492115
20230720093735320,7.1,7.1,7.09354235492115
20230720093735370,7.1,7.1,7.09354235492115
20230720093735760,7.1,7.1,7.09354235492115
20230720093735820,7.1,7.1,7.09354235492115
20230720093735920,7.1,7.1,7.09354235492115
20230720093736180,7.1,7.1,7.093666666666667
20230720093736250,7.1,7.1,7.093666666666667
20230720093736380,7.1,7.1,7.093666666666667
20230720093738070,7.1,7.1,7.093666666666667
20230720093738680,7.1,7.1,7.093666666666667
20230720093738760,7.1,7.1,7.093666666666667
20230720093738800,7.1,7.1,7.093666666666667
20230720093738960,7.1,7.1,7.093666666666667
20230720093739240,7.1,7.1,7.093666666666667
20230720093740710,7.1,7.1,7.093666666666667
20230720093740730,7.1,7.1,7.093666666666667
20230720093740740,7.1,7.1,7.093666666666667
20230720093741280,7.1,7.1,7.093666666666667
20230720093741310,7.1,7.1,7.093666666666667
20230720093741510,7.1,7.1,7.093666666666667
20230720093741910,7.1,7.1,7.093666666666667
20230720093743620,7.1,7.1,7.093666666666667
20230720093743720,7.1,7.1,7.093666666666667
20230720093743770,7.1,7.1,7.093666666666667
20230720093743880,7.1,7.1,7.093666666666667
20230720093744010,7.1,7.1,7.093666666666667
20230720093744030,7.1,7.1,7.093666666666667
20230720093744170,7.1,7.1,7.093778851963746
20230720093744300,7.1,7.1,7.093778851963746
20230720093746180,7.1,7.1,7.093778851963746
20230720093746300,7.1,7.1,7.093778851963746
20230720093746720,7.1,7.1,7.093778851963746
20230720093746940,7.1,7.1,7.093778851963746
20230720093747170,7.1,7.1,7.093778851963746
20230720093748810,7.1,7.1,7.093778851963746
20230720093749620,7.1,7.1,7.093778851963746
20230720093751640,7.1,7.1,7.093797697269275
20230720093751730,7.1,7.1,7.093797697269275
20230720093751910,7.1,7.1,7.093847355769231
20230720093752260,7.1,7.1,7.093857057057057
20230720093752420,7.1,7.1,7.093857057057057
20230720093754480,7.1,7.1,7.093886091127098
20230720093754520,7.1,7.1,7.093915020945541
20230720093754900,7.1,7.1,7.093915020945541
20230720093754920,7.1,7.1,7.093915020945541
20230720093754930,7.1,7.1,7.093915020945541
20230720093756940,7.1,7.1,7.093915020945541
20230720093757220,7.1,7.1,7.093915020945541
20230720093757300,7.1,7.1,7.093915020945541
20230720093757420,7.1,7.1,7.093915020945541
20230720093757500,7.1,7.1,7.093915020945541
20230720093757740,7.1,7.1,7.093915020945541
20230720093757800,7.1,7.1,7.093915020945541
20230720093757840,7.1,7.1,7.093915020945541
20230720093757920,7.1,7.1,7.093915020945541
20230720093758080,7.1,7.1,7.093915020945541
20230720093759610,7.1,7.1,7.093915020945541
20230720093759650,7.1,7.1,7.093915020945541
20230720093800080,7.1,7.1,7.093915020945541
20230720093800230,7.1,7.1,7.093915020945541
20230720093802300,7.1,7.1,7.093915020945541
20230720093802320,7.1,7.1,7.093915020945541
20230720093802660,7.1,7.1,7.093915020945541
20230720093802690,7.1,7.1,7.093915020945541
20230720093802970,7.1,7.1,7.093915020945541
20230720093803110,7.1,7.1,7.093915020945541
20230720093805390,7.1,7.1,7.093915020945541
20230720093805700,7.1,7.1,7.093915020945541
20230720093805710,7.1,7.1,7.093915020945541
20230720093805860,7.1,7.09,7.094903769045709
20230720093805870,7.1,7.09,7.0950373371077164
20230720093805880,7.1,7.09,7.095599220947847
20230720093805890,7.1,7.09,7.095781962996765
20230720093805900,7.1,7.1,7.09578283770893
20230720093805910,7.1,7.1,7.09578283770893
20230720093805920,7.1,7.1,7.09578283770893
20230720093805930,7.1,7.1,7.09578283770893
20230720093805950,7.1,7.1,7.09578283770893
20230720093806010,7.1,7.1,7.09578283770893
20230720093806030,7.1,7.1,7.09578283770893
20230720093806050,7.1,7.1,7.09578283770893
20230720093806060,7.1,7.1,7.09578283770893
20230720093806070,7.1,7.1,7.09578283770893
20230720093806100,7.1,7.1,7.09578283770893
20230720093806110,7.1,7.1,7.09578283770893
20230720093806180,7.1,7.1,7.09578283770893
20230720093806190,7.1,7.1,7.09578283770893
20230720093806210,7.1,7.1,7.09578283770893
20230720093806230,7.1,7.1,7.09578283770893
20230720093806260,7.1,7.1,7.09578283770893
20230720093807840,7.1,7.1,7.09578283770893
20230720093807860,7.1,7.1,7.09578283770893
20230720093808110,7.1,7.1,7.09578283770893
20230720093808230,7.1,7.1,7.09578283770893
20230720093808280,7.1,7.1,7.09578283770893
20230720093808390,7.1,7.1,7.09578283770893
20230720093808400,7.1,7.1,7.09578283770893
20230720093808410,7.1,7.1,7.09578283770893
20230720093808490,7.1,7.1,7.09578283770893
20230720093808530,7.1,7.1,7.09578283770893
20230720093808550,7.1,7.1,7.09578283770893
20230720093808560,7.1,7.1,7.09578283770893
20230720093810470,7.1,7.1,7.09578283770893
20230720093810670,7.1,7.1,7.09578283770893
20230720093810760,7.1,7.1,7.09578283770893
20230720093810800,7.1,7.1,7.095789866180553
20230720093810890,7.1,7.1,7.095789866180553
20230720093811080,7.1,7.1,7.095789866180553
20230720093811120,7.1,7.1,7.095789866180553
20230720093811440,7.1,7.1,7.095789866180553
20230720093811450,7.1,7.1,7.095789866180553
20230720093811500,7.1,7.1,7.095789866180553
20230720093811520,7.1,7.1,7.095789866180553
20230720093811620,7.1,7.1,7.095789866180553
20230720093811640,7.1,7.1,7.095789866180553
20230720093813120,7.1,7.1,7.095789866180553
20230720093813130,7.1,7.1,7.095789866180553
20230720093813380,7.1,7.1,7.095789866180553
20230720093813990,7.1,7.1,7.095789866180553
20230720093816000,7.1,7.1,7.095789866180553
20230720093816020,7.1,7.1,7.095789866180553
20230720093816240,7.1,7.1,7.095789866180553
20230720093816280,7.1,7.1,7.095789866180553
20230720093816460,7.1,7.1,7.095792612224614
20230720093816780,7.1,7.1,7.095792612224614
20230720093816830,7.1,7.1,7.0957932005466064
20230720093817050,7.1,7.1,7.0957932005466064
20230720093818750,7.1,7.1,7.0957932005466064
20230720093818770,7.1,7.1,7.0957932005466064
20230720093819070,7.1,7.1,7.0957932005466064
20230720093819100,7.1,7.1,7.0957932005466064
20230720093819150,7.1,7.1,7.0957932005466064
20230720093819240,7.1,7.1,7.0957932005466064
20230720093821220,7.1,7.1,7.0957932005466064
20230720093821340,7.1,7.1,7.095794377044429
20230720093821650,7.1,7.1,7.095794377044429
20230720093822080,7.1,7.1,7.095794377044429
20230720093822120,7.1,7.1,7.095794377044429
20230720093823930,7.1,7.1,7.095794377044429
20230720093824430,7.1,7.1,7.095797317436662
20230720093824440,7.1,7.1,7.095797317436662
20230720093825110,7.1,7.1,7.095797491410357
20230720093825120,7.1,7.1,7.09579766536965
20230720093826750,7.1,7.1,7.09579766536965
20230720093826860,7.1,7.1,7.09579766536965
20230720093826920,7.1,7.1,7.09579766536965
20230720093827000,7.1,7.1,7.09579766536965
20230720093827240,7.1,7.1,7.09579766536965
20230720093827260,7.1,7.1,7.09579766536965
20230720093827270,7.1,7.1,7.09579766536965
20230720093827440,7.1,7.1,7.09579766536965
20230720093827530,7.1,7.1,7.09579766536965
20230720093827770,7.1,7.1,7.09579766536965
20230720093829300,7.1,7.1,7.09579766536965
20230720093829360,7.1,7.1,7.09579766536965
20230720093829480,7.1,7.1,7.09579766536965
20230720093829490,7.1,7.1,7.09579766536965
20230720093829540,7.1,7.1,7.09579766536965
20230720093829670,7.1,7.1,7.09579766536965
20230720093829740,7.1,7.1,7.09579766536965
20230720093829840,7.1,7.1,7.09579766536965
20230720093829920,7.1,7.1,7.095798013245033
20230720093832070,7.1,7.1,7.0958016624622635
20230720093832150,7.1,7.1,7.0958016624622635
20230720093832610,7.1,7.1,7.0958016624622635
20230720093832760,7.1,7.1,7.095802530389482
20230720093833040,7.1,7.1,7.095802530389482
20230720093833130,7.1,7.1,7.095802530389482
20230720093833180,7.1,7.1,7.095802530389482
20230720093834790,7.1,7.1,7.095803744884884
20230720093835010,7.1,7.1,7.0958054786596705
20230720093835100,7.1,7.1,7.095807824183088
20230720093835210,7.1,7.1,7.095807824183088
20230720093835640,7.1,7.1,7.095807824183088
20230720093835700,7.1,7.1,7.095807824183088
20230720093835850,7.1,7.1,7.095807824183088
20230720093837520,7.1,7.1,7.095807824183088
20230720093837760,7.1,7.1,7.095807824183088
20230720093837780,7.1,7.1,7.095807824183088
20230720093837810,7.1,7.1,7.095807824183088
20230720093838170,7.1,7.1,7.095807824183088
20230720093838550,7.1,7.1,7.095807824183088
20230720093838650,7.1,7.1,7.095807824183088
20230720093840250,7.1,7.1,7.095807824183088
20230720093840550,7.1,7.1,7.095821288861437
20230720093840830,7.1,7.1,7.095821288861437
20230720093842870,7.1,7.1,7.095825374608925
20230720093842920,7.1,7.1,7.09582880881869
20230720093843150,7.1,7.1,7.09582880881869
20230720093843630,7.1,7.1,7.09582880881869
20230720093843870,7.1,7.1,7.09582880881869
20230720093843970,7.1,7.1,7.09582880881869
20230720093845550,7.1,7.1,7.09582880881869
20230720093845960,7.1,7.1,7.09582880881869
20230720093846030,7.1,7.1,7.09582880881869
20230720093846210,7.1,7.1,7.095829494982728
20230720093846230,7.1,7.1,7.095829494982728
20230720093846310,7.1,7.1,7.095829494982728
20230720093846410,7.1,7.1,7.095829494982728
20230720093846450,7.1,7.1,7.095829494982728
20230720093846510,7.1,7.1,7.095829494982728
20230720093848240,7.1,7.1,7.095829494982728
20230720093848390,7.1,7.1,7.095829494982728
20230720093848440,7.1,7.1,7.095835831314417
20230720093848800,7.1,7.1,7.095835831314417
20230720093849040,7.1,7.1,7.095835831314417
20230720093849110,7.1,7.1,7.095835831314417
20230720093849120,7.1,7.1,7.095835831314417
20230720093849170,7.1,7.1,7.095850053230694
20230720093849240,7.1,7.1,7.095850053230694
20230720093851390,7.1,7.1,7.095850053230694
20230720093851520,7.1,7.1,7.095850053230694
20230720093851580,7.1,7.1,7.095850053230694
20230720093852060,7.1,7.1,7.095850053230694
20230720093853600,7.1,7.1,7.095850053230694
20230720093853660,7.1,7.1,7.095850053230694
20230720093853940,7.1,7.1,7.095850053230694
20230720093854470,7.1,7.1,7.095850053230694
20230720093856290,7.1,7.1,7.095850053230694
20230720093857220,7.1,7.1,7.095850053230694
20230720093857380,7.1,7.1,7.095850053230694
20230720093859110,7.1,7.1,7.095850053230694
20230720093859210,7.1,7.1,7.095850053230694
20230720093859560,7.1,7.1,7.095850053230694
20230720093901870,7.1,7.1,7.095853628586632
20230720093902130,7.1,7.1,7.095853628586632
20230720093902530,7.1,7.1,7.095853628586632
20230720093902880,7.1,7.1,7.095853628586632
20230720093904580,7.1,7.1,7.095853628586632
20230720093904710,7.1,7.1,7.095854786559162
20230720093904730,7.1,7.1,7.095854786559162
20230720093904980,7.1,7.1,7.095854786559162
20230720093905120,7.1,7.1,7.095855634667322
20230720093905270,7.1,7.1,7.095855634667322
20230720093905280,7.1,7.1,7.095855634667322
20230720093905580,7.1,7.1,7.095855634667322
20230720093907110,7.1,7.1,7.095855634667322
20230720093907220,7.1,7.1,7.095855634667322
20230720093907890,7.1,7.1,7.095855634667322
20230720093908130,7.1,7.1,7.095856143365656
20230720093908180,7.1,7.1,7.095856143365656
20230720093909890,7.1,7.1,7.095856143365656
20230720093909970,7.1,7.1,7.095856143365656
20230720093910110,7.1,7.1,7.095856143365656
20230720093910180,7.1,7.1,7.095856143365656
20230720093910320,7.1,7.1,7.095856143365656
20230720093910350,7.1,7.1,7.095856143365656
20230720093910580,7.1,7.1,7.095856143365656
20230720093910600,7.1,7.1,7.09585783812523
20230720093910610,7.1,7.1,7.09585783812523
20230720093910870,7.1,7.1,7.09585783812523
20230720093911050,7.1,7.1,7.09585783812523
20230720093912530,7.1,7.1,7.09585783812523
20230720093912700,7.1,7.1,7.09585783812523
20230720093912860,7.1,7.1,7.09585783812523
20230720093912900,7.1,7.1,7.09585783812523
20230720093912960,7.1,7.1,7.09585783812523
20230720093913020,7.1,7.1,7.09585783812523
20230720093913060,7.1,7.1,7.095863041700736
20230720093913130,7.1,7.1,7.095863041700736
20230720093913600,7.1,7.1,7.095863041700736
20230720093913630,7.1,7.1,7.095863041700736
20230720093915700,7.1,7.1,7.095871312579052
20230720093916250,7.1,7.1,7.095873333061458
20230720093916430,7.1,7.1,7.095873333061458
20230720093917900,7.1,7.1,7.095873333061458
20230720093917990,7.1,7.1,7.095873333061458
20230720093918500,7.1,7.1,7.09587501528678
20230720093918660,7.1,7.1,7.09587501528678
20230720093918930,7.1,7.1,7.09587501528678
20230720093919080,7.1,7.1,7.09587501528678
20230720093919090,7.1,7.1,7.09587501528678
20230720093921550,7.1,7.1,7.095876742479824
20230720093921640,7.1,7.1,7.095876742479824
20230720093923670,7.1,7.1,7.095876742479824
20230720093923800,7.1,7.1,7.095876742479824
20230720093923860,7.1,7.1,7.095876742479824
20230720093923870,7.1,7.1,7.095876742479824
20230720093924180,7.1,7.1,7.0958779185852245
20230720093924430,7.1,7.1,7.0958779185852245
20230720093926380,7.1,7.1,7.0958779185852245
20230720093926470,7.1,7.1,7.0958779185852245
20230720093926580,7.1,7.1,7.0958779185852245
20230720093926890,7.1,7.1,7.095894586894587
20230720093926900,7.1,7.1,7.095898604386215
20230720093927230,7.1,7.1,7.095898604386215
20230720093929390,7.1,7.1,7.095899772209568
20230720093931630,7.1,7.1,7.095902639391598
20230720093932300,7.1,7.1,7.095902639391598
20230720093934090,7.1,7.1,7.095902639391598
20230720093934130,7.1,7.1,7.095902639391598
20230720093934160,7.1,7.1,7.095902639391598
20230720093934280,7.1,7.1,7.095902639391598
20230720093934340,7.1,7.1,7.095902639391598
20230720093934450,7.1,7.1,7.095902639391598
20230720093934490,7.1,7.1,7.095902639391598
20230720093934550,7.1,7.1,7.095902639391598
20230720093934640,7.1,7.1,7.095902639391598
20230720093934950,7.1,7.1,7.0959092939218
20230720093934960,7.1,7.1,7.0959092939218
20230720093936900,7.1,7.1,7.0959092939218
20230720093936980,7.1,7.1,7.0959092939218
20230720093937030,7.1,7.1,7.0959092939218
20230720093937160,7.1,7.1,7.0959092939218
20230720093937910,7.1,7.1,7.0959092939218
20230720093937920,7.1,7.1,7.0959092939218
20230720093939660,7.1,7.1,7.0959092939218
20230720093939790,7.1,7.1,7.0959092939218
20230720093939820,7.1,7.1,7.0959098660170525
20230720093939900,7.1,7.1,7.0959098660170525
20230720093940050,7.1,7.1,7.0959098660170525
20230720093940540,7.1,7.1,7.0959098660170525
20230720093942670,7.1,7.1,7.0959098660170525
20230720093942710,7.1,7.1,7.0959098660170525
20230720093942730,7.1,7.1,7.095912725796631
20230720093942970,7.1,7.1,7.095912725796631
20230720093943110,7.1,7.1,7.095941259874418
20230720093943120,7.1,7.1,7.095941259874418
20230720093944910,7.1,7.1,7.095941259874418
20230720093944960,7.1,7.1,7.095941259874418
20230720093945020,7.1,7.1,7.095941259874418
20230720093945060,7.1,7.1,7.095941259874418
20230720093945750,7.1,7.1,7.095941259874418
20230720093946090,7.1,7.1,7.095941259874418
20230720093947950,7.1,7.1,7.095941259874418
20230720093948120,7.1,7.1,7.095941259874418
20230720093948470,7.1,7.1,7.095944687398769
20230720093948560,7.1,7.1,7.095944687398769
20230720093948700,7.1,7.1,7.095944687398769
20230720093948710,7.1,7.1,7.09595435600696
20230720093950390,7.1,7.1,7.09595435600696
20230720093950880,7.1,7.1,7.09595435600696
20230720093951170,7.1,7.1,7.096027179527934
20230720093951190,7.1,7.1,7.096027179527934
20230720093951490,7.1,7.1,7.096027179527934
20230720093953220,7.1,7.1,7.096027179527934
20230720093953290,7.1,7.1,7.096027179527934
20230720093953460,7.1,7.1,7.096031594824164
20230720093953810,7.1,7.1,7.096031594824164
20230720093953880,7.1,7.1,7.096031594824164
20230720093954070,7.1,7.1,7.096031594824164
20230720093954190,7.1,7.1,7.096031594824164
20230720093955800,7.1,7.1,7.096031594824164
20230720093955990,7.1,7.1,7.096039454919981
20230720093956240,7.1,7.1,7.096039454919981
20230720093956290,7.1,7.1,7.096039454919981
20230720093956490,7.1,7.1,7.096039454919981
20230720093958830,7.1,7.1,7.096039454919981
20230720093958850,7.1,7.1,7.096039454919981
20230720093959300,7.1,7.1,7.096039454919981
20230720093959540,7.1,7.1,7.096039454919981
20230720094001100,7.1,7.1,7.096039454919981
20230720094001110,7.1,7.1,7.096039454919981
20230720094001120,7.1,7.1,7.096039454919981
20230720094001160,7.1,7.1,7.096039454919981
20230720094001190,7.1,7.1,7.096039454919981
20230720094001200,7.1,7.1,7.096039454919981
20230720094001410,7.1,7.1,7.096039454919981
20230720094001420,7.1,7.1,7.096039454919981
20230720094001600,7.1,7.1,7.096039454919981
20230720094001610,7.1,7.1,7.096039454919981
20230720094001870,7.1,7.1,7.096039454919981
20230720094001920,7.1,7.1,7.096039454919981
20230720094002030,7.1,7.1,7.096039454919981
20230720094002040,7.1,7.1,7.096039454919981
20230720094002150,7.1,7.1,7.096039454919981
20230720094002280,7.1,7.1,7.096039454919981
20230720094003930,7.1,7.1,7.096039454919981
20230720094003970,7.1,7.1,7.096039454919981
20230720094004080,7.1,7.1,7.096039454919981
20230720094004110,7.1,7.1,7.096039454919981
20230720094004180,7.1,7.1,7.096039454919981
20230720094004200,7.1,7.1,7.096039454919981
20230720094004210,7.1,7.1,7.096039454919981
20230720094004230,7.1,7.1,7.096039454919981
20230720094004260,7.1,7.1,7.096079061923997
20230720094004270,7.1,7.1,7.096079215686275
20230720094004280,7.1,7.1,7.0960793694364925
20230720094004300,7.1,7.1,7.0960793694364925
20230720094004460,7.1,7.1,7.0960793694364925
20230720094004490,7.1,7.1,7.096080461122221
20230720094004600,7.1,7.1,7.096080461122221
20230720094004680,7.1,7.1,7.096080461122221
20230720094006670,7.1,7.1,7.096080461122221
20230720094006900,7.1,7.1,7.096080461122221
20230720094006910,7.1,7.1,7.096080461122221
20230720094006920,7.1,7.1,7.096080461122221
20230720094006990,7.1,7.1,7.096080461122221
20230720094007030,7.1,7.1,7.096080461122221
20230720094007040,7.1,7.1,7.096156419425539
20230720094007240,7.1,7.1,7.096156419425539
20230720094007300,7.1,7.1,7.096156419425539
20230720094007310,7.1,7.1,7.096156419425539
20230720094007320,7.1,7.1,7.096156419425539
20230720094007610,7.1,7.1,7.096156419425539
20230720094007640,7.1,7.1,7.096156419425539
20230720094009830,7.1,7.1,7.096156419425539
20230720094010080,7.1,7.1,7.096157483947864
20230720094010310,7.1,7.1,7.096157483947864
20230720094012150,7.1,7.1,7.096160144537556
20230720094012240,7.1,7.1,7.096160144537556
20230720094012340,7.1,7.1,7.096160144537556
20230720094012430,7.1,7.1,7.096164862166935
20230720094012630,7.1,7.1,7.09617000881868
20230720094012760,7.1,7.1,7.0961809909772136
20230720094012780,7.1,7.1,7.096183617330175
20230720094012810,7.1,7.1,7.096183617330175
20230720094012840,7.1,7.1,7.096183617330175
20230720094012870,7.1,7.1,7.096183617330175
20230720094013020,7.1,7.1,7.096184145176696
20230720094013100,7.1,7.1,7.096184145176696
20230720094013150,7.1,7.1,7.096188513642435
20230720094014680,7.1,7.1,7.096188513642435
20230720094014830,7.1,7.1,7.096188513642435
20230720094014960,7.1,7.1,7.096188513642435
20230720094015800,7.1,7.1,7.096189386135592
20230720094015810,7.1,7.1,7.096189386135592
20230720094017350,7.1,7.1,7.096189386135592
20230720094017580,7.1,7.1,7.096189386135592
20230720094017620,7.1,7.1,7.096189386135592
20230720094017680,7.1,7.1,7.096189386135592
20230720094017870,7.1,7.1,7.096189386135592
20230720094018290,7.1,7.1,7.096189386135592
20230720094018370,7.1,7.1,7.096189386135592
20230720094018400,7.1,7.1,7.096189386135592
20230720094020040,7.1,7.1,7.096189386135592
20230720094020260,7.1,7.1,7.096191493419798
20230720094020300,7.1,7.1,7.096191493419798
20230720094020510,7.1,7.1,7.096191493419798
20230720094020570,7.1,7.1,7.096191493419798
20230720094020600,7.1,7.1,7.096191493419798
20230720094020670,7.1,7.1,7.096192020140372
20230720094020810,7.1,7.1,7.096192020140372
20230720094021210,7.1,7.1,7.096192020140372
20230720094023090,7.1,7.1,7.096192020140372
20230720094025460,7.1,7.1,7.096192020140372
20230720094025930,7.1,7.1,7.096192020140372
20230720094026060,7.1,7.1,7.096192020140372
20230720094028250,7.1,7.1,7.09621770099265
20230720094028400,7.1,7.1,7.09621770099265
20230720094028510,7.1,7.1,7.09621770099265
20230720094028720,7.1,7.1,7.096220564851972
20230720094028790,7.1,7.1,7.096220564851972
20230720094028980,7.1,7.1,7.0962465991535675
20230720094029120,7.1,7.1,7.0962465991535675
20230720094029300,7.1,7.1,7.0962465991535675
20230720094031210,7.1,7.1,7.096248016922264
20230720094031260,7.1,7.1,7.096248016922264
20230720094031390,7.1,7.1,7.096248016922264
20230720094031440,7.1,7.1,7.096248016922264
20230720094031450,7.1,7.1,7.096253818593249
20230720094031500,7.1,7.1,7.096253818593249
20230720094031670,7.1,7.1,7.096253818593249
20230720094033500,7.1,7.1,7.096253818593249
20230720094033690,7.1,7.1,7.096253818593249
20230720094033740,7.1,7.1,7.096253818593249
20230720094034010,7.1,7.1,7.096253818593249
20230720094034120,7.1,7.1,7.096253818593249
20230720094034140,7.1,7.1,7.096253818593249
20230720094036680,7.1,7.1,7.096253818593249
20230720094037200,7.1,7.1,7.096253818593249
20230720094039140,7.1,7.1,7.096253818593249
20230720094039170,7.1,7.1,7.096253818593249
20230720094039220,7.1,7.1,7.096253818593249
20230720094039230,7.1,7.1,7.096253818593249
20230720094039410,7.1,7.1,7.096253818593249
20230720094039580,7.1,7.1,7.096253818593249
20230720094041580,7.1,7.1,7.096253818593249
20230720094041740,7.1,7.1,7.096253818593249
20230720094042170,7.1,7.1,7.096253818593249
20230720094042220,7.1,7.1,7.096253818593249
20230720094042510,7.1,7.1,7.096253818593249
20230720094042520,7.1,7.1,7.096253818593249
20230720094044480,7.1,7.1,7.096253818593249
20230720094044550,7.1,7.1,7.096253818593249
20230720094044660,7.1,7.1,7.096253818593249
20230720094044720,7.1,7.1,7.096253818593249
20230720094044790,7.1,7.1,7.096253818593249
20230720094044850,7.1,7.1,7.096253818593249
20230720094045070,7.1,7.1,7.096253818593249
20230720094048030,7.1,7.1,7.096253818593249
20230720094050000,7.1,7.1,7.096253818593249
20230720094050240,7.1,7.1,7.096253818593249
20230720094050300,7.1,7.1,7.096253818593249
20230720094050360,7.1,7.1,7.096253818593249
20230720094050650,7.11,7.1,7.096253818593249
20230720094050690,7.11,7.1,7.096253818593249
20230720094050910,7.11,7.1,7.096253818593249
20230720094052490,7.11,7.1,7.096253818593249
20230720094052780,7.11,7.1,7.096314853905121
20230720094052860,7.11,7.1,7.096314853905121
20230720094053190,7.11,7.1,7.096314853905121
20230720094055150,7.1,7.1,7.096314853905121
20230720094055260,7.1,7.1,7.096314853905121
20230720094055550,7.1,7.1,7.096314853905121
20230720094055600,7.1,7.1,7.096314853905121
20230720094056080,7.1,7.1,7.096314853905121
20230720094056090,7.1,7.1,7.096314853905121
20230720094058110,7.1,7.1,7.096314853905121
20230720094058120,7.1,7.1,7.096314853905121
20230720094058260,7.1,7.1,7.096314853905121
20230720094058410,7.1,7.1,7.096313998224327
20230720094058580,7.1,7.1,7.096313998224327
20230720094058630,7.1,7.1,7.096313998224327
20230720094058660,7.1,7.1,7.096313998224327
20230720094058800,7.1,7.1,7.096313998224327
20230720094058930,7.1,7.1,7.096313998224327
20230720094058970,7.1,7.1,7.096313998224327
20230720094100810,7.1,7.1,7.096313998224327
20230720094101120,7.1,7.1,7.096313998224327
20230720094101290,7.1,7.1,7.096313998224327
20230720094101560,7.1,7.1,7.096304010635941
20230720094103540,7.1,7.1,7.096304010635941
20230720094103800,7.1,7.1,7.096303079536224
20230720094103930,7.1,7.1,7.096303079536224
20230720094104100,7.1,7.1,7.096303079536224
20230720094104130,7.1,7.1,7.096303079536224
20230720094104160,7.1,7.1,7.096303079536224
20230720094105880,7.1,7.1,7.096303079536224
20230720094106210,7.1,7.1,7.096303079536224
20230720094106560,7.1,7.1,7.096303079536224
20230720094106640,7.1,7.1,7.096303079536224
20230720094106930,7.1,7.1,7.096303079536224
20230720094107070,7.1,7.1,7.096303079536224
20230720094107090,7.1,7.1,7.096300985567162
20230720094108610,7.11,7.1,7.096300985567162
20230720094108670,7.11,7.1,7.096301183061217
20230720094108770,7.11,7.1,7.096301183061217
20230720094108840,7.11,7.1,7.096301183061217
20230720094109160,7.11,7.1,7.096301183061217
20230720094109620,7.11,7.1,7.096301183061217
20230720094109780,7.1,7.1,7.096301183061217
20230720094111470,7.1,7.1,7.096301183061217
