Timestamp,ask1,bid1,VWAP
20230712093000030,6.18,7.41,0.0
20230712093000040,6.42,7.41,6.739090909090909
20230712093000050,6.42,7.41,6.739090909090909
20230712093000060,6.42,7.41,6.739090909090909
20230712093000070,6.42,7.41,6.739090909090909
20230712093000080,6.42,7.41,6.739333333333334
20230712093000090,6.55,6.78,6.739848484848485
20230712093000100,6.55,6.78,6.739848484848485
20230712093000110,6.55,6.78,6.739848484848485
20230712093000260,6.55,6.78,6.739848484848485
20230712093000270,6.55,6.78,6.739848484848485
20230712093000280,6.55,6.78,6.739848484848485
20230712093000290,6.55,6.78,6.739848484848485
20230712093000300,6.55,6.78,6.739848484848485
20230712093000310,6.55,6.78,6.739848484848485
20230712093000330,6.55,6.78,6.739848484848485
20230712093000340,6.55,6.78,6.739848484848485
20230712093000350,6.55,6.78,6.739848484848485
20230712093000360,6.55,6.78,6.739848484848485
20230712093000370,6.55,6.78,6.739848484848485
20230712093000380,6.55,6.78,6.739848484848485
20230712093000390,6.55,6.78,6.739848484848485
20230712093000400,6.55,6.78,6.739848484848485
20230712093000410,6.55,6.78,6.739848484848485
20230712093000420,6.55,6.78,6.739848484848485
20230712093000440,6.55,6.78,6.739848484848485
20230712093000450,6.55,6.78,6.739848484848485
20230712093000460,6.55,6.78,6.739848484848485
20230712093000470,6.55,6.78,6.739848484848485
20230712093000480,6.55,6.78,6.739848484848485
20230712093000490,6.55,6.78,6.739848484848485
20230712093001000,6.55,6.78,6.739848484848485
20230712093001020,6.55,6.78,6.739848484848485
20230712093001040,6.55,6.78,6.739848484848485
20230712093001060,6.55,6.78,6.739848484848485
20230712093001070,6.55,6.78,6.739848484848485
20230712093001080,6.55,6.78,6.739848484848485
20230712093001090,6.55,6.78,6.739848484848485
20230712093001100,6.55,6.77,6.740443037974684
20230712093001110,6.55,6.74,6.739705882352941
20230712093001120,6.55,6.73,6.738776595744681
20230712093001140,6.55,6.73,6.738776595744681
20230712093001150,6.55,6.73,6.738776595744681
20230712093001160,6.55,6.73,6.738776595744681
20230712093001170,6.55,6.73,6.738776595744681
20230712093001190,6.55,6.73,6.738776595744681
20230712093001200,6.55,6.73,6.738776595744681
20230712093001220,6.55,6.73,6.738776595744681
20230712093001260,6.55,6.73,6.738776595744681
20230712093001270,6.55,6.73,6.738776595744681
20230712093001290,6.55,6.73,6.738776595744681
20230712093001300,6.55,6.73,6.738776595744681
20230712093001310,6.55,6.73,6.738776595744681
20230712093001330,6.55,6.73,6.738776595744681
20230712093001340,6.55,6.73,6.738776595744681
20230712093001350,6.55,6.73,6.738776595744681
20230712093001360,6.74,6.73,6.739383378016086
20230712093001410,6.74,6.73,6.739383378016086
20230712093001420,6.74,6.73,6.739383378016086
20230712093001430,6.74,6.73,6.739383378016086
20230712093001440,6.74,6.73,6.739383378016086
20230712093001480,6.74,6.73,6.739383378016086
20230712093001510,6.74,6.73,6.739383378016086
20230712093002330,6.74,6.73,6.739383378016086
20230712093002360,6.74,6.73,6.739383378016086
20230712093002410,6.73,6.72,6.738266666666667
20230712093002440,6.73,6.72,6.738066914498141
20230712093002450,6.73,6.72,6.738066914498141
20230712093002480,6.73,6.72,6.738066914498141
20230712093002490,6.73,6.72,6.738066914498141
20230712093002500,6.73,6.72,6.738066914498141
20230712093002510,6.73,6.72,6.738066914498141
20230712093002550,6.73,6.72,6.738066914498141
20230712093002560,6.73,6.72,6.738066914498141
20230712093002570,6.73,6.72,6.738066914498141
20230712093002580,6.73,6.72,6.7379926335174956
20230712093002600,6.73,6.72,6.736814449917898
20230712093002610,6.73,6.72,6.736814449917898
20230712093002640,6.73,6.72,6.736814449917898
20230712093002690,6.73,6.72,6.736814449917898
20230712093002700,6.73,6.72,6.736747967479674
20230712093002720,6.73,6.72,6.736747967479674
20230712093002730,6.73,6.72,6.736747967479674
20230712093002790,6.73,6.72,6.736747967479674
20230712093002800,6.73,6.72,6.736737012987013
20230712093002810,6.73,6.72,6.736737012987013
20230712093002890,6.73,6.72,6.736737012987013
20230712093002900,6.73,6.72,6.736737012987013
20230712093002930,6.73,6.72,6.736737012987013
20230712093002950,6.73,6.72,6.736737012987013
20230712093002990,6.73,6.72,6.736737012987013
20230712093003010,6.73,6.72,6.736737012987013
20230712093003020,6.73,6.72,6.736737012987013
20230712093003030,6.73,6.72,6.736629392971246
20230712093003040,6.73,6.72,6.736629392971246
20230712093003050,6.73,6.72,6.736629392971246
20230712093003060,6.73,6.72,6.736629392971246
20230712093003070,6.73,6.72,6.736629392971246
20230712093003090,6.73,6.72,6.736629392971246
20230712093003130,6.73,6.72,6.736629392971246
20230712093003170,6.73,6.72,6.736629392971246
20230712093003180,6.73,6.72,6.736629392971246
20230712093003190,6.73,6.72,6.736629392971246
20230712093003200,6.73,6.72,6.736618819776715
20230712093003240,6.73,6.72,6.736618819776715
20230712093003260,6.73,6.72,6.736618819776715
20230712093004840,6.73,6.72,6.736618819776715
20230712093004910,6.73,6.73,6.736618819776715
20230712093004940,6.73,6.73,6.736618819776715
20230712093004970,6.73,6.73,6.736618819776715
20230712093005020,6.73,6.73,6.736618819776715
20230712093005040,6.73,6.73,6.736618819776715
20230712093005060,6.73,6.73,6.736618819776715
20230712093005110,6.73,6.74,6.736618819776715
20230712093005170,6.73,6.74,6.736618819776715
20230712093005180,6.73,6.74,6.736618819776715
20230712093005290,6.73,6.73,6.736608280254777
20230712093005380,6.73,6.73,6.736608280254777
20230712093005440,6.73,6.73,6.736608280254777
20230712093005520,6.73,6.73,6.736608280254777
20230712093005530,6.73,6.73,6.736608280254777
20230712093005570,6.73,6.73,6.736608280254777
20230712093005730,6.73,6.72,6.736414219474498
20230712093005810,6.73,6.72,6.736363636363636
20230712093005890,6.73,6.72,6.736363636363636
20230712093005930,6.73,6.72,6.736090909090909
20230712093005950,6.73,6.72,6.736090909090909
20230712093006040,6.73,6.72,6.736090909090909
20230712093006050,6.73,6.72,6.736090909090909
20230712093006060,6.73,6.72,6.736090909090909
20230712093006180,6.73,6.72,6.736090909090909
20230712093006530,6.73,6.72,6.736090909090909
20230712093006580,6.73,6.72,6.73605421686747
20230712093006680,6.73,6.72,6.73605421686747
20230712093009790,6.73,6.72,6.73605421686747
20230712093009800,6.73,6.72,6.73605421686747
20230712093009820,6.73,6.72,6.73605421686747
20230712093010080,6.73,6.72,6.73605421686747
20230712093010090,6.73,6.72,6.7360660660660665
20230712093010130,6.73,6.73,6.7360660660660665
20230712093010140,6.73,6.73,6.7360660660660665
20230712093010240,6.73,6.73,6.7360660660660665
20230712093010320,6.73,6.73,6.7360660660660665
20230712093010360,6.73,6.73,6.7360660660660665
20230712093010430,6.73,6.73,6.7360660660660665
20230712093010440,6.73,6.73,6.7360660660660665
20230712093010460,6.73,6.73,6.7360660660660665
20230712093010500,6.73,6.73,6.7360660660660665
20230712093010510,6.73,6.73,6.7360660660660665
20230712093010530,6.73,6.73,6.7360660660660665
20230712093010550,6.73,6.72,6.7360660660660665
20230712093010640,6.73,6.72,6.7360660660660665
20230712093010700,6.73,6.72,6.7360660660660665
20230712093010710,6.73,6.72,6.7360660660660665
20230712093010730,6.73,6.72,6.7360660660660665
20230712093010920,6.73,6.72,6.7360660660660665
20230712093011530,6.73,6.72,6.7360660660660665
20230712093012350,6.73,6.72,6.7360660660660665
20230712093012370,6.73,6.72,6.7360660660660665
20230712093012460,6.73,6.72,6.7360660660660665
20230712093012520,6.73,6.72,6.7360660660660665
20230712093012640,6.73,6.72,6.735403973509934
20230712093012680,6.73,6.72,6.735403973509934
20230712093012790,6.73,6.72,6.735421052631579
20230712093013000,6.73,6.72,6.735421052631579
20230712093013060,6.73,6.73,6.735421052631579
20230712093013100,6.73,6.72,6.735421052631579
20230712093016030,6.73,6.72,6.735421052631579
20230712093016060,6.73,6.72,6.735421052631579
20230712093016080,6.73,6.72,6.735421052631579
20230712093016090,6.73,6.72,6.735378590078329
20230712093016100,6.73,6.72,6.735378590078329
20230712093016130,6.73,6.72,6.735378590078329
20230712093016150,6.73,6.72,6.735378590078329
20230712093016230,6.73,6.72,6.7352
20230712093016290,6.73,6.72,6.7352
20230712093016320,6.73,6.72,6.7348549810844895
20230712093016380,6.73,6.72,6.7348549810844895
20230712093016630,6.73,6.72,6.7348549810844895
20230712093016710,6.73,6.72,6.7348549810844895
20230712093016720,6.73,6.72,6.734848866498741
20230712093016810,6.73,6.72,6.734848866498741
20230712093016870,6.73,6.72,6.734830614805521
20230712093016930,6.73,6.72,6.734824561403509
20230712093017090,6.73,6.72,6.734824561403509
20230712093017110,6.73,6.73,6.734764851485148
20230712093019080,6.73,6.73,6.734758961681088
20230712093019090,6.73,6.73,6.734753086419753
20230712093019110,6.73,6.73,6.7347355473554735
20230712093019130,6.73,6.73,6.7347355473554735
20230712093019650,6.73,6.73,6.73472972972973
20230712093019940,6.73,6.73,6.73472972972973
20230712093019960,6.73,6.73,6.73472972972973
20230712093021770,6.73,6.73,6.73472972972973
20230712093021960,6.73,6.73,6.73472972972973
20230712093022010,6.73,6.73,6.73472972972973
20230712093022040,6.73,6.73,6.73472972972973
20230712093022080,6.73,6.73,6.734839476813318
20230712093022100,6.73,6.73,6.734839476813318
20230712093022210,6.73,6.73,6.734851720047449
20230712093022710,6.73,6.73,6.734778037383178
20230712093022820,6.73,6.73,6.734778037383178
20230712093022830,6.73,6.73,6.734750290360046
20230712093022840,6.73,6.73,6.734750290360046
20230712093022860,6.73,6.73,6.734750290360046
20230712093024850,6.73,6.73,6.734750290360046
20230712093024890,6.73,6.73,6.734750290360046
20230712093024900,6.73,6.73,6.734750290360046
20230712093025000,6.73,6.73,6.734792626728111
20230712093025070,6.73,6.73,6.7348577929465305
20230712093025080,6.73,6.73,6.734960981047937
20230712093025090,6.73,6.73,6.734960981047937
20230712093025100,6.73,6.73,6.734960981047937
20230712093025160,6.73,6.73,6.734960981047937
20230712093025220,6.73,6.73,6.734960981047937
20230712093025470,6.73,6.73,6.734960981047937
20230712093027080,6.73,6.73,6.73510292524377
20230712093027110,6.73,6.73,6.73510292524377
20230712093027210,6.73,6.73,6.73510292524377
20230712093027330,6.73,6.73,6.73510292524377
20230712093027500,6.73,6.73,6.73510292524377
20230712093027540,6.73,6.73,6.73510292524377
20230712093027740,6.73,6.73,6.73510292524377
20230712093027880,6.73,6.73,6.73510292524377
20230712093027950,6.73,6.73,6.73510292524377
20230712093028000,6.73,6.73,6.73510292524377
20230712093028060,6.73,6.74,6.73510292524377
20230712093028280,6.73,6.74,6.73510292524377
20230712093030030,6.73,6.74,6.7356100104275285
20230712093030040,6.73,6.74,6.7356100104275285
20230712093030060,6.73,6.74,6.7356100104275285
20230712093030070,6.73,6.74,6.735628245067497
20230712093030300,6.73,6.74,6.735628245067497
20230712093030580,6.73,6.74,6.735628245067497
20230712093030680,6.73,6.74,6.735655314757482
20230712093030690,6.73,6.74,6.735655314757482
20230712093030700,6.73,6.74,6.735655314757482
20230712093030830,6.74,6.73,6.735199240986717
20230712093030880,6.74,6.73,6.735199240986717
20230712093033030,6.74,6.73,6.735199240986717
20230712093033040,6.74,6.73,6.735199240986717
20230712093033070,6.74,6.73,6.735199240986717
20230712093033170,6.74,6.73,6.735099818511797
20230712093033290,6.74,6.73,6.735099818511797
20230712093033330,6.74,6.73,6.735099818511797
20230712093033360,6.74,6.73,6.735099818511797
20230712093035340,6.74,6.73,6.735099818511797
20230712093035380,6.74,6.73,6.735099818511797
20230712093035770,6.74,6.73,6.735099818511797
20230712093035900,6.74,6.73,6.735099818511797
20230712093036100,6.74,6.73,6.735193321616872
20230712093036150,6.74,6.73,6.735193321616872
20230712093037890,6.74,6.73,6.735193321616872
20230712093037920,6.74,6.73,6.735193321616872
20230712093037960,6.74,6.73,6.735193321616872
20230712093038020,6.74,6.73,6.735193321616872
20230712093038190,6.74,6.73,6.735193321616872
20230712093038260,6.74,6.73,6.735193321616872
20230712093038280,6.74,6.73,6.735193321616872
20230712093038320,6.74,6.74,6.73522270742358
20230712093038480,6.74,6.74,6.73522270742358
20230712093038650,6.74,6.74,6.73522270742358
20230712093038670,6.74,6.74,6.73522270742358
20230712093038690,6.74,6.74,6.735239338555266
20230712093038730,6.74,6.74,6.735239338555266
20230712093038770,6.74,6.74,6.735239338555266
20230712093038940,6.74,6.74,6.735239338555266
20230712093039070,6.74,6.74,6.735239338555266
20230712093039110,6.74,6.74,6.735239338555266
20230712093040670,6.74,6.74,6.735239338555266
20230712093040890,6.74,6.74,6.735255854293149
20230712093041480,6.74,6.74,6.735255854293149
20230712093041500,6.74,6.74,6.735255854293149
20230712093043650,6.74,6.74,6.735255854293149
20230712093043660,6.74,6.74,6.735255854293149
20230712093043700,6.74,6.74,6.735255854293149
20230712093043710,6.74,6.74,6.735255854293149
20230712093043970,6.74,6.74,6.7355072463768115
20230712093044100,6.74,6.74,6.7355072463768115
20230712093044120,6.74,6.74,6.7355072463768115
20230712093045970,6.74,6.74,6.7355072463768115
20230712093046040,6.74,6.74,6.735560235888795
20230712093046080,6.74,6.74,6.735604670558799
20230712093046100,6.74,6.74,6.735604670558799
20230712093046120,6.74,6.74,6.735604670558799
20230712093046450,6.74,6.74,6.736557632398754
20230712093046460,6.74,6.74,6.736557632398754
20230712093046700,6.74,6.74,6.737083021690352
20230712093046710,6.74,6.74,6.737083021690352
20230712093046870,6.74,6.74,6.737083021690352
20230712093048800,6.74,6.74,6.737083021690352
20230712093048990,6.74,6.74,6.737083021690352
20230712093049010,6.74,6.74,6.737083021690352
20230712093049070,6.74,6.74,6.737083021690352
20230712093049280,6.74,6.74,6.737083021690352
20230712093049400,6.74,6.74,6.737143911439114
20230712093049440,6.74,6.74,6.737143911439114
20230712093049580,6.74,6.74,6.737143911439114
20230712093049620,6.74,6.74,6.737143911439114
20230712093051420,6.74,6.74,6.737143911439114
20230712093052270,6.74,6.74,6.737143911439114
20230712093052300,6.74,6.74,6.737143911439114
20230712093052350,6.74,6.74,6.737143911439114
20230712093052370,6.74,6.74,6.737143911439114
20230712093052500,6.74,6.74,6.737143911439114
20230712093052610,6.74,6.74,6.737143911439114
20230712093054280,6.74,6.74,6.737143911439114
20230712093054300,6.74,6.74,6.737143911439114
20230712093054410,6.74,6.74,6.737182481751825
20230712093054990,6.74,6.74,6.737182481751825
20230712093055010,6.74,6.74,6.737182481751825
20230712093055060,6.74,6.74,6.737182481751825
20230712093055080,6.74,6.74,6.737182481751825
20230712093055180,6.74,6.74,6.737182481751825
20230712093055220,6.74,6.74,6.737182481751825
20230712093056960,6.74,6.74,6.737350246652572
20230712093057080,6.74,6.74,6.737368050668543
20230712093057100,6.74,6.74,6.737368050668543
20230712093057380,6.74,6.74,6.737456324248777
20230712093057930,6.74,6.74,6.737456324248777
20230712093100060,6.74,6.74,6.737456324248777
20230712093100320,6.74,6.74,6.737456324248777
20230712093100400,6.74,6.74,6.737456324248777
20230712093100670,6.74,6.74,6.737456324248777
20230712093100680,6.74,6.74,6.737456324248777
20230712093100690,6.74,6.74,6.737456324248777
20230712093102190,6.74,6.74,6.737456324248777
20230712093102230,6.74,6.74,6.737456324248777
20230712093102630,6.74,6.74,6.737456324248777
20230712093102790,6.74,6.74,6.737456324248777
20230712093102880,6.74,6.74,6.737456324248777
20230712093103180,6.74,6.74,6.737456324248777
20230712093103380,6.74,6.74,6.737456324248777
20230712093104870,6.74,6.74,6.737456324248777
20230712093104890,6.74,6.74,6.737456324248777
20230712093105000,6.74,6.74,6.737456324248777
20230712093105060,6.74,6.74,6.737456324248777
20230712093105100,6.74,6.74,6.737456324248777
20230712093105730,6.74,6.74,6.737456324248777
20230712093105960,6.74,6.74,6.737456324248777
20230712093107720,6.74,6.74,6.737456324248777
20230712093107770,6.75,6.74,6.737456324248777
20230712093107930,6.75,6.74,6.737456324248777
20230712093107940,6.75,6.74,6.737456324248777
20230712093107970,6.75,6.74,6.737456324248777
20230712093107980,6.75,6.74,6.737456324248777
20230712093108020,6.75,6.74,6.737456324248777
20230712093108060,6.75,6.74,6.737456324248777
20230712093108290,6.75,6.74,6.737456324248777
20230712093108570,6.75,6.73,6.737456324248777
20230712093108580,6.75,6.73,6.737456324248777
20230712093108720,6.75,6.73,6.737456324248777
20230712093110300,6.75,6.74,6.737456324248777
20230712093110310,6.75,6.74,6.737456324248777
20230712093110340,6.75,6.74,6.737456324248777
20230712093110410,6.75,6.74,6.737456324248777
20230712093110600,6.75,6.73,6.737456324248777
20230712093110760,6.75,6.73,6.737456324248777
20230712093110950,6.75,6.73,6.737456324248777
20230712093111000,6.75,6.73,6.737456324248777
20230712093111250,6.75,6.74,6.737456324248777
20230712093111260,6.75,6.74,6.737456324248777
20230712093112990,6.75,6.74,6.737456324248777
20230712093113010,6.75,6.74,6.737456324248777
20230712093113030,6.75,6.74,6.737456324248777
20230712093113070,6.75,6.73,6.737456324248777
20230712093113080,6.75,6.73,6.737456324248777
20230712093113180,6.75,6.73,6.737456324248777
20230712093113200,6.75,6.73,6.737456324248777
20230712093113250,6.75,6.73,6.737456324248777
20230712093113320,6.75,6.73,6.737456324248777
20230712093113860,6.75,6.73,6.737456324248777
20230712093113990,6.75,6.73,6.737456324248777
20230712093114030,6.75,6.73,6.737456324248777
20230712093114050,6.75,6.73,6.737456324248777
20230712093114080,6.75,6.73,6.737456324248777
20230712093114100,6.75,6.73,6.737456324248777
20230712093114170,6.75,6.73,6.737456324248777
20230712093116280,6.75,6.73,6.737456324248777
20230712093116310,6.75,6.73,6.737456324248777
20230712093116860,6.75,6.73,6.737456324248777
20230712093118470,6.75,6.73,6.737456324248777
20230712093118730,6.75,6.73,6.737456324248777
20230712093118770,6.75,6.73,6.737456324248777
20230712093118870,6.75,6.73,6.737456324248777
20230712093118900,6.75,6.73,6.737456324248777
20230712093118990,6.75,6.73,6.737456324248777
20230712093119230,6.75,6.73,6.737456324248777
20230712093119330,6.75,6.73,6.737456324248777
20230712093119570,6.75,6.73,6.737456324248777
20230712093121810,6.75,6.73,6.737456324248777
20230712093121890,6.75,6.73,6.737456324248777
20230712093121990,6.75,6.73,6.737456324248777
20230712093122040,6.75,6.73,6.737456324248777
20230712093122060,6.75,6.73,6.737456324248777
20230712093122200,6.75,6.73,6.737456324248777
20230712093122220,6.75,6.73,6.737456324248777
20230712093122230,6.75,6.74,6.737456324248777
20230712093124160,6.75,6.74,6.737456324248777
20230712093124180,6.75,6.74,6.737456324248777
20230712093124780,6.75,6.74,6.737456324248777
20230712093124820,6.75,6.73,6.739241603466955
20230712093124860,6.75,6.73,6.739243243243243
20230712093124870,6.75,6.73,6.739243243243243
20230712093125000,6.75,6.73,6.739243243243243
20230712093126740,6.75,6.73,6.739243243243243
20230712093126820,6.75,6.73,6.739243243243243
20230712093127480,6.75,6.73,6.739243243243243
20230712093127500,6.75,6.73,6.739243243243243
20230712093129290,6.75,6.73,6.739243243243243
20230712093129310,6.75,6.73,6.739243243243243
20230712093129560,6.75,6.73,6.739243243243243
20230712093129630,6.75,6.73,6.739243243243243
20230712093129880,6.75,6.73,6.739243243243243
20230712093129910,6.75,6.73,6.739243243243243
20230712093129980,6.75,6.73,6.739274235355106
20230712093130040,6.75,6.73,6.739274235355106
20230712093130270,6.75,6.73,6.739274235355106
20230712093130300,6.75,6.73,6.739274235355106
20230712093131880,6.75,6.73,6.739274235355106
20230712093132020,6.74,6.73,6.739274235355106
20230712093132030,6.74,6.73,6.739274235355106
20230712093132050,6.74,6.73,6.739274235355106
20230712093132220,6.74,6.73,6.739274235355106
20230712093132250,6.74,6.73,6.739274235355106
20230712093132320,6.74,6.73,6.739274235355106
20230712093132350,6.74,6.73,6.739274235355106
20230712093132370,6.74,6.73,6.739274235355106
20230712093132400,6.74,6.73,6.739274235355106
20230712093132500,6.74,6.73,6.739274235355106
20230712093132530,6.74,6.73,6.739274235355106
20230712093132550,6.74,6.73,6.739274235355106
20230712093132600,6.74,6.73,6.739274235355106
20230712093132660,6.74,6.73,6.739274235355106
20230712093132810,6.74,6.73,6.739274235355106
20230712093132860,6.74,6.73,6.739274235355106
20230712093132880,6.74,6.73,6.739274235355106
20230712093132890,6.74,6.73,6.739274235355106
20230712093133040,6.74,6.73,6.739274235355106
20230712093133060,6.74,6.73,6.739274235355106
20230712093133100,6.74,6.73,6.739274235355106
20230712093135050,6.74,6.73,6.739274235355106
20230712093135070,6.74,6.73,6.739274235355106
20230712093135080,6.74,6.73,6.739274235355106
20230712093135100,6.74,6.73,6.739274235355106
20230712093135120,6.74,6.73,6.739274235355106
20230712093135420,6.74,6.73,6.739274235355106
20230712093135630,6.74,6.73,6.7393013307984795
20230712093135700,6.74,6.73,6.7393013307984795
20230712093135720,6.74,6.73,6.7393013307984795
20230712093135760,6.74,6.73,6.7393013307984795
20230712093135810,6.74,6.73,6.7393013307984795
20230712093137470,6.74,6.73,6.7393013307984795
20230712093137530,6.74,6.73,6.7393013307984795
20230712093137550,6.74,6.73,6.7393013307984795
20230712093137580,6.74,6.73,6.7393013307984795
20230712093137620,6.74,6.73,6.7393013307984795
20230712093137820,6.74,6.73,6.7393013307984795
20230712093137910,6.74,6.73,6.7393013307984795
20230712093137940,6.74,6.73,6.7393013307984795
20230712093137980,6.74,6.73,6.7393013307984795
20230712093138050,6.74,6.73,6.7393013307984795
20230712093138060,6.74,6.73,6.7393013307984795
20230712093138100,6.74,6.73,6.7393013307984795
20230712093138150,6.74,6.73,6.7393013307984795
20230712093138170,6.74,6.73,6.7393013307984795
20230712093138200,6.74,6.73,6.7393013307984795
20230712093138400,6.74,6.73,6.7393013307984795
20230712093138440,6.74,6.73,6.7393013307984795
20230712093138470,6.74,6.73,6.7393013307984795
20230712093138510,6.74,6.73,6.7393013307984795
20230712093143070,6.74,6.73,6.7393013307984795
20230712093143190,6.74,6.73,6.7393013307984795
20230712093143320,6.73,6.73,6.739079981507166
20230712093143340,6.73,6.73,6.739079981507166
20230712093143360,6.73,6.73,6.739079981507166
20230712093143380,6.73,6.73,6.739079981507166
20230712093143390,6.73,6.73,6.739079981507166
20230712093143450,6.73,6.73,6.739079981507166
20230712093143500,6.73,6.73,6.739079981507166
20230712093143520,6.73,6.73,6.7385951859956235
20230712093143680,6.73,6.73,6.7385951859956235
20230712093145390,6.73,6.73,6.7385951859956235
20230712093145410,6.73,6.73,6.7385951859956235
20230712093145450,6.73,6.73,6.7385951859956235
20230712093145620,6.73,6.73,6.7385951859956235
20230712093145660,6.73,6.73,6.7385951859956235
20230712093146060,6.73,6.73,6.7385951859956235
20230712093146080,6.73,6.73,6.738290417897847
20230712093146090,6.73,6.73,6.738290417897847
20230712093146140,6.73,6.73,6.738290417897847
20230712093146200,6.73,6.73,6.738075813761846
20230712093146210,6.73,6.73,6.738075813761846
20230712093146230,6.73,6.73,6.738075813761846
20230712093146270,6.73,6.73,6.738075813761846
20230712093146340,6.73,6.73,6.738075813761846
20230712093146400,6.73,6.73,6.738075813761846
20230712093146410,6.73,6.73,6.738075813761846
20230712093146460,6.73,6.73,6.738075813761846
20230712093146530,6.74,6.73,6.738075813761846
20230712093148120,6.73,6.73,6.738075813761846
20230712093148330,6.73,6.73,6.738075813761846
20230712093148820,6.74,6.73,6.738075813761846
20230712093148950,6.74,6.73,6.738075813761846
20230712093149020,6.74,6.73,6.738075813761846
20230712093149040,6.74,6.73,6.738075813761846
20230712093149090,6.74,6.73,6.738075813761846
20230712093149100,6.74,6.73,6.738075813761846
20230712093149150,6.74,6.73,6.738075813761846
20230712093149220,6.74,6.73,6.738075813761846
20230712093150800,6.74,6.73,6.738075813761846
20230712093150920,6.74,6.73,6.738075813761846
20230712093151070,6.74,6.73,6.738075813761846
20230712093151150,6.74,6.73,6.738075813761846
20230712093151870,6.74,6.73,6.738075813761846
20230712093151950,6.74,6.73,6.738075813761846
20230712093153490,6.74,6.73,6.738075813761846
20230712093153640,6.74,6.73,6.738075813761846
20230712093153860,6.74,6.73,6.738075813761846
20230712093154100,6.73,6.73,6.738075813761846
20230712093154110,6.73,6.73,6.738075813761846
20230712093154120,6.73,6.73,6.738075813761846
20230712093154160,6.73,6.73,6.738075813761846
20230712093154170,6.73,6.73,6.738075813761846
20230712093154220,6.73,6.73,6.738075813761846
20230712093154300,6.73,6.73,6.738075813761846
20230712093154590,6.73,6.73,6.738075813761846
20230712093154690,6.73,6.73,6.738075813761846
20230712093156220,6.73,6.73,6.738075813761846
20230712093156230,6.73,6.73,6.738075813761846
20230712093156250,6.73,6.73,6.738075813761846
20230712093156520,6.73,6.73,6.738075813761846
20230712093156660,6.73,6.73,6.738075813761846
20230712093156740,6.73,6.73,6.738075813761846
20230712093157050,6.73,6.73,6.738075813761846
20230712093157110,6.73,6.73,6.738075813761846
20230712093157120,6.73,6.73,6.738075813761846
20230712093158890,6.73,6.73,6.738075813761846
20230712093158950,6.73,6.73,6.738075813761846
20230712093159010,6.73,6.73,6.738075813761846
20230712093159080,6.73,6.73,6.738075813761846
20230712093159100,6.73,6.72,6.734847277556441
20230712093159190,6.73,6.72,6.734847277556441
20230712093159250,6.73,6.72,6.734847277556441
20230712093159270,6.73,6.72,6.734847277556441
20230712093159320,6.73,6.72,6.734847277556441
20230712093159720,6.73,6.72,6.734847277556441
20230712093159900,6.73,6.72,6.734847277556441
20230712093201590,6.73,6.72,6.734847277556441
20230712093201600,6.73,6.72,6.734847277556441
20230712093201720,6.73,6.72,6.734847277556441
20230712093201760,6.73,6.72,6.734847277556441
20230712093202150,6.73,6.72,6.734847277556441
20230712093202590,6.73,6.72,6.734847277556441
20230712093202740,6.73,6.72,6.734847277556441
20230712093204380,6.73,6.72,6.734847277556441
20230712093204490,6.73,6.72,6.734847277556441
20230712093204630,6.73,6.72,6.734847277556441
20230712093204830,6.73,6.72,6.734847277556441
20230712093204900,6.73,6.72,6.734847277556441
20230712093207010,6.73,6.72,6.734847277556441
20230712093207080,6.73,6.72,6.734847277556441
20230712093207420,6.73,6.72,6.734847277556441
20230712093207800,6.73,6.72,6.734847277556441
20230712093207900,6.73,6.72,6.734847277556441
20230712093208120,6.73,6.72,6.734847277556441
20230712093209650,6.73,6.72,6.734847277556441
20230712093209710,6.73,6.72,6.734847277556441
20230712093209720,6.73,6.72,6.734847277556441
20230712093209790,6.73,6.72,6.734847277556441
20230712093209860,6.72,6.72,6.734847277556441
20230712093209890,6.72,6.72,6.734847277556441
20230712093209980,6.73,6.72,6.734847277556441
20230712093210090,6.73,6.72,6.734847277556441
20230712093210230,6.73,6.72,6.734847277556441
20230712093210300,6.73,6.72,6.734847277556441
20230712093210310,6.73,6.72,6.734847277556441
20230712093210410,6.73,6.72,6.734847277556441
20230712093210450,6.73,6.72,6.734847277556441
20230712093210460,6.73,6.72,6.734847277556441
20230712093210500,6.73,6.72,6.734847277556441
20230712093210530,6.73,6.72,6.734847277556441
20230712093210540,6.72,6.72,6.734847277556441
20230712093210590,6.73,6.72,6.734847277556441
20230712093210600,6.72,6.72,6.734847277556441
20230712093210610,6.72,6.72,6.734847277556441
20230712093210620,6.72,6.72,6.734847277556441
20230712093210730,6.72,6.72,6.734847277556441
20230712093210790,6.72,6.72,6.734847277556441
20230712093210800,6.72,6.72,6.734847277556441
20230712093210820,6.72,6.72,6.734847277556441
20230712093212450,6.72,6.72,6.734847277556441
20230712093212790,6.72,6.72,6.734847277556441
20230712093212980,6.72,6.72,6.734847277556441
20230712093213000,6.72,6.72,6.734847277556441
20230712093213070,6.72,6.72,6.734847277556441
20230712093213080,6.72,6.72,6.734847277556441
20230712093213100,6.72,6.72,6.734847277556441
20230712093213530,6.72,6.72,6.734847277556441
20230712093215140,6.73,6.72,6.733932794026136
20230712093215170,6.72,6.72,6.733631659056317
20230712093215200,6.72,6.72,6.733631659056317
20230712093215250,6.72,6.72,6.733615080571602
20230712093215270,6.72,6.72,6.733615080571602
20230712093215280,6.72,6.72,6.733615080571602
20230712093215290,6.72,6.72,6.733615080571602
20230712093215310,6.72,6.72,6.733615080571602
20230712093215360,6.72,6.72,6.733615080571602
20230712093215380,6.72,6.72,6.733615080571602
20230712093215400,6.72,6.72,6.733615080571602
20230712093215470,6.72,6.72,6.733615080571602
20230712093215520,6.72,6.72,6.733615080571602
20230712093215640,6.72,6.72,6.733535108958837
20230712093215790,6.72,6.72,6.733535108958837
20230712093216080,6.72,6.72,6.733535108958837
20230712093216140,6.72,6.72,6.733535108958837
20230712093216200,6.72,6.72,6.733535108958837
20230712093216210,6.72,6.72,6.733494266747133
20230712093216220,6.72,6.72,6.733494266747133
20230712093216270,6.72,6.72,6.733494266747133
20230712093218180,6.72,6.72,6.733494266747133
20230712093218190,6.72,6.72,6.733494266747133
20230712093218210,6.72,6.72,6.733494266747133
20230712093218260,6.72,6.72,6.733494266747133
20230712093218280,6.72,6.72,6.733494266747133
20230712093218570,6.72,6.72,6.7334658235471245
20230712093218790,6.72,6.72,6.7334658235471245
20230712093218800,6.72,6.72,6.733385214007782
20230712093218820,6.72,6.72,6.733195632930068
20230712093219000,6.72,6.72,6.7331917404129795
20230712093220580,6.72,6.72,6.7331917404129795
20230712093221000,6.72,6.72,6.7331917404129795
20230712093221010,6.72,6.72,6.7331917404129795
20230712093221100,6.72,6.72,6.7331917404129795
20230712093221160,6.72,6.72,6.7331917404129795
20230712093221170,6.72,6.72,6.7331917404129795
20230712093221210,6.72,6.72,6.7331917404129795
20230712093221270,6.72,6.72,6.7331917404129795
20230712093221310,6.72,6.72,6.7331917404129795
20230712093221320,6.72,6.72,6.7331917404129795
20230712093221330,6.72,6.72,6.7331917404129795
20230712093221360,6.72,6.72,6.7331917404129795
20230712093221420,6.72,6.72,6.7331917404129795
20230712093221630,6.72,6.72,6.7331917404129795
20230712093223660,6.72,6.72,6.7331917404129795
20230712093223890,6.72,6.72,6.7331917404129795
20230712093223970,6.72,6.72,6.7331917404129795
20230712093226140,6.72,6.72,6.7331917404129795
20230712093226330,6.72,6.72,6.7331917404129795
20230712093226560,6.72,6.72,6.7331917404129795
20230712093226900,6.72,6.72,6.7331917404129795
20230712093228540,6.72,6.72,6.7331917404129795
20230712093228580,6.72,6.72,6.7331917404129795
20230712093228590,6.72,6.72,6.7331917404129795
20230712093228700,6.72,6.72,6.7331917404129795
20230712093228830,6.72,6.72,6.7331917404129795
20230712093228860,6.72,6.72,6.7331917404129795
20230712093228880,6.72,6.72,6.7331917404129795
20230712093228950,6.72,6.72,6.7331917404129795
20230712093231500,6.72,6.72,6.7331917404129795
20230712093231530,6.72,6.72,6.7331917404129795
20230712093234040,6.72,6.72,6.7331917404129795
20230712093234070,6.72,6.72,6.7331917404129795
20230712093234080,6.72,6.72,6.7331917404129795
20230712093234150,6.72,6.72,6.7331917404129795
20230712093234190,6.72,6.72,6.7331917404129795
20230712093234300,6.72,6.72,6.7331917404129795
20230712093234340,6.72,6.72,6.7331917404129795
20230712093234360,6.72,6.72,6.7331917404129795
20230712093234690,6.72,6.72,6.7331917404129795
20230712093234700,6.72,6.72,6.7331917404129795
20230712093234990,6.72,6.72,6.7331917404129795
20230712093235010,6.72,6.72,6.7331917404129795
20230712093236780,6.72,6.72,6.7331917404129795
20230712093236890,6.72,6.72,6.7331917404129795
20230712093237010,6.72,6.72,6.7331917404129795
20230712093237100,6.72,6.72,6.7331917404129795
20230712093237240,6.72,6.72,6.7331917404129795
20230712093237380,6.72,6.72,6.7331917404129795
20230712093237410,6.72,6.72,6.7331917404129795
20230712093237420,6.72,6.72,6.7331917404129795
20230712093237430,6.72,6.72,6.7331917404129795
20230712093237600,6.72,6.72,6.7331917404129795
20230712093237680,6.72,6.72,6.7331917404129795
20230712093239530,6.72,6.72,6.7331917404129795
20230712093239810,6.72,6.72,6.7331917404129795
20230712093240540,6.72,6.72,6.7331917404129795
20230712093242160,6.72,6.72,6.7331917404129795
20230712093242190,6.72,6.72,6.7331917404129795
20230712093242200,6.72,6.72,6.7331917404129795
20230712093242260,6.72,6.72,6.7331917404129795
20230712093242500,6.72,6.72,6.7331917404129795
20230712093242600,6.72,6.72,6.7331917404129795
20230712093242660,6.72,6.72,6.733061822443598
20230712093242740,6.72,6.72,6.733061822443598
20230712093243100,6.72,6.72,6.733061822443598
20230712093243200,6.72,6.72,6.733061822443598
20230712093243220,6.72,6.72,6.733061822443598
20230712093243290,6.72,6.72,6.733061822443598
20230712093245070,6.72,6.72,6.733061822443598
20230712093245620,6.72,6.72,6.733061822443598
20230712093245630,6.72,6.72,6.733061822443598
20230712093245720,6.72,6.72,6.733061822443598
20230712093247720,6.72,6.72,6.733061822443598
20230712093247750,6.72,6.72,6.733061822443598
20230712093248620,6.72,6.72,6.733061822443598
20230712093250250,6.72,6.72,6.733061822443598
20230712093250530,6.72,6.72,6.733061822443598
20230712093250630,6.72,6.72,6.733061822443598
20230712093250700,6.72,6.72,6.733061822443598
20230712093250760,6.72,6.72,6.733061822443598
20230712093250900,6.72,6.72,6.733061822443598
20230712093251320,6.72,6.72,6.733061822443598
20230712093252890,6.72,6.72,6.732748554913295
20230712093253160,6.72,6.72,6.732675287356322
20230712093253190,6.72,6.72,6.732675287356322
20230712093253430,6.72,6.72,6.732675287356322
20230712093253600,6.72,6.72,6.732675287356322
20230712093253710,6.72,6.72,6.732209400506614
20230712093253720,6.72,6.71,6.731998884862001
20230712093253730,6.72,6.71,6.731828492392808
20230712093253740,6.72,6.71,6.731828492392808
20230712093253770,6.72,6.71,6.731828492392808
20230712093253830,6.72,6.71,6.7316666666666665
20230712093253920,6.72,6.71,6.731660719187483
20230712093255580,6.72,6.71,6.731548334243583
20230712093255590,6.72,6.71,6.731542451542452
20230712093255720,6.72,6.71,6.730997871208089
20230712093255950,6.72,6.71,6.730997871208089
20230712093256030,6.72,6.71,6.730337628865979
20230712093256040,6.72,6.71,6.730197082160225
20230712093256170,6.72,6.71,6.730197082160225
20230712093256490,6.72,6.71,6.729208860759494
20230712093256570,6.72,6.71,6.729111164930976
20230712093256580,6.72,6.71,6.729111164930976
20230712093256650,6.72,6.71,6.729111164930976
20230712093258460,6.72,6.71,6.729111164930976
20230712093258500,6.72,6.71,6.729078185328185
20230712093301080,6.72,6.71,6.72906438389197
20230712093301180,6.72,6.71,6.72906438389197
20230712093301440,6.72,6.71,6.72906438389197
20230712093301740,6.72,6.71,6.729057831325301
20230712093301920,6.72,6.71,6.729057831325301
20230712093302080,6.72,6.71,6.729057831325301
20230712093303670,6.72,6.71,6.729057831325301
20230712093303700,6.72,6.71,6.729057831325301
20230712093303770,6.71,6.71,6.729057831325301
20230712093303830,6.71,6.71,6.729057831325301
20230712093304050,6.72,6.71,6.729057831325301
20230712093304090,6.71,6.71,6.729057831325301
20230712093304100,6.71,6.71,6.729057831325301
20230712093304160,6.71,6.71,6.729057831325301
20230712093304270,6.71,6.71,6.729057831325301
20230712093304510,6.71,6.71,6.729057831325301
20230712093304530,6.71,6.71,6.729057831325301
20230712093304590,6.72,6.71,6.728939176245211
20230712093304670,6.72,6.71,6.728939176245211
20230712093306550,6.72,6.71,6.728939176245211
20230712093306580,6.72,6.71,6.728939176245211
20230712093306660,6.72,6.71,6.728939176245211
20230712093306770,6.72,6.71,6.728939176245211
20230712093307040,6.72,6.71,6.728939176245211
20230712093307110,6.72,6.71,6.728939176245211
20230712093307230,6.72,6.71,6.728939176245211
20230712093307310,6.72,6.71,6.728921052631579
20230712093307390,6.72,6.71,6.728861091255659
20230712093309260,6.72,6.71,6.728861091255659
20230712093311830,6.72,6.71,6.728861091255659
20230712093311880,6.72,6.71,6.728861091255659
20230712093311890,6.72,6.71,6.728861091255659
20230712093312450,6.72,6.71,6.728861091255659
20230712093312730,6.72,6.71,6.728861091255659
20230712093312900,6.72,6.71,6.728802850356295
20230712093312970,6.72,6.71,6.728802850356295
20230712093315250,6.72,6.71,6.728802850356295
20230712093315260,6.72,6.71,6.728793922127255
20230712093315330,6.72,6.71,6.728793922127255
20230712093315610,6.72,6.71,6.728793922127255
20230712093317340,6.72,6.71,6.728793922127255
20230712093317770,6.72,6.71,6.728776091081594
20230712093318100,6.72,6.71,6.728776091081594
20230712093319910,6.72,6.71,6.728776091081594
20230712093319950,6.72,6.71,6.728776091081594
20230712093320110,6.72,6.71,6.728776091081594
20230712093320130,6.72,6.71,6.728776091081594
20230712093320150,6.72,6.71,6.728776091081594
20230712093320830,6.72,6.71,6.728776091081594
20230712093320920,6.72,6.71,6.728771929824561
20230712093322680,6.72,6.71,6.728771929824561
20230712093323170,6.72,6.71,6.728771929824561
20230712093323540,6.72,6.71,6.728771929824561
20230712093323670,6.72,6.71,6.728771929824561
20230712093325250,6.72,6.71,6.728771929824561
20230712093325380,6.72,6.71,6.728771929824561
20230712093325460,6.72,6.71,6.728771929824561
20230712093325590,6.72,6.71,6.728771929824561
20230712093325690,6.72,6.71,6.728771929824561
20230712093325920,6.72,6.71,6.728771929824561
20230712093325950,6.72,6.71,6.728771929824561
20230712093326070,6.72,6.71,6.728771929824561
20230712093326290,6.72,6.71,6.728771929824561
20230712093326340,6.72,6.71,6.728394889663182
20230712093326470,6.72,6.71,6.728394889663182
20230712093328060,6.72,6.71,6.728394889663182
20230712093328070,6.72,6.71,6.728394889663182
20230712093328080,6.72,6.71,6.728394889663182
20230712093328170,6.72,6.71,6.728394889663182
20230712093328180,6.72,6.71,6.728394889663182
20230712093328300,6.71,6.71,6.728268787459659
20230712093328560,6.72,6.71,6.728264577091496
20230712093328700,6.72,6.71,6.728264577091496
20230712093329090,6.72,6.71,6.728264577091496
20230712093329110,6.72,6.71,6.728264577091496
20230712093330840,6.72,6.71,6.728264577091496
20230712093331080,6.72,6.71,6.728189120954785
20230712093331200,6.72,6.71,6.728189120954785
20230712093331340,6.72,6.71,6.728189120954785
20230712093331440,6.72,6.71,6.728189120954785
20230712093331720,6.72,6.71,6.728189120954785
20230712093333340,6.72,6.71,6.72808947728829
20230712093333440,6.72,6.71,6.72808947728829
20230712093334130,6.72,6.71,6.72808947728829
20230712093334180,6.72,6.71,6.728081222906685
20230712093334520,6.72,6.71,6.728081222906685
20230712093336180,6.72,6.71,6.728081222906685
20230712093336360,6.72,6.71,6.728081222906685
20230712093336870,6.72,6.71,6.728044171220401
20230712093337060,6.72,6.71,6.728044171220401
20230712093337080,6.71,6.71,6.727837230215827
20230712093338780,6.71,6.71,6.727837230215827
20230712093339060,6.71,6.71,6.727837230215827
20230712093339140,6.71,6.71,6.727837230215827
20230712093339550,6.71,6.71,6.727837230215827
20230712093339690,6.71,6.71,6.727837230215827
20230712093339920,6.71,6.71,6.727837230215827
20230712093341830,6.71,6.71,6.727837230215827
20230712093341910,6.71,6.71,6.727837230215827
20230712093342140,6.71,6.71,6.727837230215827
20230712093342160,6.71,6.71,6.727837230215827
20230712093342190,6.71,6.71,6.727837230215827
20230712093342200,6.71,6.71,6.727837230215827
20230712093342210,6.71,6.71,6.727837230215827
20230712093342480,6.71,6.71,6.727837230215827
20230712093342600,6.71,6.71,6.727837230215827
20230712093342620,6.71,6.71,6.727837230215827
20230712093344400,6.71,6.71,6.727837230215827
20230712093344420,6.72,6.71,6.72721440397351
20230712093344440,6.72,6.71,6.72721440397351
20230712093344510,6.72,6.71,6.72721440397351
20230712093344550,6.72,6.72,6.727199504337051
20230712093344720,6.72,6.72,6.727199504337051
20230712093344860,6.72,6.72,6.727199504337051
20230712093345020,6.72,6.72,6.727199504337051
20230712093345090,6.72,6.72,6.727198017757588
20230712093345160,6.72,6.72,6.727198017757588
20230712093345200,6.72,6.72,6.727198017757588
20230712093345210,6.72,6.72,6.727198017757588
20230712093345230,6.72,6.72,6.727198017757588
20230712093345300,6.72,6.72,6.727198017757588
20230712093345340,6.72,6.72,6.727198017757588
20230712093347070,6.72,6.72,6.727196531791908
20230712093347660,6.72,6.72,6.727196531791908
20230712093347920,6.72,6.72,6.72722517368206
20230712093348090,6.72,6.72,6.72722517368206
20230712093349940,6.72,6.72,6.72722517368206
20230712093350030,6.72,6.72,6.72722517368206
20230712093350320,6.72,6.72,6.72722517368206
20230712093350410,6.72,6.72,6.72722517368206
20230712093350520,6.72,6.72,6.72722517368206
20230712093350690,6.72,6.72,6.72722517368206
20230712093350720,6.72,6.72,6.72722517368206
20230712093352650,6.72,6.72,6.72722517368206
20230712093353070,6.72,6.72,6.72722517368206
20230712093355190,6.72,6.72,6.72722517368206
20230712093355330,6.72,6.72,6.72722517368206
20230712093355400,6.72,6.72,6.72722517368206
20230712093356010,6.72,6.71,6.7271492114840274
20230712093356020,6.72,6.71,6.727121852970796
20230712093356030,6.72,6.71,6.726470265324794
20230712093356040,6.72,6.71,6.72645137748586
20230712093357690,6.72,6.71,6.72645137748586
20230712093358050,6.72,6.71,6.726450200656695
20230712093358070,6.72,6.71,6.726450200656695
20230712093358080,6.72,6.72,6.72635856860277
20230712093358090,6.72,6.72,6.72635856860277
20230712093358100,6.72,6.72,6.72635856860277
20230712093358160,6.72,6.72,6.72635856860277
20230712093358170,6.72,6.72,6.72635856860277
20230712093358190,6.72,6.72,6.72634829443447
20230712093358200,6.72,6.72,6.7263541853378745
20230712093358330,6.72,6.72,6.7263541853378745
20230712093358340,6.72,6.72,6.7263541853378745
20230712093358560,6.72,6.72,6.7263541853378745
20230712093358700,6.72,6.72,6.7263541853378745
20230712093400480,6.72,6.72,6.7263541853378745
20230712093400590,6.72,6.72,6.7263541853378745
20230712093400770,6.72,6.72,6.7263541853378745
20230712093400940,6.72,6.72,6.7263541853378745
20230712093401180,6.72,6.72,6.7263541853378745
20230712093401240,6.72,6.72,6.7263541853378745
20230712093401580,6.72,6.72,6.7263541853378745
20230712093403110,6.72,6.72,6.726354838709677
20230712093403140,6.72,6.72,6.726354838709677
20230712093403150,6.72,6.72,6.726354838709677
20230712093403180,6.72,6.72,6.726354838709677
20230712093403260,6.72,6.72,6.726354838709677
20230712093403670,6.72,6.72,6.726298597550151
20230712093403870,6.72,6.72,6.726298597550151
20230712093406060,6.72,6.72,6.726298597550151
20230712093406430,6.72,6.72,6.726298597550151
20230712093406570,6.72,6.72,6.726298597550151
20230712093409320,6.72,6.72,6.726298597550151
20230712093409670,6.72,6.72,6.726298597550151
20230712093411150,6.72,6.72,6.726298597550151
20230712093411210,6.72,6.72,6.726298597550151
20230712093411270,6.72,6.72,6.726298597550151
20230712093411480,6.72,6.72,6.726298597550151
20230712093411530,6.72,6.72,6.726298597550151
20230712093411820,6.72,6.72,6.726298597550151
20230712093412010,6.72,6.72,6.726298597550151
20230712093413960,6.72,6.72,6.726253084243919
20230712093413970,6.72,6.72,6.726253084243919
20230712093414610,6.72,6.72,6.726253084243919
20230712093414620,6.72,6.72,6.726253084243919
20230712093414780,6.72,6.72,6.726253084243919
20230712093417700,6.72,6.72,6.726253084243919
20230712093419270,6.72,6.72,6.726253084243919
20230712093419310,6.72,6.72,6.726253084243919
20230712093419960,6.72,6.72,6.726253084243919
20230712093422160,6.72,6.72,6.726253084243919
20230712093422210,6.72,6.72,6.726253084243919
20230712093422580,6.72,6.72,6.726247578799084
20230712093422900,6.72,6.72,6.726247578799084
20230712093424710,6.72,6.72,6.726247578799084
20230712093425140,6.72,6.72,6.726247578799084
20230712093428080,6.72,6.72,6.726247578799084
20230712093428260,6.72,6.72,6.726247578799084
20230712093428440,6.72,6.72,6.72624956001408
20230712093430070,6.72,6.72,6.72624956001408
20230712093430080,6.72,6.72,6.72624956001408
20230712093430240,6.72,6.72,6.72624956001408
20230712093433280,6.72,6.72,6.72624956001408
20230712093433350,6.72,6.72,6.72624956001408
20230712093435510,6.72,6.72,6.72624956001408
20230712093435560,6.72,6.72,6.72624956001408
20230712093435710,6.72,6.72,6.726269257703081
20230712093436400,6.72,6.72,6.726269257703081
20230712093438520,6.72,6.72,6.726269257703081
20230712093438680,6.72,6.72,6.726269257703081
20230712093439340,6.72,6.72,6.726269257703081
20230712093441160,6.72,6.72,6.726269257703081
20230712093444710,6.72,6.72,6.726269257703081
20230712093446560,6.72,6.72,6.726269257703081
20230712093447020,6.72,6.72,6.726269257703081
20230712093447170,6.72,6.72,6.726269257703081
20230712093447290,6.72,6.72,6.726269257703081
20230712093449190,6.72,6.72,6.726269257703081
20230712093449330,6.72,6.72,6.726269257703081
20230712093449680,6.72,6.72,6.726269257703081
20230712093449800,6.72,6.72,6.726269257703081
20230712093452080,6.72,6.72,6.726269257703081
20230712093452130,6.72,6.72,6.726269257703081
20230712093452380,6.72,6.72,6.726269257703081
20230712093454730,6.72,6.72,6.726269257703081
20230712093454940,6.72,6.72,6.726269257703081
20230712093455470,6.72,6.72,6.726269257703081
20230712093457030,6.72,6.72,6.726255021834061
20230712093457240,6.72,6.72,6.7262441150828245
20230712093457500,6.72,6.72,6.7262441150828245
20230712093457650,6.72,6.72,6.7262441150828245
20230712093457820,6.72,6.72,6.726231077083696
20230712093458030,6.72,6.72,6.726221334259903
20230712093458050,6.72,6.72,6.726221334259903
20230712093458070,6.72,6.72,6.726221334259903
20230712093458080,6.72,6.72,6.726214855952795
20230712093500070,6.72,6.72,6.726214855952795
20230712093500570,6.72,6.72,6.726214855952795
20230712093502830,6.72,6.72,6.726214855952795
20230712093503290,6.72,6.72,6.726212699514226
20230712093503590,6.72,6.72,6.726212699514226
20230712093505620,6.72,6.72,6.726212699514226
20230712093505660,6.72,6.72,6.726209467660829
20230712093505760,6.72,6.72,6.726209467660829
20230712093506120,6.72,6.72,6.726209467660829
20230712093507910,6.72,6.72,6.726209467660829
20230712093508000,6.72,6.72,6.726209467660829
20230712093508960,6.72,6.72,6.726209467660829
20230712093509020,6.72,6.72,6.726209467660829
20230712093511490,6.72,6.72,6.726209467660829
20230712093516060,6.72,6.72,6.726209467660829
20230712093516290,6.72,6.72,6.726209467660829
20230712093516750,6.72,6.72,6.726209467660829
20230712093517050,6.72,6.72,6.726209467660829
20230712093518680,6.73,6.72,6.726209467660829
20230712093518850,6.73,6.72,6.726209467660829
20230712093519070,6.73,6.72,6.726209467660829
20230712093519330,6.73,6.72,6.726209467660829
20230712093519370,6.74,6.72,6.726209467660829
20230712093519750,6.74,6.72,6.726209467660829
20230712093519790,6.74,6.72,6.726209467660829
20230712093522140,6.74,6.72,6.726209467660829
20230712093522430,6.74,6.72,6.726209467660829
20230712093526750,6.74,6.72,6.726209467660829
20230712093527120,6.74,6.72,6.726450146151348
20230712093527280,6.74,6.72,6.726450146151348
20230712093527360,6.74,6.72,6.726450146151348
20230712093529680,6.73,6.72,6.726450146151348
20230712093529750,6.73,6.72,6.726450146151348
20230712093529990,6.73,6.72,6.726450146151348
20230712093530320,6.73,6.72,6.726450146151348
20230712093530490,6.73,6.72,6.726450146151348
20230712093530510,6.73,6.72,6.726450146151348
20230712093530560,6.73,6.72,6.726450146151348
20230712093530580,6.73,6.72,6.726450146151348
20230712093530610,6.73,6.72,6.726450146151348
20230712093530630,6.73,6.72,6.726450146151348
20230712093530640,6.73,6.72,6.726450146151348
20230712093532460,6.73,6.72,6.726450146151348
20230712093532730,6.73,6.72,6.726450146151348
20230712093535110,6.73,6.72,6.726450146151348
20230712093535260,6.74,6.72,6.726455901426719
20230712093535410,6.74,6.72,6.726455901426719
20230712093535770,6.74,6.72,6.726455901426719
20230712093537550,6.74,6.72,6.726463927531543
20230712093537580,6.74,6.72,6.726463927531543
20230712093537730,6.74,6.72,6.726465071151359
20230712093537990,6.74,6.72,6.7264656426839124
20230712093538010,6.74,6.72,6.7264656426839124
20230712093538050,6.74,6.72,6.726468497576737
20230712093538450,6.74,6.72,6.726468497576737
20230712093538560,6.74,6.72,6.726468497576737
20230712093540290,6.74,6.72,6.726468497576737
20230712093540320,6.74,6.72,6.726468497576737
20230712093540340,6.74,6.72,6.726468497576737
20230712093540350,6.74,6.72,6.726468497576737
20230712093540370,6.74,6.72,6.726468497576737
20230712093540420,6.74,6.72,6.726468497576737
20230712093540660,6.74,6.72,6.726468497576737
20230712093543070,6.74,6.72,6.726468497576737
20230712093543080,6.74,6.73,6.726468497576737
20230712093545690,6.74,6.73,6.726468497576737
20230712093545800,6.74,6.73,6.726468497576737
20230712093546410,6.74,6.72,6.726502959526476
20230712093546680,6.74,6.72,6.726502959526476
20230712093548960,6.74,6.72,6.726502959526476
20230712093548980,6.74,6.73,6.726502959526476
20230712093548990,6.74,6.73,6.726502959526476
20230712093549170,6.74,6.73,6.726502959526476
20230712093549180,6.74,6.73,6.726502959526476
20230712093551100,6.74,6.73,6.726502959526476
20230712093551360,6.74,6.73,6.726502959526476
20230712093552010,6.74,6.73,6.726502959526476
20230712093552030,6.73,6.73,6.726502959526476
20230712093552170,6.73,6.73,6.726502959526476
20230712093554220,6.73,6.73,6.726502959526476
20230712093554290,6.73,6.73,6.726502959526476
20230712093554450,6.74,6.73,6.726502959526476
20230712093554930,6.74,6.73,6.726502959526476
20230712093556430,6.74,6.73,6.726502959526476
20230712093556450,6.74,6.73,6.726502959526476
20230712093557020,6.74,6.73,6.726502959526476
20230712093557200,6.74,6.73,6.726502959526476
20230712093559200,6.74,6.73,6.726502959526476
20230712093559210,6.74,6.73,6.726502959526476
20230712093559310,6.74,6.73,6.726502959526476
20230712093559590,6.74,6.73,6.726502959526476
20230712093559670,6.74,6.73,6.726502959526476
20230712093559860,6.74,6.73,6.726502959526476
20230712093602250,6.74,6.73,6.726502959526476
20230712093602350,6.74,6.73,6.726502959526476
20230712093602820,6.74,6.73,6.726502959526476
20230712093602970,6.74,6.73,6.726541818758927
20230712093603050,6.74,6.73,6.726541818758927
20230712093604710,6.74,6.73,6.726541818758927
20230712093604790,6.74,6.73,6.726541818758927
20230712093605240,6.74,6.73,6.726541818758927
20230712093605310,6.74,6.73,6.726541818758927
20230712093607780,6.74,6.73,6.726541818758927
20230712093607950,6.74,6.73,6.726541818758927
20230712093608030,6.74,6.73,6.726541818758927
20230712093610070,6.74,6.73,6.72655766192733
20230712093610080,6.74,6.72,6.72655766192733
20230712093610090,6.74,6.72,6.72655766192733
20230712093610100,6.73,6.72,6.72655766192733
20230712093610110,6.73,6.72,6.72655766192733
20230712093610120,6.73,6.72,6.72655766192733
20230712093610150,6.73,6.72,6.726592117610259
20230712093610160,6.73,6.72,6.726592117610259
20230712093610200,6.73,6.72,6.726592650508209
20230712093610220,6.73,6.72,6.726593183239524
20230712093610570,6.73,6.72,6.726593183239524
20230712093612640,6.73,6.72,6.726593183239524
20230712093612920,6.73,6.72,6.726593183239524
20230712093612980,6.73,6.72,6.726593183239524
20230712093613050,6.73,6.72,6.726592685214129
20230712093613080,6.73,6.72,6.726592685214129
20230712093613110,6.73,6.72,6.726593217690264
20230712093613190,6.73,6.72,6.726593217690264
20230712093613220,6.73,6.72,6.726593217690264
20230712093613240,6.73,6.72,6.726593217690264
20230712093613340,6.73,6.72,6.726593217690264
20230712093613630,6.73,6.72,6.726593217690264
20230712093613870,6.73,6.72,6.726593217690264
20230712093613880,6.73,6.72,6.726593217690264
20230712093615450,6.73,6.72,6.726593217690264
20230712093615590,6.73,6.72,6.726593217690264
20230712093616050,6.73,6.72,6.726593217690264
20230712093616080,6.73,6.72,6.726593217690264
20230712093616090,6.73,6.72,6.726596409055426
20230712093616100,6.73,6.72,6.726596940368404
20230712093618370,6.73,6.72,6.726596940368404
20230712093618470,6.73,6.72,6.726596940368404
20230712093618680,6.73,6.72,6.726596940368404
20230712093618860,6.73,6.72,6.726596940368404
20230712093618910,6.73,6.72,6.726596940368404
20230712093618990,6.73,6.72,6.726596940368404
20230712093619130,6.73,6.72,6.726596940368404
20230712093621400,6.73,6.72,6.726596940368404
20230712093621650,6.73,6.72,6.726596940368404
20230712093621670,6.73,6.72,6.726596940368404
20230712093621680,6.73,6.72,6.726596940368404
20230712093624200,6.73,6.73,6.726596940368404
20230712093624290,6.73,6.73,6.726596940368404
20230712093624420,6.73,6.73,6.726596940368404
20230712093626460,6.73,6.73,6.726596940368404
20230712093626820,6.73,6.73,6.726596940368404
20230712093627030,6.73,6.72,6.726596940368404
20230712093627180,6.73,6.73,6.726596940368404
20230712093627200,6.73,6.73,6.726596940368404
20230712093627370,6.73,6.73,6.726596940368404
20230712093628830,6.73,6.73,6.726596940368404
20230712093628880,6.73,6.73,6.726596940368404
20230712093628900,6.73,6.73,6.726596940368404
20230712093628910,6.73,6.73,6.726596940368404
20230712093629200,6.73,6.73,6.726596940368404
20230712093629220,6.73,6.73,6.726596940368404
20230712093631650,6.73,6.73,6.726596940368404
20230712093632290,6.73,6.73,6.726596940368404
20230712093634500,6.73,6.72,6.726596940368404
20230712093634510,6.73,6.72,6.726596940368404
20230712093634570,6.73,6.72,6.726596940368404
20230712093634890,6.73,6.72,6.726596940368404
20230712093634960,6.73,6.72,6.726596940368404
20230712093635050,6.73,6.72,6.726596940368404
20230712093635060,6.73,6.72,6.726596940368404
20230712093635110,6.73,6.72,6.726596940368404
20230712093635410,6.73,6.72,6.726596940368404
20230712093636970,6.73,6.72,6.726596940368404
20230712093637090,6.73,6.73,6.726596940368404
20230712093637440,6.73,6.72,6.726596940368404
20230712093638020,6.73,6.72,6.726596940368404
20230712093638130,6.73,6.72,6.726596940368404
20230712093640570,6.73,6.72,6.726596940368404
20230712093640670,6.73,6.72,6.726596940368404
20230712093640840,6.73,6.72,6.726596940368404
20230712093642420,6.73,6.72,6.726596940368404
20230712093642730,6.73,6.73,6.726596940368404
20230712093642870,6.73,6.73,6.726596940368404
20230712093643140,6.73,6.73,6.726596940368404
20230712093645100,6.73,6.73,6.726596940368404
20230712093645380,6.73,6.73,6.726596940368404
20230712093645470,6.73,6.73,6.726596940368404
20230712093645720,6.73,6.73,6.726596940368404
20230712093645760,6.73,6.73,6.726701109253913
20230712093646100,6.73,6.73,6.726701109253913
20230712093646170,6.73,6.73,6.726701109253913
20230712093648270,6.73,6.73,6.726701109253913
20230712093648470,6.73,6.73,6.726701109253913
20230712093648670,6.73,6.73,6.726701109253913
20230712093650490,6.73,6.73,6.726701109253913
20230712093650620,6.73,6.73,6.726701109253913
20230712093651540,6.73,6.73,6.726747078213965
20230712093653400,6.73,6.73,6.726747078213965
20230712093653800,6.73,6.73,6.726747078213965
20230712093653810,6.73,6.73,6.726747078213965
20230712093654080,6.73,6.73,6.726747078213965
20230712093654180,6.73,6.73,6.7267554624363965
20230712093655830,6.73,6.73,6.7267554624363965
20230712093656050,6.73,6.73,6.7267554624363965
20230712093656070,6.73,6.73,6.7267554624363965
20230712093659290,6.73,6.73,6.7267554624363965
20230712093659690,6.73,6.73,6.7267554624363965
20230712093659760,6.73,6.73,6.7267554624363965
20230712093702330,6.73,6.73,6.7267554624363965
20230712093704150,6.73,6.73,6.7267554624363965
20230712093704890,6.73,6.73,6.7267554624363965
20230712093704920,6.73,6.72,6.726769482938459
20230712093706830,6.73,6.72,6.726769482938459
20230712093706860,6.74,6.72,6.726769482938459
20230712093706870,6.74,6.73,6.726769482938459
20230712093706900,6.74,6.73,6.726769482938459
20230712093707090,6.74,6.73,6.726769482938459
20230712093707100,6.74,6.73,6.726769482938459
20230712093707450,6.74,6.73,6.726769482938459
20230712093709370,6.74,6.73,6.726769482938459
20230712093709910,6.74,6.73,6.726769482938459
20230712093710030,6.74,6.73,6.726769482938459
20230712093710080,6.74,6.73,6.726769482938459
20230712093710100,6.74,6.73,6.726769482938459
20230712093710120,6.74,6.73,6.726769482938459
20230712093710260,6.74,6.73,6.726769482938459
20230712093710340,6.74,6.73,6.726769482938459
20230712093710360,6.74,6.73,6.726769482938459
20230712093710470,6.74,6.73,6.726769482938459
20230712093710480,6.74,6.73,6.726769482938459
20230712093712060,6.74,6.73,6.726769482938459
20230712093712220,6.74,6.73,6.726769482938459
20230712093712400,6.74,6.73,6.726769482938459
20230712093712630,6.74,6.73,6.726769482938459
20230712093712750,6.74,6.73,6.726769482938459
20230712093713090,6.74,6.73,6.726769482938459
20230712093713200,6.74,6.73,6.727433540723982
20230712093713230,6.74,6.73,6.727433540723982
20230712093714980,6.74,6.73,6.727433540723982
20230712093717890,6.74,6.73,6.727433540723982
20230712093718010,6.74,6.73,6.727433540723982
20230712093720670,6.74,6.73,6.727433540723982
20230712093720900,6.74,6.73,6.727433540723982
20230712093721170,6.74,6.73,6.727433540723982
20230712093721270,6.74,6.73,6.727433540723982
20230712093723180,6.74,6.73,6.727433540723982
20230712093723700,6.74,6.73,6.727433540723982
20230712093723920,6.74,6.73,6.727433540723982
20230712093723930,6.74,6.73,6.727433540723982
20230712093723950,6.74,6.73,6.727433540723982
20230712093725620,6.74,6.73,6.727433540723982
20230712093725820,6.74,6.73,6.727433540723982
20230712093726700,6.74,6.73,6.727433540723982
20230712093728840,6.74,6.73,6.727433540723982
20230712093732100,6.74,6.73,6.727433540723982
20230712093733760,6.74,6.73,6.727433540723982
20230712093734590,6.74,6.73,6.727433540723982
20230712093736840,6.74,6.73,6.727433540723982
20230712093737100,6.74,6.73,6.727433540723982
20230712093737160,6.74,6.73,6.727433540723982
20230712093737520,6.74,6.73,6.727433540723982
20230712093739050,6.74,6.73,6.727433540723982
20230712093739300,6.74,6.73,6.727433540723982
20230712093739440,6.74,6.73,6.727433540723982
20230712093739620,6.74,6.72,6.727433540723982
20230712093739640,6.74,6.72,6.727433540723982
20230712093739650,6.74,6.73,6.727433540723982
20230712093739720,6.74,6.73,6.727433540723982
20230712093742020,6.74,6.73,6.727433540723982
20230712093742060,6.74,6.72,6.727433540723982
20230712093742700,6.74,6.72,6.727433540723982
20230712093744420,6.74,6.73,6.727433540723982
20230712093744430,6.74,6.72,6.727433540723982
20230712093744460,6.74,6.72,6.727433540723982
20230712093744600,6.74,6.72,6.727433540723982
20230712093745060,6.74,6.72,6.727433540723982
20230712093750310,6.74,6.72,6.727433540723982
20230712093750350,6.74,6.72,6.727433540723982
20230712093750550,6.74,6.72,6.727433540723982
20230712093752590,6.74,6.72,6.727433540723982
20230712093753340,6.74,6.73,6.727433540723982
20230712093753690,6.74,6.73,6.727433540723982
20230712093755380,6.74,6.72,6.727795043536504
20230712093755610,6.74,6.72,6.727795043536504
20230712093755940,6.74,6.72,6.727795043536504
20230712093756410,6.74,6.72,6.727795043536504
20230712093757950,6.74,6.73,6.727795043536504
20230712093758080,6.74,6.73,6.727795043536504
20230712093758170,6.74,6.73,6.727795043536504
20230712093758300,6.74,6.73,6.727795043536504
20230712093801210,6.74,6.72,6.727795043536504
20230712093801220,6.74,6.72,6.727795043536504
20230712093801650,6.74,6.72,6.727795043536504
20230712093803360,6.74,6.72,6.727795043536504
20230712093804040,6.74,6.72,6.727795043536504
20230712093804070,6.74,6.72,6.727795043536504
20230712093804140,6.74,6.72,6.727795043536504
20230712093804240,6.74,6.72,6.727795043536504
20230712093804350,6.74,6.73,6.727795043536504
20230712093806120,6.74,6.73,6.727795043536504
20230712093806240,6.74,6.73,6.727795043536504
20230712093806340,6.74,6.73,6.727795043536504
20230712093806540,6.74,6.73,6.727795043536504
20230712093806570,6.74,6.73,6.727795043536504
20230712093806760,6.74,6.73,6.727795043536504
20230712093806790,6.74,6.73,6.727795043536504
20230712093808930,6.74,6.73,6.727795043536504
20230712093811650,6.74,6.73,6.727795043536504
20230712093812170,6.74,6.73,6.727795043536504
20230712093812520,6.74,6.73,6.727795043536504
20230712093812630,6.74,6.73,6.727795043536504
20230712093814330,6.74,6.73,6.727795043536504
20230712093815050,6.74,6.73,6.727836257309941
20230712093815230,6.74,6.73,6.727836257309941
20230712093817050,6.74,6.73,6.727837981407703
20230712093817110,6.74,6.73,6.727837981407703
20230712093817600,6.74,6.73,6.727837981407703
20230712093820030,6.74,6.73,6.727840275935261
20230712093820620,6.74,6.73,6.727840275935261
20230712093822450,6.74,6.73,6.727840275935261
20230712093823040,6.74,6.73,6.727840562408807
20230712093825170,6.74,6.73,6.727841135127967
20230712093825210,6.74,6.73,6.727841135127967
20230712093825500,6.74,6.73,6.727841135127967
20230712093825970,6.74,6.73,6.727841135127967
20230712093827960,6.74,6.73,6.727841135127967
20230712093828080,6.74,6.73,6.727841135127967
20230712093828160,6.74,6.73,6.727841135127967
20230712093828210,6.74,6.73,6.727841135127967
20230712093828670,6.74,6.73,6.727841135127967
20230712093828810,6.74,6.73,6.727841135127967
20230712093830340,6.74,6.73,6.727841135127967
20230712093830390,6.74,6.73,6.727841135127967
20230712093830450,6.74,6.73,6.727841135127967
20230712093835910,6.74,6.73,6.727841135127967
20230712093838930,6.74,6.73,6.727841135127967
20230712093838960,6.74,6.73,6.727841135127967
20230712093839400,6.74,6.73,6.727841135127967
20230712093839470,6.74,6.73,6.727841135127967
20230712093839520,6.74,6.73,6.727841135127967
20230712093841200,6.74,6.73,6.727841135127967
20230712093841360,6.74,6.73,6.7278875279863035
20230712093844180,6.74,6.73,6.7278875279863035
20230712093846700,6.74,6.73,6.7278875279863035
20230712093846790,6.74,6.73,6.7278875279863035
20230712093846960,6.74,6.73,6.727888362295945
20230712093847610,6.74,6.73,6.727888362295945
20230712093849420,6.74,6.73,6.727888362295945
20230712093849540,6.74,6.73,6.72788947368421
20230712093849690,6.74,6.73,6.72788947368421
20230712093849860,6.74,6.73,6.72788947368421
20230712093849940,6.74,6.73,6.72788947368421
20230712093849960,6.74,6.73,6.72788947368421
20230712093850030,6.74,6.73,6.72788947368421
20230712093850040,6.74,6.73,6.72788947368421
20230712093852140,6.74,6.73,6.72788947368421
20230712093852270,6.74,6.73,6.72788947368421
20230712093852320,6.74,6.72,6.72788947368421
20230712093853030,6.74,6.72,6.72788947368421
20230712093853040,6.74,6.72,6.72788947368421
20230712093855100,6.74,6.72,6.7279244306418216
20230712093857880,6.74,6.72,6.7279244306418216
20230712093858080,6.74,6.72,6.7279244306418216
20230712093858090,6.74,6.72,6.7279244306418216
20230712093858430,6.74,6.72,6.7279244306418216
20230712093858450,6.74,6.72,6.7279244306418216
20230712093900170,6.74,6.73,6.7279244306418216
20230712093900430,6.74,6.73,6.7279244306418216
20230712093900700,6.74,6.73,6.7279244306418216
20230712093902720,6.74,6.73,6.7279244306418216
20230712093902840,6.74,6.73,6.7279244306418216
20230712093902900,6.74,6.73,6.7279244306418216
20230712093903400,6.74,6.73,6.7279244306418216
20230712093903430,6.74,6.73,6.7279244306418216
20230712093905400,6.74,6.73,6.7279244306418216
20230712093905440,6.74,6.73,6.7279244306418216
20230712093905850,6.74,6.73,6.7279244306418216
20230712093906230,6.74,6.73,6.7279244306418216
20230712093908250,6.74,6.73,6.7279244306418216
20230712093908280,6.74,6.73,6.7279244306418216
20230712093909090,6.74,6.73,6.7279244306418216
20230712093909280,6.74,6.73,6.7279244306418216
20230712093911910,6.74,6.73,6.7279244306418216
20230712093913500,6.74,6.72,6.7279244306418216
20230712093913520,6.74,6.72,6.7279244306418216
20230712093913830,6.74,6.72,6.7279244306418216
20230712093914640,6.74,6.72,6.727931923671996
20230712093914660,6.74,6.72,6.727931923671996
20230712093914670,6.74,6.73,6.727931923671996
20230712093914680,6.74,6.73,6.727931923671996
20230712093916250,6.74,6.73,6.727931923671996
20230712093916630,6.74,6.73,6.727931923671996
20230712093917030,6.74,6.72,6.727932723289084
20230712093917050,6.74,6.72,6.727933788483834
20230712093917060,6.74,6.72,6.72793564993565
20230712093917280,6.74,6.73,6.72793564993565
20230712093917300,6.74,6.73,6.72793564993565
20230712093919170,6.74,6.73,6.72793564993565
20230712093919200,6.74,6.72,6.727947036894203
20230712093921840,6.74,6.72,6.727947036894203
20230712093921930,6.74,6.72,6.727947036894203
20230712093922260,6.74,6.73,6.727947036894203
20230712093922360,6.74,6.73,6.727947036894203
20230712093922430,6.74,6.73,6.727947036894203
20230712093922450,6.74,6.73,6.727947036894203
20230712093922710,6.74,6.73,6.727947036894203
20230712093924800,6.74,6.73,6.727947036894203
20230712093925280,6.74,6.73,6.727947036894203
20230712093927150,6.74,6.73,6.727947036894203
20230712093927300,6.74,6.73,6.727947036894203
20230712093927930,6.74,6.73,6.727947036894203
20230712093929810,6.74,6.73,6.727947036894203
20230712093929890,6.74,6.73,6.727947036894203
20230712093930000,6.74,6.73,6.727947036894203
20230712093930010,6.74,6.73,6.727947036894203
20230712093930040,6.74,6.73,6.727947036894203
20230712093930250,6.74,6.73,6.727947036894203
20230712093930300,6.74,6.73,6.727947036894203
20230712093930340,6.74,6.73,6.727947036894203
20230712093930520,6.74,6.73,6.727947036894203
20230712093932430,6.74,6.73,6.727947036894203
20230712093933500,6.74,6.73,6.727947036894203
20230712093933530,6.74,6.73,6.727947036894203
20230712093935170,6.74,6.73,6.727947036894203
20230712093936280,6.74,6.73,6.727947036894203
20230712093937990,6.74,6.73,6.727947036894203
20230712093938280,6.74,6.73,6.727947036894203
20230712093938670,6.74,6.72,6.7280568961137925
20230712093938720,6.73,6.72,6.728077647945722
20230712093938730,6.73,6.72,6.728079578260324
20230712093938750,6.73,6.72,6.728079578260324
20230712093938760,6.73,6.72,6.728079578260324
20230712093939060,6.73,6.72,6.728079578260324
20230712093940550,6.73,6.72,6.728080541964622
20230712093940950,6.73,6.72,6.728080541964622
20230712093941050,6.73,6.72,6.7280812641083525
20230712093941470,6.73,6.72,6.7280751879699245
20230712093941490,6.73,6.72,6.7280751879699245
20230712093943190,6.73,6.72,6.728077115673511
20230712093943210,6.73,6.72,6.728077115673511
20230712093943640,6.73,6.72,6.728077356365002
20230712093943660,6.73,6.72,6.728077356365002
20230712093943690,6.73,6.72,6.728077356365002
20230712093943730,6.73,6.72,6.728077356365002
20230712093943740,6.73,6.72,6.728077356365002
20230712093943750,6.73,6.72,6.728077356365002
20230712093943760,6.73,6.72,6.728077356365002
20230712093943810,6.73,6.72,6.728077356365002
20230712093945890,6.73,6.72,6.728077356365002
20230712093945910,6.73,6.72,6.728077356365002
20230712093946080,6.73,6.72,6.728077596996245
20230712093946110,6.73,6.72,6.728078799249531
20230712093946140,6.73,6.72,6.728079759969996
20230712093946220,6.73,6.72,6.7280821575727305
20230712093946410,6.73,6.72,6.728093346573982
20230712093946770,6.73,6.72,6.728093346573982
20230712093946970,6.73,6.72,6.728093346573982
20230712093947020,6.73,6.72,6.728093346573982
20230712093949070,6.73,6.72,6.728093346573982
20230712093949520,6.73,6.72,6.728093346573982
20230712093949550,6.73,6.72,6.728093346573982
20230712093951520,6.73,6.72,6.728093346573982
20230712093952050,6.73,6.72,6.728093346573982
20230712093955010,6.73,6.72,6.728093346573982
20230712093957200,6.73,6.72,6.728093346573982
20230712093957210,6.73,6.72,6.728093346573982
20230712093957450,6.73,6.72,6.728093583219561
20230712093959830,6.73,6.72,6.728093583219561
20230712094000240,6.73,6.72,6.728093583219561
20230712094000460,6.73,6.72,6.728093583219561
20230712094000540,6.73,6.72,6.728093583219561
20230712094002840,6.73,6.72,6.728093583219561
20230712094003020,6.73,6.72,6.728093583219561
20230712094007840,6.73,6.72,6.728093583219561
20230712094008520,6.73,6.72,6.728093583219561
20230712094010980,6.73,6.72,6.728093583219561
20230712094011090,6.73,6.72,6.728093583219561
20230712094013030,6.73,6.72,6.728093583219561
20230712094013110,6.73,6.72,6.728094056334533
20230712094013220,6.73,6.72,6.728094056334533
20230712094013440,6.73,6.72,6.728094056334533
20230712094013560,6.73,6.72,6.728094056334533
20230712094013680,6.73,6.72,6.728094056334533
20230712094015820,6.73,6.72,6.728094056334533
20230712094018380,6.73,6.72,6.728094056334533
20230712094018400,6.73,6.72,6.728094056334533
20230712094018930,6.73,6.72,6.728094056334533
20230712094019150,6.73,6.72,6.728094056334533
20230712094019160,6.73,6.72,6.728094056334533
20230712094019410,6.73,6.72,6.728094056334533
20230712094019430,6.73,6.72,6.728094056334533
20230712094021110,6.73,6.72,6.728094056334533
20230712094021950,6.73,6.72,6.728094056334533
20230712094022070,6.73,6.72,6.728091168091168
20230712094022080,6.73,6.72,6.728096590909091
20230712094022220,6.73,6.72,6.728096590909091
20230712094024100,6.73,6.72,6.728096590909091
20230712094026410,6.73,6.72,6.728096590909091
20230712094026810,6.73,6.72,6.728096590909091
20230712094027140,6.73,6.72,6.728096590909091
20230712094027170,6.73,6.72,6.728096590909091
20230712094027180,6.73,6.72,6.728096590909091
20230712094027190,6.73,6.72,6.728096590909091
20230712094027200,6.73,6.72,6.728096590909091
20230712094027210,6.73,6.72,6.728096590909091
20230712094027220,6.73,6.72,6.728096590909091
20230712094027230,6.73,6.72,6.728096590909091
20230712094027270,6.73,6.72,6.728096590909091
20230712094027280,6.73,6.72,6.728096590909091
20230712094027290,6.73,6.72,6.728096590909091
20230712094027310,6.73,6.72,6.728096590909091
20230712094027420,6.73,6.72,6.728096590909091
20230712094029280,6.73,6.72,6.728096825984933
20230712094030200,6.73,6.72,6.728096825984933
20230712094030260,6.73,6.72,6.728096825984933
20230712094032550,6.73,6.72,6.728088834053054
20230712094034640,6.73,6.72,6.728088834053054
20230712094035430,6.73,6.72,6.728088834053054
20230712094035600,6.73,6.72,6.728088834053054
20230712094037200,6.73,6.72,6.728088834053054
20230712094037220,6.73,6.72,6.728089069824821
20230712094038020,6.73,6.72,6.7280880720365115
20230712094040020,6.73,6.72,6.7280880720365115
20230712094040030,6.73,6.72,6.728050337630448
20230712094040050,6.73,6.72,6.728049349373926
20230712094040120,6.73,6.72,6.728049349373926
20230712094040890,6.73,6.72,6.728049349373926
20230712094041060,6.73,6.72,6.728049349373926
20230712094042910,6.73,6.72,6.728049349373926
20230712094045370,6.73,6.72,6.728047794117647
20230712094045980,6.73,6.72,6.728047794117647
20230712094046430,6.73,6.72,6.728047794117647
20230712094048000,6.73,6.72,6.728055182517397
20230712094048470,6.73,6.72,6.728055182517397
20230712094048560,6.73,6.72,6.728055182517397
20230712094049040,6.73,6.72,6.728055182517397
20230712094049050,6.73,6.72,6.728055182517397
20230712094049200,6.73,6.72,6.728055182517397
20230712094051040,6.73,6.72,6.728055182517397
20230712094053510,6.73,6.72,6.728055182517397
20230712094053630,6.73,6.72,6.728055182517397
20230712094053730,6.73,6.72,6.7278631867477054
20230712094053940,6.73,6.72,6.727865222050244
20230712094053970,6.73,6.72,6.727865222050244
20230712094054130,6.73,6.72,6.727865222050244
20230712094054270,6.73,6.72,6.727865730270206
20230712094056760,6.73,6.72,6.727865730270206
20230712094059390,6.73,6.72,6.727865730270206
20230712094100040,6.73,6.72,6.727865730270206
20230712094101740,6.73,6.72,6.727865730270206
20230712094102010,6.73,6.72,6.727866999762075
20230712094102040,6.73,6.72,6.727867253479244
20230712094102310,6.73,6.72,6.727867253479244
20230712094102540,6.73,6.72,6.727867253479244
20230712094102550,6.73,6.72,6.727867760732549
20230712094104370,6.73,6.72,6.727867760732549
20230712094106920,6.73,6.73,6.727867760732549
20230712094107040,6.73,6.73,6.727867760732549
20230712094107050,6.73,6.73,6.727873529062165
20230712094107090,6.73,6.73,6.727873529062165
20230712094107120,6.73,6.73,6.727873529062165
20230712094107140,6.73,6.73,6.727876411170529
20230712094107160,6.73,6.73,6.7278778517110265
20230712094107180,6.73,6.73,6.7278778517110265
20230712094107230,6.73,6.73,6.727885049281558
20230712094107280,6.73,6.73,6.727902288628009
20230712094107310,6.73,6.73,6.72791661731612
20230712094107350,6.73,6.73,6.727920909306181
20230712094107360,6.73,6.73,6.727930912102212
20230712094107390,6.73,6.73,6.727930912102212
20230712094107410,6.73,6.73,6.727932339720843
20230712094107430,6.73,6.73,6.728128927158482
20230712094107440,6.73,6.73,6.728196228161518
20230712094107550,6.73,6.73,6.728196228161518
20230712094107580,6.73,6.73,6.728196228161518
20230712094107710,6.73,6.73,6.728689578713969
20230712094107720,6.73,6.73,6.728785313839728
20230712094107730,6.73,6.74,6.728906046107003
20230712094107740,6.73,6.74,6.728906046107003
20230712094107780,6.73,6.74,6.728906046107003
20230712094107830,6.73,6.74,6.728906046107003
20230712094107850,6.73,6.74,6.728920503909643
20230712094107870,6.73,6.74,6.728920503909643
20230712094107920,6.73,6.74,6.728920503909643
20230712094108040,6.73,6.74,6.728920503909643
20230712094109740,6.73,6.74,6.728920503909643
20230712094110040,6.73,6.74,6.728920503909643
20230712094110070,6.73,6.74,6.728920503909643
20230712094110080,6.73,6.74,6.728920503909643
20230712094110090,6.73,6.74,6.728920503909643
20230712094110170,6.73,6.74,6.728920503909643
20230712094110260,6.73,6.74,6.728920503909643
20230712094110330,6.73,6.74,6.728920503909643
20230712094110340,6.73,6.74,6.728920503909643
20230712094110520,6.73,6.74,6.728920503909643
20230712094112290,6.73,6.74,6.728920503909643
20230712094112470,6.73,6.74,6.728920503909643
20230712094112880,6.73,6.74,6.728920503909643
20230712094113040,6.73,6.74,6.728920503909643
20230712094113400,6.73,6.74,6.728920503909643
20230712094113460,6.73,6.74,6.728920503909643
20230712094113510,6.73,6.74,6.728920503909643
20230712094115010,6.73,6.74,6.728920503909643
20230712094115600,6.73,6.74,6.728920503909643
20230712094115670,6.73,6.74,6.728920503909643
20230712094118120,6.73,6.74,6.728920503909643
20230712094120590,6.73,6.74,6.729113311094372
20230712094120920,6.73,6.74,6.729113311094372
20230712094121060,6.73,6.74,6.729113311094372
20230712094121100,6.73,6.74,6.729113311094372
20230712094121400,6.73,6.74,6.729113311094372
20230712094123380,6.73,6.74,6.729113311094372
20230712094123720,6.73,6.74,6.729113311094372
20230712094123830,6.73,6.74,6.729113311094372
20230712094124060,6.73,6.74,6.729178287921047
20230712094124070,6.73,6.74,6.729187218528844
20230712094125910,6.73,6.74,6.729187218528844
20230712094126040,6.73,6.74,6.729187218528844
20230712094127010,6.73,6.74,6.729187218528844
20230712094128850,6.73,6.74,6.729187218528844
20230712094129160,6.73,6.74,6.729187218528844
20230712094129660,6.73,6.74,6.729187218528844
20230712094131440,6.73,6.74,6.729187218528844
20230712094131630,6.73,6.74,6.729193012538849
20230712094131920,6.73,6.74,6.729193012538849
20230712094134130,6.73,6.74,6.729193012538849
20230712094134150,6.73,6.74,6.729193012538849
20230712094134200,6.73,6.74,6.729193012538849
20230712094134740,6.73,6.74,6.729193012538849
20230712094134860,6.73,6.74,6.729193012538849
20230712094134920,6.73,6.74,6.729226407019046
20230712094135070,6.73,6.74,6.729226407019046
20230712094136650,6.73,6.74,6.729226407019046
20230712094139390,6.73,6.74,6.729226407019046
20230712094139870,6.73,6.74,6.729226407019046
20230712094140150,6.73,6.74,6.729226407019046
20230712094140160,6.73,6.74,6.729226407019046
20230712094140190,6.73,6.74,6.729228629506793
20230712094140240,6.73,6.74,6.729230851519041
20230712094142120,6.73,6.74,6.729230851519041
20230712094142460,6.73,6.74,6.729230851519041
20230712094142960,6.73,6.74,6.729230851519041
20230712094142970,6.73,6.74,6.729230851519041
20230712094143040,6.73,6.74,6.729230851519041
20230712094143150,6.73,6.74,6.72928244437347
20230712094144910,6.73,6.74,6.729285866326096
20230712094145090,6.73,6.74,6.729292703680068
20230712094145110,6.73,6.74,6.729332414962382
20230712094145130,6.73,6.74,6.729336934646754
20230712094145210,6.73,6.74,6.729460845896147
20230712094145260,6.73,6.74,6.729460845896147
20230712094145270,6.73,6.74,6.729460845896147
20230712094145340,6.73,6.74,6.729460845896147
20230712094145390,6.73,6.74,6.729460845896147
20230712094145420,6.73,6.74,6.729460845896147
20230712094148030,6.73,6.74,6.729537518187487
20230712094150850,6.73,6.74,6.729664325552572
20230712094151110,6.73,6.74,6.729679249174917
20230712094152790,6.73,6.74,6.729679249174917
20230712094152850,6.73,6.74,6.729679249174917
20230712094152990,6.73,6.74,6.729679249174917
20230712094153090,6.73,6.74,6.729679249174917
20230712094153360,6.73,6.74,6.729679249174917
20230712094153370,6.73,6.74,6.729679249174917
20230712094153800,6.73,6.74,6.729679249174917
20230712094158630,6.73,6.74,6.729679249174917
20230712094158830,6.73,6.74,6.729679249174917
20230712094158930,6.73,6.74,6.729679249174917
20230712094201050,6.73,6.74,6.729679249174917
20230712094201060,6.73,6.74,6.729679249174917
20230712094201290,6.73,6.74,6.729679249174917
20230712094201310,6.73,6.74,6.729679249174917
20230712094201430,6.73,6.74,6.729679249174917
20230712094202030,6.73,6.74,6.729679249174917
20230712094202110,6.73,6.74,6.729679249174917
20230712094203740,6.73,6.74,6.729679249174917
20230712094203890,6.73,6.74,6.729679249174917
20230712094203950,6.73,6.74,6.729679249174917
20230712094204080,6.73,6.74,6.729679249174917
20230712094204160,6.73,6.74,6.729679249174917
20230712094204400,6.73,6.74,6.729679249174917
20230712094204550,6.73,6.74,6.729679249174917
20230712094206430,6.73,6.74,6.729679249174917
20230712094206750,6.73,6.74,6.729679249174917
20230712094206870,6.73,6.74,6.729679249174917
20230712094207040,6.73,6.74,6.729679249174917
20230712094207110,6.73,6.74,6.729679249174917
20230712094207420,6.73,6.74,6.729679249174917
20230712094207430,6.73,6.74,6.729679249174917
20230712094207510,6.73,6.74,6.729679249174917
20230712094210140,6.73,6.74,6.729679249174917
20230712094212230,6.73,6.74,6.729679249174917
20230712094214500,6.73,6.74,6.729679249174917
20230712094214600,6.73,6.74,6.729679249174917
20230712094214850,6.73,6.74,6.729679249174917
20230712094215000,6.73,6.74,6.729679249174917
20230712094215030,6.73,6.74,6.729679249174917
20230712094215210,6.73,6.74,6.729690849134378
20230712094217390,6.73,6.74,6.729690849134378
20230712094217490,6.73,6.74,6.729690849134378
20230712094217510,6.73,6.74,6.729690849134378
20230712094217740,6.73,6.74,6.729690849134378
20230712094217840,6.73,6.74,6.729690849134378
20230712094217960,6.73,6.74,6.729690849134378
20230712094218230,6.73,6.74,6.729690849134378
20230712094218290,6.73,6.74,6.729690849134378
20230712094220250,6.73,6.74,6.729690849134378
20230712094220300,6.73,6.74,6.729690849134378
20230712094220310,6.73,6.74,6.729690849134378
20230712094220360,6.73,6.74,6.729690849134378
20230712094222770,6.73,6.74,6.7296982492276
20230712094225200,6.73,6.74,6.7296982492276
20230712094226120,6.73,6.74,6.7296982492276
20230712094226270,6.73,6.74,6.7296982492276
20230712094226390,6.73,6.74,6.7296982492276
20230712094228210,6.73,6.74,6.7296982492276
20230712094228660,6.73,6.74,6.729702429983526
20230712094230750,6.73,6.74,6.729702429983526
20230712094230790,6.73,6.74,6.729702429983526
20230712094233590,6.73,6.74,6.729702429983526
20230712094234090,6.73,6.74,6.729702429983526
20230712094236120,6.73,6.74,6.729702429983526
20230712094236210,6.73,6.74,6.729702429983526
20230712094236620,6.73,6.74,6.729702429983526
20230712094238800,6.73,6.74,6.729702429983526
20230712094238940,6.73,6.74,6.729702429983526
20230712094239530,6.73,6.74,6.729702429983526
20230712094239750,6.73,6.74,6.729702429983526
20230712094242460,6.73,6.74,6.729702429983526
20230712094244170,6.73,6.74,6.729702429983526
20230712094244300,6.73,6.74,6.729729924009037
20230712094244370,6.73,6.74,6.729729924009037
20230712094244400,6.73,6.74,6.729729924009037
20230712094244910,6.73,6.74,6.729729924009037
20230712094245260,6.73,6.74,6.729729924009037
20230712094245330,6.73,6.74,6.729729924009037
20230712094246950,6.73,6.74,6.729729924009037
20230712094247140,6.73,6.74,6.729729924009037
20230712094247260,6.73,6.74,6.729729924009037
20230712094249500,6.73,6.74,6.729729924009037
20230712094249600,6.73,6.74,6.729729924009037
20230712094249730,6.73,6.74,6.729729924009037
20230712094249920,6.73,6.74,6.729729924009037
20230712094250290,6.73,6.74,6.729729924009037
20230712094255720,6.73,6.74,6.729729924009037
20230712094255850,6.73,6.74,6.729729924009037
20230712094256090,6.73,6.74,6.729729924009037
20230712094257680,6.73,6.74,6.729729924009037
20230712094258070,6.73,6.74,6.729729924009037
20230712094300280,6.73,6.74,6.729788602941176
20230712094300300,6.73,6.74,6.729788602941176
20230712094300920,6.73,6.74,6.729788602941176
20230712094300950,6.73,6.74,6.729788602941176
20230712094301090,6.73,6.74,6.729788602941176
20230712094301170,6.73,6.74,6.729788602941176
20230712094303700,6.73,6.74,6.729788602941176
20230712094304120,6.73,6.74,6.729788602941176
20230712094304160,6.73,6.74,6.729788602941176
20230712094304200,6.73,6.74,6.729788602941176
20230712094306340,6.73,6.74,6.729788602941176
20230712094306470,6.73,6.74,6.729788602941176
20230712094306920,6.73,6.74,6.729788602941176
20230712094308520,6.73,6.74,6.729788602941176
20230712094308550,6.73,6.74,6.729963573813619
20230712094309350,6.73,6.74,6.729963573813619
20230712094311190,6.73,6.74,6.729963573813619
20230712094311990,6.73,6.74,6.729963573813619
20230712094312160,6.73,6.74,6.729963573813619
20230712094314220,6.73,6.74,6.729963573813619
20230712094314680,6.73,6.74,6.729963573813619
20230712094314780,6.73,6.74,6.729963573813619
20230712094315020,6.73,6.74,6.729963573813619
20230712094316660,6.73,6.74,6.729963573813619
20230712094317280,6.73,6.74,6.729963573813619
20230712094317400,6.73,6.74,6.729963573813619
20230712094317690,6.73,6.74,6.729985850010107
20230712094319320,6.73,6.74,6.729985850010107
20230712094319360,6.73,6.74,6.729985850010107
20230712094320000,6.73,6.74,6.729985850010107
20230712094320060,6.73,6.74,6.729985850010107
20230712094320300,6.73,6.74,6.729985850010107
20230712094322020,6.73,6.74,6.729985850010107
20230712094322110,6.73,6.74,6.729985850010107
20230712094322140,6.73,6.74,6.729985850010107
20230712094322200,6.73,6.74,6.729985850010107
20230712094322370,6.73,6.74,6.729985850010107
20230712094322910,6.73,6.74,6.729985850010107
20230712094323040,6.73,6.74,6.729985850010107
20230712094324570,6.73,6.74,6.73003629032258
20230712094324700,6.73,6.74,6.73003629032258
20230712094324710,6.73,6.74,6.73003629032258
20230712094324720,6.73,6.74,6.73003629032258
20230712094324860,6.73,6.74,6.73003629032258
20230712094325180,6.73,6.74,6.73003629032258
20230712094325380,6.73,6.74,6.73003629032258
20230712094327690,6.73,6.74,6.73003629032258
20230712094327800,6.73,6.74,6.73003629032258
20230712094328000,6.73,6.74,6.73003629032258
20230712094328100,6.73,6.74,6.73003629032258
20230712094328180,6.73,6.74,6.73003629032258
20230712094330020,6.73,6.74,6.73003629032258
20230712094330250,6.73,6.74,6.73003629032258
20230712094330540,6.73,6.74,6.73003629032258
20230712094330830,6.73,6.74,6.73003629032258
20230712094331210,6.73,6.74,6.73003629032258
20230712094332690,6.73,6.74,6.73003629032258
20230712094332730,6.73,6.74,6.73003629032258
20230712094333370,6.73,6.74,6.73003629032258
20230712094333380,6.73,6.74,6.73003629032258
20230712094335390,6.73,6.74,6.73003629032258
20230712094339080,6.73,6.74,6.730048343236983
20230712094340800,6.73,6.74,6.730048343236983
20230712094341300,6.73,6.74,6.730048343236983
20230712094341680,6.73,6.74,6.730048343236983
20230712094344150,6.73,6.74,6.730048343236983
20230712094344480,6.73,6.74,6.730048343236983
20230712094347030,6.73,6.74,6.730048343236983
20230712094347420,6.73,6.74,6.730048343236983
20230712094349130,6.73,6.74,6.7300523612929215
20230712094349380,6.73,6.74,6.7300523612929215
20230712094349430,6.73,6.74,6.7300523612929215
20230712094350090,6.73,6.74,6.7300523612929215
20230712094352080,6.73,6.74,6.7300523612929215
20230712094352090,6.73,6.74,6.7300523612929215
20230712094352100,6.73,6.74,6.7300523612929215
20230712094352420,6.73,6.74,6.7300523612929215
20230712094354480,6.73,6.74,6.7300523612929215
20230712094354740,6.73,6.74,6.7301022044088175
20230712094354900,6.73,6.74,6.7301022044088175
20230712094355080,6.73,6.74,6.7301022044088175
20230712094355120,6.73,6.74,6.7301022044088175
20230712094355200,6.73,6.74,6.7301022044088175
20230712094355220,6.73,6.74,6.7301022044088175
20230712094355280,6.73,6.74,6.7301022044088175
20230712094357140,6.73,6.74,6.7301022044088175
20230712094357440,6.73,6.74,6.7301022044088175
20230712094357860,6.73,6.74,6.7301022044088175
20230712094358080,6.73,6.74,6.7301022044088175
20230712094358160,6.73,6.74,6.7301022044088175
20230712094358190,6.73,6.74,6.7301022044088175
20230712094358210,6.73,6.74,6.7301022044088175
20230712094359790,6.73,6.74,6.7301022044088175
20230712094359950,6.73,6.74,6.7301022044088175
20230712094400270,6.73,6.74,6.7301022044088175
20230712094400380,6.73,6.74,6.730132946821271
20230712094400460,6.73,6.74,6.730132946821271
20230712094400700,6.73,6.74,6.730132946821271
20230712094402510,6.73,6.74,6.730132946821271
20230712094402720,6.73,6.74,6.730132946821271
20230712094403030,6.73,6.74,6.730132946821271
20230712094403130,6.73,6.74,6.730132946821271
20230712094403350,6.73,6.74,6.730132946821271
20230712094405120,6.73,6.74,6.730132946821271
20230712094405310,6.73,6.74,6.730132946821271
20230712094405340,6.73,6.74,6.730132946821271
20230712094407840,6.73,6.74,6.730132946821271
20230712094407920,6.73,6.74,6.730132946821271
20230712094408000,6.73,6.74,6.730132946821271
20230712094408030,6.73,6.74,6.730132946821271
20230712094408040,6.73,6.74,6.730132946821271
20230712094408970,6.73,6.74,6.730132946821271
20230712094411580,6.73,6.74,6.730132946821271
20230712094413180,6.73,6.74,6.730132946821271
20230712094413190,6.73,6.74,6.730132946821271
20230712094413770,6.73,6.74,6.730132946821271
20230712094413840,6.73,6.74,6.730132946821271
20230712094414060,6.73,6.74,6.730132946821271
20230712094414310,6.73,6.74,6.730132946821271
20230712094416150,6.73,6.74,6.730132946821271
20230712094416460,6.73,6.74,6.730132946821271
20230712094416520,6.73,6.74,6.730132946821271
20230712094416820,6.73,6.74,6.730150683564514
20230712094419100,6.73,6.74,6.730150683564514
20230712094419110,6.73,6.74,6.730150683564514
20230712094419150,6.73,6.74,6.730150683564514
20230712094419180,6.73,6.74,6.730150683564514
20230712094419490,6.73,6.74,6.730150683564514
20230712094419590,6.73,6.74,6.730150683564514
20230712094422480,6.73,6.74,6.730150683564514
20230712094424000,6.73,6.74,6.730150683564514
20230712094424010,6.73,6.74,6.730150683564514
20230712094424960,6.73,6.74,6.730150683564514
20230712094425040,6.73,6.74,6.730150683564514
20230712094425120,6.73,6.74,6.730150683564514
20230712094425160,6.73,6.74,6.730150683564514
20230712094425170,6.73,6.74,6.730150683564514
20230712094425210,6.73,6.74,6.730157574548718
20230712094426850,6.73,6.74,6.730157574548718
20230712094427160,6.73,6.74,6.730157574548718
20230712094427190,6.73,6.74,6.730157574548718
20230712094427200,6.73,6.74,6.730157574548718
20230712094427210,6.73,6.74,6.730157574548718
20230712094427320,6.73,6.74,6.730157574548718
20230712094427360,6.73,6.74,6.730157574548718
20230712094427550,6.73,6.74,6.730157574548718
20230712094429470,6.73,6.74,6.730157574548718
20230712094429570,6.73,6.74,6.730245131956114
20230712094429640,6.73,6.74,6.730290240062967
20230712094429650,6.74,6.73,6.730864574655189
20230712094429660,6.74,6.73,6.730864574655189
20230712094430040,6.74,6.73,6.730864574655189
20230712094430060,6.74,6.73,6.730864574655189
20230712094430070,6.74,6.73,6.730864574655189
20230712094430110,6.74,6.73,6.730910849143489
20230712094430300,6.74,6.73,6.730910849143489
20230712094432290,6.75,6.73,6.730925332111773
20230712094432300,6.74,6.73,6.730925332111773
20230712094432420,6.75,6.73,6.730925332111773
20230712094432880,6.74,6.73,6.730925332111773
20230712094434980,6.74,6.73,6.730925332111773
20230712094435290,6.74,6.73,6.730925332111773
20230712094435340,6.74,6.73,6.730925332111773
20230712094435630,6.74,6.73,6.730925332111773
20230712094437700,6.74,6.73,6.730925332111773
20230712094438420,6.74,6.73,6.730925332111773
20230712094440220,6.74,6.73,6.730925332111773
20230712094441200,6.74,6.73,6.730925332111773
20230712094441210,6.74,6.73,6.730925332111773
20230712094443070,6.74,6.73,6.730925332111773
20230712094443080,6.74,6.73,6.730925332111773
20230712094443150,6.74,6.73,6.730925332111773
20230712094443170,6.74,6.73,6.730925332111773
20230712094443180,6.74,6.73,6.730925332111773
20230712094444060,6.74,6.73,6.730925332111773
20230712094445790,6.74,6.73,6.730925332111773
20230712094445800,6.74,6.73,6.730925332111773
20230712094446000,6.74,6.73,6.730925332111773
20230712094446010,6.74,6.73,6.730945945945946
20230712094446070,6.74,6.73,6.7309438059904085
20230712094446080,6.73,6.73,6.730938878386893
20230712094446090,6.73,6.73,6.730938878386893
20230712094446100,6.73,6.73,6.730938878386893
20230712094446150,6.73,6.73,6.730938878386893
20230712094446200,6.73,6.73,6.730935225945557
20230712094448470,6.74,6.73,6.730929796355841
20230712094448600,6.74,6.73,6.730929796355841
20230712094448690,6.74,6.73,6.730929796355841
20230712094448750,6.74,6.73,6.730929796355841
20230712094448800,6.74,6.73,6.730929796355841
20230712094448910,6.74,6.73,6.730929796355841
20230712094449050,6.74,6.73,6.730929796355841
20230712094449090,6.74,6.73,6.730929298339582
20230712094449210,6.74,6.73,6.730928800856531
20230712094449320,6.74,6.73,6.730928800856531
20230712094451910,6.74,6.73,6.730926238989234
20230712094451920,6.74,6.73,6.730926238989234
20230712094452090,6.74,6.73,6.730926238989234
20230712094452200,6.74,6.73,6.730926238989234
20230712094453730,6.74,6.73,6.730926238989234
20230712094453830,6.74,6.73,6.730926238989234
20230712094454130,6.74,6.73,6.730926238989234
20230712094454820,6.74,6.73,6.730926238989234
20230712094456750,6.74,6.73,6.730926238989234
20230712094456790,6.74,6.73,6.730926238989234
20230712094456930,6.74,6.73,6.730926238989234
20230712094457310,6.74,6.73,6.730926238989234
20230712094459160,6.74,6.73,6.730926238989234
20230712094500170,6.74,6.73,6.730926238989234
20230712094500180,6.74,6.73,6.730926238989234
20230712094500200,6.74,6.73,6.730926238989234
20230712094500260,6.74,6.73,6.730926238989234
20230712094502750,6.74,6.73,6.730926238989234
20230712094504990,6.74,6.73,6.730926238989234
20230712094505040,6.74,6.73,6.730926238989234
20230712094505050,6.74,6.73,6.730926238989234
20230712094505060,6.74,6.73,6.730926238989234
20230712094505180,6.74,6.73,6.730926238989234
20230712094507210,6.74,6.73,6.730926238989234
20230712094507250,6.74,6.73,6.730926238989234
20230712094507290,6.74,6.73,6.730926238989234
20230712094507380,6.74,6.73,6.730926238989234
20230712094507850,6.74,6.73,6.730926238989234
20230712094509900,6.74,6.73,6.730926238989234
20230712094510150,6.74,6.73,6.730926238989234
20230712094510180,6.74,6.73,6.730926238989234
20230712094510690,6.74,6.73,6.730926238989234
20230712094510850,6.74,6.73,6.730926238989234
20230712094511020,6.74,6.73,6.730926238989234
20230712094512610,6.74,6.73,6.730926238989234
20230712094512700,6.74,6.73,6.730926238989234
20230712094512800,6.74,6.73,6.730926238989234
20230712094513120,6.74,6.73,6.730926238989234
20230712094513150,6.74,6.73,6.730926238989234
20230712094513160,6.74,6.73,6.730926238989234
20230712094515440,6.74,6.73,6.730926238989234
20230712094515460,6.74,6.73,6.730926238989234
20230712094515770,6.74,6.73,6.730926238989234
20230712094515780,6.74,6.73,6.730926238989234
20230712094516010,6.74,6.73,6.730926238989234
20230712094516110,6.74,6.73,6.730926238989234
20230712094518480,6.74,6.73,6.730926238989234
20230712094518720,6.74,6.73,6.730926238989234
20230712094518780,6.74,6.73,6.730926238989234
20230712094519170,6.74,6.73,6.730926238989234
20230712094519200,6.74,6.73,6.730926238989234
20230712094521060,6.74,6.73,6.7309259911894275
20230712094521190,6.74,6.73,6.7309259911894275
20230712094523830,6.74,6.73,6.730925176056338
20230712094524180,6.74,6.73,6.730925176056338
20230712094524230,6.74,6.73,6.730925176056338
20230712094524290,6.74,6.73,6.730925176056338
20230712094524400,6.74,6.73,6.730925176056338
20230712094526480,6.74,6.73,6.730925176056338
20230712094526590,6.74,6.73,6.730924835164835
20230712094534160,6.74,6.73,6.730924510062396
20230712094534460,6.74,6.73,6.730924510062396
20230712094535030,6.74,6.73,6.730923536125011
20230712094535050,6.74,6.73,6.730923130923131
20230712094535100,6.74,6.73,6.730923130923131
20230712094535130,6.74,6.73,6.730923130923131
20230712094535180,6.74,6.73,6.730922483339179
20230712094535320,6.74,6.73,6.730922483339179
20230712094537030,6.74,6.73,6.730921352250832
20230712094537040,6.74,6.73,6.730920868347339
20230712094537070,6.74,6.73,6.730920304435307
20230712094537080,6.74,6.73,6.7309186168354875
20230712094537120,6.74,6.73,6.730918536627958
20230712094537240,6.74,6.73,6.730918536627958
20230712094538030,6.74,6.73,6.730917895471599
20230712094538050,6.74,6.73,6.73091749520321
20230712094540070,6.74,6.73,6.730915260135723
20230712094540080,6.74,6.73,6.730914623543732
20230712094540110,6.74,6.73,6.730914623543732
20230712094540130,6.74,6.73,6.730914623543732
20230712094540140,6.74,6.73,6.730914623543732
20230712094540250,6.74,6.73,6.730914623543732
20230712094542270,6.74,6.73,6.730914623543732
20230712094543080,6.74,6.73,6.730914623543732
20230712094543110,6.73,6.73,6.730922422769871
20230712094543140,6.73,6.73,6.730922422769871
20230712094543170,6.73,6.73,6.730922422769871
20230712094543180,6.73,6.73,6.730922422769871
20230712094543220,6.73,6.73,6.7309222627103935
20230712094543230,6.73,6.73,6.730922102706454
20230712094543240,6.73,6.73,6.730922022725301
20230712094543250,6.73,6.73,6.730921942758022
20230712094543260,6.73,6.73,6.730921942758022
20230712094543280,6.73,6.73,6.730921942758022
20230712094543370,6.73,6.73,6.730921862804614
20230712094543490,6.73,6.73,6.730921782865071
20230712094545050,6.73,6.73,6.730921782865071
20230712094546110,6.73,6.73,6.730921782865071
20230712094547670,6.73,6.73,6.730921782865071
20230712094548540,6.73,6.73,6.730921782865071
20230712094548770,6.73,6.73,6.730921782865071
20230712094548780,6.73,6.73,6.730921782865071
20230712094548800,6.73,6.73,6.730921782865071
20230712094553500,6.73,6.73,6.730921782865071
20230712094553520,6.73,6.73,6.730921782865071
20230712094553600,6.73,6.73,6.730921782865071
20230712094555870,6.73,6.73,6.730921782865071
20230712094556030,6.73,6.73,6.730921782865071
20230712094556040,6.73,6.73,6.730921782865071
20230712094556120,6.73,6.73,6.730921782865071
20230712094556390,6.73,6.73,6.730921782865071
20230712094556620,6.73,6.73,6.730921782865071
20230712094556740,6.73,6.73,6.730921782865071
20230712094558800,6.73,6.73,6.730921782865071
20230712094558820,6.73,6.73,6.730921782865071
20230712094559100,6.73,6.73,6.730921782865071
20230712094559190,6.73,6.73,6.730921782865071
20230712094559260,6.73,6.73,6.730921782865071
20230712094601350,6.73,6.73,6.730921782865071
20230712094601990,6.73,6.73,6.730921782865071
20230712094602050,6.73,6.73,6.730921782865071
20230712094602120,6.73,6.73,6.730921782865071
20230712094604630,6.73,6.73,6.730913578108764
20230712094607080,6.73,6.73,6.730913578108764
20230712094609250,6.73,6.73,6.730913578108764
20230712094609990,6.73,6.73,6.730913578108764
20230712094610080,6.73,6.73,6.730913578108764
20230712094610110,6.73,6.73,6.730913578108764
20230712094610150,6.73,6.73,6.730913578108764
20230712094612410,6.73,6.73,6.730913578108764
20230712094613080,6.73,6.73,6.730913578108764
20230712094613110,6.73,6.73,6.730913578108764
20230712094613160,6.73,6.73,6.730905004754084
20230712094615220,6.73,6.73,6.730905004754084
20230712094615230,6.73,6.73,6.730905004754084
20230712094615680,6.73,6.73,6.730905004754084
20230712094615760,6.73,6.73,6.730905004754084
20230712094618330,6.73,6.73,6.730905004754084
20230712094618550,6.73,6.73,6.730905004754084
20230712094620230,6.73,6.73,6.730905004754084
20230712094620810,6.73,6.73,6.730905004754084
20230712094623370,6.73,6.73,6.730905004754084
20230712094625560,6.73,6.73,6.730905004754084
20230712094625570,6.74,6.73,6.730905004754084
20230712094625990,6.74,6.73,6.730905004754084
20230712094626080,6.74,6.73,6.730905004754084
20230712094626540,6.74,6.73,6.730905004754084
20230712094626670,6.74,6.73,6.730905004754084
20230712094629110,6.74,6.73,6.730905004754084
20230712094629270,6.74,6.73,6.730905004754084
20230712094629280,6.74,6.73,6.730905004754084
20230712094629310,6.74,6.73,6.730905004754084
20230712094631070,6.74,6.73,6.730905004754084
20230712094631510,6.74,6.73,6.730905004754084
20230712094631610,6.74,6.73,6.730905004754084
20230712094631630,6.74,6.73,6.730905004754084
20230712094632040,6.74,6.73,6.730905004754084
20230712094633990,6.73,6.73,6.730905004754084
20230712094634120,6.73,6.73,6.730905004754084
20230712094634340,6.73,6.73,6.730905004754084
20230712094636340,6.73,6.73,6.730905004754084
20230712094637110,6.73,6.73,6.730905004754084
20230712094637220,6.73,6.73,6.730905004754084
20230712094637230,6.73,6.73,6.730905004754084
20230712094639090,6.73,6.73,6.730905004754084
20230712094639610,6.73,6.73,6.730905004754084
20230712094641770,6.73,6.73,6.730905004754084
20230712094641800,6.73,6.73,6.730905004754084
20230712094642650,6.74,6.73,6.730905004754084
20230712094647420,6.74,6.73,6.730899707552038
20230712094650680,6.74,6.73,6.730899707552038
20230712094651000,6.73,6.73,6.730899707552038
20230712094652740,6.73,6.73,6.730899707552038
20230712094655500,6.73,6.73,6.730899707552038
20230712094655780,6.73,6.73,6.730899707552038
20230712094703360,6.73,6.73,6.730899707552038
20230712094703530,6.73,6.73,6.730899707552038
20230712094704130,6.73,6.73,6.730899707552038
20230712094704420,6.73,6.73,6.730899707552038
20230712094706440,6.73,6.73,6.730899707552038
20230712094706620,6.73,6.73,6.730899707552038
20230712094709190,6.73,6.73,6.730899707552038
20230712094709360,6.74,6.73,6.730899707552038
20230712094714110,6.74,6.73,6.730899707552038
20230712094717070,6.74,6.73,6.730899707552038
20230712094719780,6.74,6.73,6.730899707552038
20230712094720590,6.74,6.73,6.730899707552038
20230712094722860,6.74,6.73,6.730899707552038
20230712094723140,6.74,6.73,6.730884219554031
20230712094725570,6.74,6.73,6.730884219554031
20230712094725830,6.74,6.73,6.730884219554031
20230712094728480,6.74,6.73,6.730884219554031
20230712094730270,6.74,6.73,6.730884219554031
20230712094730290,6.74,6.73,6.730883286167567
20230712094731080,6.73,6.73,6.730883286167567
20230712094733370,6.73,6.73,6.730883286167567
20230712094733540,6.73,6.73,6.730882352941176
20230712094733890,6.73,6.73,6.730882352941176
20230712094735850,6.73,6.73,6.730882352941176
20230712094736730,6.73,6.73,6.730882352941176
20230712094738430,6.73,6.73,6.730882352941176
20230712094738720,6.73,6.73,6.730882352941176
20230712094738770,6.73,6.73,6.730882352941176
20230712094739550,6.73,6.73,6.730882352941176
20230712094741850,6.73,6.73,6.730882352941176
20230712094742000,6.73,6.73,6.730882352941176
20230712094743990,6.73,6.73,6.730882352941176
20230712094744020,6.73,6.73,6.730882352941176
20230712094747080,6.73,6.73,6.730882352941176
20230712094747200,6.73,6.73,6.730882352941176
20230712094750070,6.73,6.73,6.730882352941176
20230712094752930,6.73,6.73,6.730882352941176
20230712094752950,6.73,6.73,6.730882352941176
20230712094755020,6.73,6.73,6.730882352941176
20230712094755090,6.73,6.73,6.730882352941176
20230712094755100,6.73,6.73,6.730882352941176
20230712094755130,6.73,6.73,6.730882352941176
20230712094755140,6.73,6.73,6.730882352941176
20230712094755150,6.73,6.73,6.730882352941176
20230712094755280,6.74,6.73,6.730874405166554
20230712094755340,6.74,6.73,6.730869528477269
20230712094755420,6.74,6.73,6.730869528477269
20230712094755430,6.74,6.73,6.730869087837838
20230712094755500,6.74,6.73,6.7308685010128295
20230712094755570,6.74,6.73,6.7308685010128295
20230712094755600,6.74,6.73,6.7308685010128295
20230712094755630,6.74,6.73,6.730867110474425
20230712094755640,6.74,6.73,6.730866891322663
20230712094755650,6.74,6.73,6.73086543313709
20230712094755660,6.74,6.73,6.73086543313709
20230712094755670,6.74,6.73,6.73086543313709
20230712094755690,6.74,6.73,6.73086543313709
20230712094755740,6.74,6.73,6.73086543313709
20230712094757480,6.74,6.73,6.73086543313709
20230712094758130,6.74,6.73,6.73086543313709
20230712094758160,6.74,6.73,6.73086543313709
20230712094758380,6.74,6.73,6.730876206462442
20230712094758400,6.74,6.73,6.730876206462442
20230712094800100,6.74,6.73,6.730876206462442
20230712094800270,6.74,6.73,6.730876206462442
20230712094800810,6.74,6.73,6.730876206462442
20230712094801090,6.74,6.73,6.730876206462442
20230712094801100,6.74,6.73,6.730876206462442
20230712094803630,6.74,6.73,6.730876206462442
20230712094803880,6.74,6.73,6.730876206462442
20230712094808320,6.74,6.73,6.730876206462442
20230712094808350,6.74,6.73,6.730876132930514
20230712094808870,6.74,6.73,6.730876132930514
20230712094809090,6.74,6.73,6.730876132930514
20230712094809200,6.74,6.73,6.730876132930514
20230712094809300,6.74,6.73,6.730876132930514
20230712094811010,6.74,6.73,6.730876132930514
