Timestamp,ask1,bid1,VWAP
20230704093000100,6.07,7.41,0.0
20230704093000110,6.07,6.81,6.7291891891891895
20230704093000120,6.07,6.81,6.7291891891891895
20230704093000130,6.07,6.81,6.7291891891891895
20230704093000140,6.07,6.81,6.7291891891891895
20230704093000150,6.07,6.81,6.7291891891891895
20230704093000160,6.07,6.81,6.7291891891891895
20230704093000170,6.07,6.81,6.7291891891891895
20230704093000180,6.07,6.81,6.7291891891891895
20230704093000190,6.07,6.81,6.728717948717949
20230704093000200,6.07,6.81,6.728717948717949
20230704093000210,6.07,6.81,6.728518518518518
20230704093000220,6.07,6.81,6.728518518518518
20230704093000230,6.07,6.81,6.728518518518518
20230704093000240,6.07,6.81,6.728518518518518
20230704093000560,6.07,6.81,6.728518518518518
20230704093000570,6.07,6.81,6.728518518518518
20230704093000580,6.07,6.81,6.728651685393259
20230704093000590,6.07,6.81,6.728651685393259
20230704093000600,6.07,6.81,6.728651685393259
20230704093000620,6.07,6.81,6.728651685393259
20230704093000650,6.07,6.81,6.728651685393259
20230704093000660,6.07,6.81,6.728651685393259
20230704093000670,6.07,6.81,6.728651685393259
20230704093000680,6.07,6.81,6.728651685393259
20230704093000690,6.07,6.81,6.728651685393259
20230704093000710,6.07,6.81,6.7287878787878785
20230704093000720,6.07,6.81,6.7287878787878785
20230704093000730,6.07,6.81,6.72906976744186
20230704093000740,6.07,6.81,6.72906976744186
20230704093000750,6.07,6.81,6.72906976744186
20230704093000760,6.07,6.81,6.72906976744186
20230704093000770,6.69,6.81,6.72906976744186
20230704093000800,6.69,6.81,6.72906976744186
20230704093000810,6.69,6.81,6.725679611650485
20230704093000830,6.69,6.81,6.725679611650485
20230704093000840,6.69,6.81,6.725679611650485
20230704093000860,6.69,6.81,6.725679611650485
20230704093000870,6.69,6.81,6.725342465753425
20230704093001520,6.69,6.81,6.725342465753425
20230704093001530,6.69,6.81,6.725342465753425
20230704093001540,6.69,6.81,6.725342465753425
20230704093001560,6.69,6.81,6.725342465753425
20230704093001570,6.69,6.81,6.725342465753425
20230704093001610,6.69,6.81,6.725342465753425
20230704093001630,6.69,6.81,6.725342465753425
20230704093001660,6.69,6.81,6.725342465753425
20230704093001670,6.69,6.81,6.725342465753425
20230704093001680,6.69,6.81,6.725342465753425
20230704093001720,6.69,6.81,6.725342465753425
20230704093001730,6.69,6.81,6.725342465753425
20230704093001770,6.69,6.81,6.725342465753425
20230704093001790,6.69,6.81,6.725342465753425
20230704093001800,6.69,6.81,6.725342465753425
20230704093001840,6.69,6.81,6.725342465753425
20230704093001850,6.69,6.81,6.725342465753425
20230704093001860,6.69,6.81,6.725342465753425
20230704093001880,6.69,6.81,6.725342465753425
20230704093001890,6.69,6.81,6.725342465753425
20230704093001900,6.69,6.81,6.725342465753425
20230704093001910,6.69,6.81,6.725342465753425
20230704093001920,6.69,6.81,6.725342465753425
20230704093001930,6.69,6.81,6.725342465753425
20230704093001960,6.69,6.81,6.725342465753425
20230704093002000,6.69,6.81,6.725342465753425
20230704093002010,6.69,6.81,6.725342465753425
20230704093002030,6.69,6.81,6.725342465753425
20230704093002040,6.69,6.81,6.725342465753425
20230704093002050,6.69,6.81,6.725342465753425
20230704093002060,6.69,6.81,6.725342465753425
20230704093002080,6.69,6.81,6.724047619047619
20230704093002110,6.69,6.81,6.723774319066147
20230704093002140,6.69,6.81,6.723774319066147
20230704093002160,6.69,6.81,6.723774319066147
20230704093002180,6.69,6.81,6.723774319066147
20230704093002190,6.69,6.81,6.723774319066147
20230704093002200,6.69,6.81,6.723774319066147
20230704093003290,6.69,6.81,6.723774319066147
20230704093003310,6.69,6.81,6.723774319066147
20230704093003320,6.69,6.81,6.723774319066147
20230704093003340,6.69,6.81,6.723774319066147
20230704093003350,6.69,6.81,6.723774319066147
20230704093003360,6.69,6.81,6.723774319066147
20230704093003370,6.69,6.81,6.723774319066147
20230704093003400,6.69,6.81,6.723774319066147
20230704093003410,6.69,6.81,6.723774319066147
20230704093003420,6.69,6.81,6.723774319066147
20230704093003490,6.69,6.81,6.72375968992248
20230704093003520,6.69,6.81,6.72375968992248
20230704093003550,6.69,6.81,6.72375968992248
20230704093003560,6.69,6.81,6.72375968992248
20230704093003580,6.69,6.81,6.72375968992248
20230704093003610,6.69,6.81,6.72375968992248
20230704093003620,6.69,6.81,6.72375968992248
20230704093003630,6.69,6.81,6.72375968992248
20230704093003650,6.69,6.81,6.72375968992248
20230704093003660,6.69,6.81,6.72375968992248
20230704093003680,6.69,6.81,6.72375968992248
20230704093003690,6.69,6.81,6.72375968992248
20230704093003720,6.69,6.81,6.72375968992248
20230704093003730,6.69,6.81,6.72375968992248
20230704093003750,6.69,6.74,6.7233680555555555
20230704093003760,6.69,6.74,6.7233680555555555
20230704093003830,6.69,6.74,6.7233680555555555
20230704093003850,6.69,6.74,6.723333333333334
20230704093003870,6.69,6.74,6.723333333333334
20230704093003890,6.69,6.74,6.723333333333334
20230704093003900,6.69,6.74,6.723333333333334
20230704093003920,6.69,6.74,6.723333333333334
20230704093003930,6.69,6.74,6.723333333333334
20230704093003960,6.69,6.74,6.723333333333334
20230704093004020,6.69,6.74,6.723333333333334
20230704093004040,6.69,6.74,6.723333333333334
20230704093004050,6.69,6.74,6.723333333333334
20230704093004070,6.69,6.74,6.723333333333334
20230704093004080,6.69,6.74,6.723333333333334
20230704093004110,6.69,6.74,6.723333333333334
20230704093004130,6.69,6.74,6.720898876404495
20230704093004140,6.69,6.74,6.719451697127937
20230704093004150,6.69,6.74,6.719451697127937
20230704093004160,6.69,6.74,6.719451697127937
20230704093004210,6.69,6.74,6.719451697127937
20230704093004220,6.69,6.74,6.719234693877551
20230704093004260,6.69,6.74,6.719234693877551
20230704093004270,6.69,6.74,6.719234693877551
20230704093004300,6.69,6.74,6.719234693877551
20230704093004420,6.69,6.74,6.719234693877551
20230704093006370,6.69,6.74,6.719234693877551
20230704093006430,6.69,6.74,6.719234693877551
20230704093006490,6.69,6.74,6.719211195928753
20230704093006540,6.69,6.74,6.719211195928753
20230704093006700,6.69,6.74,6.719211195928753
20230704093006750,6.69,6.74,6.719211195928753
20230704093006800,6.69,6.74,6.719211195928753
20230704093006840,6.69,6.74,6.719211195928753
20230704093006850,6.69,6.74,6.719211195928753
20230704093006890,6.69,6.74,6.719211195928753
20230704093006980,6.69,6.74,6.719211195928753
20230704093007110,6.7,6.74,6.710973837209302
20230704093007120,6.7,6.74,6.710973837209302
20230704093007130,6.7,6.74,6.710973837209302
20230704093007140,6.7,6.74,6.70822440087146
20230704093007150,6.7,6.74,6.708153347732181
20230704093007160,6.7,6.74,6.707930672268907
20230704093007180,6.7,6.74,6.707930672268907
20230704093007190,6.7,6.74,6.707930672268907
20230704093007310,6.7,6.74,6.707930672268907
20230704093007330,6.7,6.74,6.707930672268907
20230704093007360,6.7,6.74,6.707922350472193
20230704093007440,6.7,6.74,6.707922350472193
20230704093007570,6.7,6.74,6.707922350472193
20230704093007630,6.7,6.74,6.707914046121593
20230704093007800,6.7,6.74,6.707914046121593
20230704093007810,6.7,6.74,6.707914046121593
20230704093008050,6.7,6.74,6.707807652533609
20230704093008080,6.7,6.74,6.707807652533609
20230704093008120,6.7,6.74,6.707807652533609
20230704093008170,6.7,6.74,6.707807652533609
20230704093008390,6.7,6.74,6.707807652533609
20230704093008570,6.7,6.74,6.707749229188078
20230704093008710,6.7,6.74,6.707749229188078
20230704093008750,6.7,6.74,6.707749229188078
20230704093012390,6.7,6.74,6.707749229188078
20230704093012630,6.7,6.74,6.707749229188078
20230704093012650,6.7,6.74,6.707749229188078
20230704093012830,6.7,6.74,6.707749229188078
20230704093013100,6.7,6.74,6.707749229188078
20230704093013570,6.7,6.74,6.707616161616162
20230704093013660,6.7,6.74,6.707555110220441
20230704093014000,6.7,6.74,6.707555110220441
20230704093014040,6.7,6.74,6.707555110220441
20230704093014200,6.7,6.74,6.705504424778761
20230704093014240,6.7,6.74,6.705504424778761
20230704093014310,6.7,6.74,6.705504424778761
20230704093014890,6.7,6.74,6.705504424778761
20230704093017250,6.7,6.74,6.705490716180371
20230704093017510,6.7,6.74,6.705490716180371
20230704093017570,6.7,6.74,6.705490716180371
20230704093017700,6.7,6.74,6.705490716180371
20230704093017730,6.7,6.74,6.705490716180371
20230704093017910,6.7,6.74,6.705490716180371
20230704093018160,6.7,6.74,6.705490716180371
20230704093018260,6.7,6.74,6.705395430579965
20230704093018350,6.7,6.74,6.7053859649122804
20230704093018400,6.7,6.74,6.7053859649122804
20230704093020160,6.7,6.74,6.7053859649122804
20230704093020650,6.7,6.74,6.7053859649122804
20230704093020780,6.7,6.74,6.7053859649122804
20230704093020790,6.7,6.74,6.7053859649122804
20230704093021210,6.7,6.74,6.7053859649122804
20230704093022660,6.7,6.69,6.7053859649122804
20230704093022690,6.7,6.69,6.7053859649122804
20230704093022740,6.7,6.69,6.7053859649122804
20230704093022770,6.7,6.69,6.705142378559464
20230704093022790,6.7,6.69,6.7051380753138075
20230704093022830,6.7,6.69,6.705129490392649
20230704093023020,6.7,6.69,6.705129490392649
20230704093023030,6.7,6.69,6.705129490392649
20230704093023100,6.7,6.69,6.705125208681135
20230704093023150,6.7,6.69,6.705125208681135
20230704093023250,6.7,6.69,6.705125208681135
20230704093023270,6.7,6.69,6.705125208681135
20230704093023380,6.7,6.69,6.705125208681135
20230704093023510,6.7,6.69,6.7051209341117595
20230704093025410,6.7,6.69,6.7051209341117595
20230704093025550,6.7,6.69,6.7051209341117595
20230704093025560,6.7,6.69,6.704958745874587
20230704093025620,6.7,6.69,6.704909539473684
20230704093025690,6.7,6.69,6.704909539473684
20230704093025760,6.7,6.69,6.704909539473684
20230704093025780,6.7,6.69,6.704909539473684
20230704093025910,6.7,6.69,6.704909539473684
20230704093025950,6.7,6.69,6.704909539473684
20230704093026080,6.7,6.69,6.70440031771247
20230704093026090,6.7,6.69,6.704241948153967
20230704093026110,6.7,6.69,6.704241948153967
20230704093026130,6.7,6.69,6.704241948153967
20230704093026140,6.7,6.69,6.704241948153967
20230704093026230,6.7,6.69,6.704241948153967
20230704093026470,6.7,6.69,6.702857142857143
20230704093026520,6.7,6.69,6.702857142857143
20230704093028080,6.7,6.69,6.702740014015417
20230704093028090,6.7,6.69,6.702242424242424
20230704093028100,6.7,6.69,6.702144288577155
20230704093028130,6.7,6.69,6.702144288577155
20230704093028150,6.7,6.69,6.702103861517976
20230704093028180,6.7,6.69,6.702103861517976
20230704093028190,6.7,6.69,6.702007926023778
20230704093028210,6.7,6.69,6.702007926023778
20230704093028890,6.7,6.69,6.702007926023778
20230704093029060,6.7,6.69,6.70167770419426
20230704093029070,6.7,6.69,6.70167770419426
20230704093029080,6.7,6.69,6.70167770419426
20230704093029230,6.7,6.69,6.70167770419426
20230704093029280,6.7,6.69,6.70167770419426
20230704093029300,6.7,6.69,6.701669421487603
20230704093030800,6.7,6.69,6.701669421487603
20230704093031070,6.7,6.69,6.701667583929554
20230704093031080,6.7,6.69,6.7016575492341355
20230704093031100,6.7,6.7,6.7016575492341355
20230704093031110,6.7,6.7,6.7016575492341355
20230704093031200,6.7,6.7,6.7016575492341355
20230704093031440,6.7,6.7,6.7016575492341355
20230704093031540,6.71,6.69,6.701568938193344
20230704093031790,6.7,6.69,6.701568109820486
20230704093031800,6.7,6.69,6.701568109820486
20230704093033470,6.7,6.7,6.701568109820486
20230704093033650,6.7,6.7,6.701568109820486
20230704093033880,6.7,6.7,6.701572559366754
20230704093033890,6.7,6.7,6.701577004219409
20230704093033900,6.7,6.7,6.701577004219409
20230704093033910,6.7,6.7,6.701577004219409
20230704093033930,6.7,6.7,6.701577004219409
20230704093033940,6.7,6.7,6.701577004219409
20230704093033950,6.7,6.7,6.701577004219409
20230704093033980,6.7,6.7,6.701577004219409
20230704093034060,6.71,6.7,6.701577004219409
20230704093034070,6.71,6.7,6.701577004219409
20230704093034080,6.71,6.7,6.7027110908261065
20230704093034090,6.71,6.71,6.7027110908261065
20230704093034100,6.71,6.71,6.7027110908261065
20230704093034110,6.71,6.71,6.7027110908261065
20230704093034120,6.71,6.71,6.7027110908261065
20230704093034130,6.71,6.71,6.7027110908261065
20230704093034140,6.71,6.71,6.7027110908261065
20230704093034170,6.71,6.71,6.7027110908261065
20230704093034180,6.71,6.71,6.7027110908261065
20230704093034190,6.71,6.71,6.7027110908261065
20230704093034210,6.71,6.71,6.7027110908261065
20230704093034220,6.71,6.71,6.703080337328007
20230704093034230,6.71,6.71,6.703080337328007
20230704093034250,6.71,6.71,6.703080337328007
20230704093034280,6.71,6.71,6.703080337328007
20230704093034310,6.71,6.71,6.703080337328007
20230704093034330,6.71,6.71,6.703080337328007
20230704093034530,6.71,6.71,6.703080337328007
20230704093034540,6.71,6.71,6.703080337328007
20230704093034550,6.71,6.71,6.703080337328007
20230704093034580,6.71,6.71,6.703080337328007
20230704093036170,6.71,6.71,6.703080337328007
20230704093036190,6.71,6.71,6.703080337328007
20230704093036260,6.71,6.71,6.703080337328007
20230704093036280,6.71,6.71,6.703080337328007
20230704093036290,6.71,6.71,6.703184825760918
20230704093036300,6.71,6.71,6.703184825760918
20230704093036390,6.71,6.71,6.703184825760918
20230704093036460,6.71,6.71,6.703184825760918
20230704093036750,6.71,6.71,6.703288209606987
20230704093036780,6.71,6.71,6.703288209606987
20230704093037070,6.71,6.71,6.703288209606987
20230704093037080,6.71,6.72,6.703302792321117
20230704093037090,6.71,6.72,6.703302792321117
20230704093037250,6.71,6.72,6.703302792321117
20230704093037300,6.71,6.72,6.703302792321117
20230704093037320,6.71,6.72,6.703302792321117
20230704093037330,6.71,6.72,6.703302792321117
20230704093037350,6.71,6.72,6.703302792321117
20230704093037380,6.71,6.72,6.703302792321117
20230704093037390,6.71,6.72,6.703302792321117
20230704093039080,6.71,6.72,6.7034686825054
20230704093039140,6.71,6.72,6.7034686825054
20230704093039150,6.71,6.72,6.7034686825054
20230704093039160,6.71,6.72,6.7034686825054
20230704093039250,6.71,6.72,6.7034686825054
20230704093039300,6.71,6.72,6.7034686825054
20230704093039350,6.71,6.72,6.7034686825054
20230704093039490,6.71,6.72,6.7034686825054
20230704093039980,6.71,6.72,6.7034686825054
20230704093040040,6.71,6.72,6.7034686825054
20230704093040060,6.71,6.72,6.7034686825054
20230704093040070,6.71,6.72,6.703818181818182
20230704093040090,6.71,6.72,6.703818181818182
20230704093040100,6.71,6.72,6.703818181818182
20230704093041570,6.71,6.72,6.703818181818182
20230704093041720,6.71,6.72,6.703818181818182
20230704093041850,6.71,6.72,6.703818181818182
20230704093042050,6.71,6.72,6.703818181818182
20230704093042070,6.71,6.72,6.703818181818182
20230704093042100,6.71,6.72,6.703818181818182
20230704093042210,6.71,6.72,6.703818181818182
20230704093042220,6.71,6.72,6.703818181818182
20230704093042290,6.71,6.72,6.703818181818182
20230704093042550,6.71,6.72,6.703818181818182
20230704093042570,6.71,6.72,6.703818181818182
20230704093042590,6.71,6.72,6.703818181818182
20230704093042760,6.71,6.72,6.703818181818182
20230704093044300,6.71,6.72,6.703818181818182
20230704093044340,6.71,6.72,6.703818181818182
20230704093044910,6.71,6.72,6.703818181818182
20230704093045060,6.71,6.72,6.703818181818182
20230704093045270,6.71,6.72,6.703818181818182
20230704093045310,6.71,6.72,6.703818181818182
20230704093045350,6.71,6.72,6.703818181818182
20230704093045390,6.71,6.72,6.703818181818182
20230704093045400,6.71,6.72,6.703818181818182
20230704093045410,6.71,6.72,6.703818181818182
20230704093045420,6.71,6.72,6.703818181818182
20230704093045430,6.71,6.72,6.703818181818182
20230704093047280,6.71,6.72,6.703818181818182
20230704093047350,6.71,6.78,6.703818181818182
20230704093047360,6.71,6.78,6.703818181818182
20230704093047380,6.71,6.78,6.703818181818182
20230704093047390,6.71,6.78,6.703818181818182
20230704093047400,6.71,6.78,6.703818181818182
20230704093047420,6.71,6.78,6.703818181818182
20230704093047670,6.71,6.78,6.703818181818182
20230704093047770,6.71,6.78,6.703818181818182
20230704093047780,6.71,6.78,6.703818181818182
20230704093048000,6.71,6.78,6.703818181818182
20230704093048090,6.71,6.78,6.703818181818182
20230704093048180,6.71,6.78,6.703818181818182
20230704093049770,6.71,6.78,6.703818181818182
20230704093049830,6.71,6.78,6.703818181818182
20230704093050160,6.71,6.78,6.703818181818182
20230704093050170,6.71,6.78,6.703818181818182
20230704093050210,6.71,6.78,6.703818181818182
20230704093050230,6.71,6.78,6.703818181818182
20230704093050250,6.71,6.78,6.703818181818182
20230704093050340,6.71,6.78,6.703818181818182
20230704093050840,6.71,6.78,6.703818181818182
20230704093052360,6.71,6.78,6.703818181818182
20230704093052770,6.71,6.78,6.703818181818182
20230704093052790,6.71,6.78,6.703818181818182
20230704093052950,6.71,6.78,6.703818181818182
20230704093053030,6.71,6.78,6.703818181818182
20230704093053110,6.71,6.72,6.703818181818182
20230704093053270,6.71,6.72,6.703818181818182
20230704093053310,6.71,6.72,6.703818181818182
20230704093053520,6.71,6.72,6.703818181818182
20230704093053550,6.71,6.72,6.703818181818182
20230704093053560,6.71,6.72,6.703818181818182
20230704093055080,6.71,6.72,6.703818181818182
20230704093055100,6.71,6.72,6.703818181818182
20230704093055260,6.71,6.72,6.703818181818182
20230704093055300,6.71,6.72,6.703818181818182
20230704093055770,6.71,6.72,6.703818181818182
20230704093055890,6.71,6.72,6.7045684039087945
20230704093055910,6.71,6.72,6.7045684039087945
20230704093055940,6.71,6.72,6.7045684039087945
20230704093056070,6.71,6.72,6.7045684039087945
20230704093056130,6.71,6.72,6.704591297275315
20230704093056160,6.71,6.72,6.704591297275315
20230704093056240,6.71,6.72,6.704591297275315
20230704093057810,6.71,6.72,6.704591297275315
20230704093057990,6.71,6.72,6.704591297275315
20230704093058030,6.71,6.72,6.704591297275315
20230704093058090,6.71,6.72,6.704591297275315
20230704093058320,6.71,6.72,6.704591297275315
20230704093058570,6.71,6.72,6.704591297275315
20230704093058590,6.71,6.72,6.704591297275315
20230704093058680,6.71,6.72,6.704591297275315
20230704093058770,6.71,6.72,6.704591297275315
20230704093058920,6.71,6.72,6.704591297275315
20230704093100500,6.71,6.72,6.704591297275315
20230704093100600,6.71,6.72,6.704591297275315
20230704093100660,6.71,6.72,6.7065328330206375
20230704093100950,6.71,6.72,6.7065328330206375
20230704093101070,6.71,6.72,6.7065328330206375
20230704093101080,6.71,6.72,6.7065328330206375
20230704093101210,6.71,6.72,6.7065328330206375
20230704093103230,6.71,6.72,6.7065328330206375
20230704093103280,6.71,6.72,6.7065328330206375
20230704093103320,6.71,6.72,6.7065328330206375
20230704093103350,6.71,6.72,6.7065328330206375
20230704093103360,6.71,6.72,6.7065328330206375
20230704093103380,6.71,6.72,6.7065328330206375
20230704093103390,6.71,6.72,6.7065328330206375
20230704093103400,6.71,6.72,6.7065328330206375
20230704093103600,6.71,6.72,6.7065328330206375
20230704093103680,6.71,6.72,6.7065328330206375
20230704093104060,6.71,6.72,6.7065328330206375
20230704093104080,6.71,6.72,6.7065328330206375
20230704093104170,6.71,6.72,6.706675334323923
20230704093104190,6.71,6.72,6.706692650334076
20230704093106040,6.71,6.73,6.7069069510849575
20230704093106050,6.71,6.73,6.7069069510849575
20230704093106060,6.71,6.73,6.7069069510849575
20230704093106080,6.71,6.73,6.7069069510849575
20230704093106270,6.71,6.73,6.7069069510849575
20230704093106280,6.71,6.73,6.7069069510849575
20230704093106320,6.71,6.73,6.7069069510849575
20230704093106340,6.71,6.73,6.7069069510849575
20230704093106350,6.71,6.73,6.7069069510849575
20230704093106360,6.71,6.73,6.7069069510849575
20230704093106370,6.71,6.73,6.7069069510849575
20230704093106380,6.71,6.73,6.7069069510849575
20230704093106410,6.71,6.73,6.7069069510849575
20230704093106430,6.71,6.73,6.706949339207048
20230704093106610,6.71,6.73,6.706957798165138
20230704093106670,6.71,6.73,6.706957798165138
20230704093106680,6.71,6.73,6.706957798165138
20230704093106700,6.72,6.72,6.7077827741266
20230704093106710,6.72,6.72,6.7077827741266
20230704093106750,6.72,6.72,6.7077827741266
20230704093106890,6.72,6.72,6.707851724137931
20230704093106910,6.72,6.72,6.707851724137931
20230704093106920,6.72,6.72,6.707905056759546
20230704093106990,6.72,6.72,6.707905056759546
20230704093107060,6.72,6.72,6.707927835051547
20230704093107080,6.72,6.72,6.707960233116215
20230704093108590,6.72,6.72,6.707960233116215
20230704093108660,6.72,6.72,6.707960233116215
20230704093109070,6.72,6.72,6.707960233116215
20230704093109140,6.72,6.72,6.707960233116215
20230704093109370,6.72,6.72,6.707960233116215
20230704093109440,6.72,6.72,6.707960233116215
20230704093109490,6.72,6.72,6.707960233116215
20230704093111270,6.72,6.72,6.707960233116215
20230704093111390,6.72,6.72,6.707960233116215
20230704093111550,6.72,6.72,6.707960233116215
20230704093112060,6.72,6.72,6.707960233116215
20230704093112350,6.72,6.72,6.707960233116215
20230704093112360,6.72,6.72,6.707975334018499
20230704093113930,6.72,6.72,6.707975334018499
20230704093113940,6.72,6.72,6.7082799325463744
20230704093113950,6.72,6.72,6.7082799325463744
20230704093114070,6.72,6.72,6.7082799325463744
20230704093114130,6.72,6.72,6.7082799325463744
20230704093114290,6.72,6.72,6.7082872555630475
20230704093114370,6.72,6.72,6.7082872555630475
20230704093114410,6.72,6.72,6.7082872555630475
20230704093114540,6.72,6.72,6.7082872555630475
20230704093115040,6.72,6.72,6.7082872555630475
20230704093115160,6.73,6.73,6.7085975407111995
20230704093117730,6.73,6.73,6.7085975407111995
20230704093117790,6.73,6.73,6.7085975407111995
20230704093122090,6.73,6.73,6.7085975407111995
20230704093122420,6.73,6.73,6.7085975407111995
20230704093122430,6.73,6.73,6.7085975407111995
20230704093122470,6.73,6.73,6.7085975407111995
20230704093122840,6.73,6.73,6.7085975407111995
20230704093122900,6.73,6.73,6.7085975407111995
20230704093124810,6.73,6.73,6.7085975407111995
20230704093124850,6.73,6.73,6.7085975407111995
20230704093125080,6.73,6.73,6.7085975407111995
20230704093125220,6.73,6.73,6.7085975407111995
20230704093125610,6.73,6.73,6.7085975407111995
20230704093125760,6.73,6.73,6.708668433256045
20230704093125800,6.73,6.73,6.708668433256045
20230704093127590,6.73,6.73,6.708668433256045
20230704093127830,6.73,6.73,6.708668433256045
20230704093127860,6.73,6.73,6.708668433256045
20230704093128240,6.73,6.73,6.708668433256045
20230704093128380,6.73,6.73,6.708668433256045
20230704093130300,6.73,6.73,6.708668433256045
20230704093130370,6.73,6.73,6.708668433256045
20230704093130430,6.73,6.73,6.708668433256045
20230704093130930,6.73,6.73,6.708668433256045
20230704093131170,6.73,6.73,6.708668433256045
20230704093131380,6.73,6.73,6.708668433256045
20230704093132940,6.73,6.73,6.708668433256045
20230704093132970,6.73,6.73,6.708668433256045
20230704093133440,6.73,6.73,6.708668433256045
20230704093133460,6.73,6.73,6.708668433256045
20230704093136100,6.73,6.73,6.708668433256045
20230704093136260,6.73,6.73,6.708668433256045
20230704093136770,6.73,6.73,6.708668433256045
20230704093136800,6.73,6.73,6.708668433256045
20230704093138340,6.73,6.73,6.708668433256045
20230704093138510,6.73,6.73,6.708668433256045
20230704093139160,6.73,6.73,6.7087388577088145
20230704093139450,6.73,6.73,6.7087388577088145
20230704093141640,6.73,6.73,6.7087388577088145
20230704093142030,6.73,6.73,6.7087388577088145
20230704093143940,6.73,6.73,6.7087388577088145
20230704093143950,6.73,6.73,6.709076973255056
20230704093143990,6.73,6.73,6.709076973255056
20230704093144190,6.73,6.73,6.709076973255056
20230704093144530,6.73,6.73,6.709076973255056
20230704093146370,6.73,6.73,6.709076973255056
20230704093146860,6.73,6.73,6.709076973255056
20230704093146890,6.73,6.73,6.709076973255056
20230704093147010,6.73,6.73,6.709076973255056
20230704093147040,6.73,6.73,6.709076973255056
20230704093147050,6.73,6.73,6.709076973255056
20230704093147120,6.73,6.73,6.709076973255056
20230704093147190,6.73,6.73,6.709076973255056
20230704093147200,6.73,6.73,6.709815345431391
20230704093147210,6.73,6.73,6.710053695514845
20230704093147240,6.73,6.73,6.710297619047619
20230704093147410,6.73,6.73,6.710297619047619
20230704093147490,6.73,6.73,6.710297619047619
20230704093149070,6.73,6.73,6.710737654320988
20230704093149090,6.73,6.73,6.710737654320988
20230704093149170,6.73,6.73,6.710737654320988
20230704093149280,6.73,6.73,6.71107425441266
20230704093149290,6.73,6.73,6.71107425441266
20230704093149590,6.73,6.73,6.71107425441266
20230704093149600,6.73,6.73,6.71107425441266
20230704093149610,6.73,6.73,6.71107425441266
20230704093149650,6.73,6.73,6.71107425441266
20230704093149670,6.73,6.73,6.71107425441266
20230704093149680,6.73,6.73,6.711091517178474
20230704093149800,6.73,6.73,6.711091517178474
20230704093149870,6.73,6.73,6.711091517178474
20230704093149950,6.73,6.73,6.711091517178474
20230704093150070,6.73,6.73,6.711091517178474
20230704093150130,6.73,6.73,6.711091517178474
20230704093150150,6.73,6.73,6.711228493812254
20230704093151750,6.73,6.73,6.711228493812254
20230704093151760,6.73,6.73,6.711228493812254
20230704093151950,6.73,6.73,6.711228493812254
20230704093152070,6.73,6.73,6.711452530697814
20230704093152090,6.73,6.73,6.711461077844311
20230704093152100,6.73,6.73,6.711461077844311
20230704093152130,6.73,6.73,6.711461077844311
20230704093152230,6.73,6.73,6.711461077844311
20230704093154790,6.73,6.73,6.711461077844311
20230704093154810,6.73,6.73,6.711461077844311
20230704093155070,6.73,6.73,6.711461077844311
20230704093155100,6.73,6.73,6.711461077844311
20230704093155350,6.73,6.73,6.711461077844311
20230704093155450,6.73,6.73,6.711461077844311
20230704093155480,6.73,6.73,6.711461077844311
20230704093155680,6.73,6.73,6.711461077844311
20230704093157800,6.73,6.73,6.711461077844311
20230704093157830,6.73,6.73,6.711461077844311
20230704093157960,6.73,6.73,6.711461077844311
20230704093158070,6.73,6.73,6.711461077844311
20230704093159930,6.73,6.73,6.711461077844311
20230704093200240,6.73,6.73,6.711461077844311
20230704093200300,6.73,6.73,6.711461077844311
20230704093200320,6.73,6.73,6.711461077844311
20230704093200590,6.73,6.73,6.711461077844311
20230704093200640,6.73,6.73,6.711461077844311
20230704093200700,6.73,6.73,6.711461077844311
20230704093200870,6.73,6.73,6.711461077844311
20230704093202890,6.73,6.73,6.711461077844311
20230704093203420,6.73,6.73,6.711461077844311
20230704093203520,6.73,6.73,6.711461077844311
20230704093203790,6.73,6.73,6.711461077844311
20230704093205830,6.73,6.73,6.711461077844311
20230704093205850,6.73,6.73,6.711461077844311
20230704093205870,6.73,6.73,6.711461077844311
20230704093206110,6.73,6.73,6.711461077844311
20230704093206250,6.73,6.73,6.711461077844311
20230704093208180,6.73,6.73,6.71160119047619
20230704093208190,6.73,6.73,6.71160119047619
20230704093208210,6.73,6.73,6.71160119047619
20230704093208960,6.73,6.73,6.71160119047619
20230704093208980,6.73,6.73,6.71160119047619
20230704093208990,6.73,6.73,6.71160119047619
20230704093209140,6.73,6.73,6.71160119047619
20230704093210850,6.73,6.73,6.711870967741936
20230704093210930,6.73,6.73,6.711870967741936
20230704093211030,6.73,6.73,6.711870967741936
20230704093211250,6.73,6.73,6.711886903017873
20230704093211630,6.73,6.73,6.711886903017873
20230704093211640,6.73,6.73,6.711886903017873
20230704093213680,6.73,6.73,6.711886903017873
20230704093213780,6.73,6.73,6.711886903017873
20230704093213820,6.73,6.73,6.711886903017873
20230704093214000,6.73,6.73,6.711886903017873
20230704093216450,6.73,6.73,6.711886903017873
20230704093216460,6.73,6.73,6.711886903017873
20230704093216630,6.73,6.73,6.711886903017873
20230704093218960,6.73,6.73,6.711886903017873
20230704093218990,6.73,6.73,6.711886903017873
20230704093219060,6.73,6.73,6.711886903017873
20230704093219070,6.73,6.73,6.711886903017873
20230704093219080,6.73,6.73,6.711886903017873
20230704093219360,6.73,6.73,6.711886903017873
20230704093219680,6.73,6.73,6.711886903017873
20230704093219730,6.74,6.73,6.712308802308803
20230704093219840,6.74,6.73,6.712308802308803
20230704093219930,6.74,6.73,6.712308802308803
20230704093221530,6.74,6.73,6.712308802308803
20230704093221720,6.74,6.73,6.712308802308803
20230704093221750,6.74,6.73,6.712308802308803
20230704093222040,6.74,6.73,6.712308802308803
20230704093222240,6.74,6.73,6.712420418698021
20230704093222250,6.74,6.73,6.712420418698021
20230704093222620,6.74,6.73,6.712420418698021
20230704093222690,6.74,6.73,6.712420418698021
20230704093224540,6.74,6.73,6.712420418698021
20230704093226930,6.74,6.73,6.712420418698021
20230704093227070,6.74,6.73,6.712420418698021
20230704093227180,6.74,6.73,6.712420418698021
20230704093227830,6.74,6.73,6.712420418698021
20230704093227860,6.74,6.73,6.712420418698021
20230704093229580,6.74,6.73,6.712420418698021
20230704093229650,6.74,6.73,6.712420418698021
20230704093229700,6.74,6.73,6.712420418698021
20230704093229750,6.74,6.73,6.712420418698021
20230704093230430,6.74,6.73,6.712420418698021
20230704093230560,6.74,6.73,6.712420418698021
20230704093230710,6.74,6.73,6.712420418698021
20230704093232990,6.74,6.73,6.712420418698021
20230704093233000,6.74,6.73,6.712420418698021
20230704093233010,6.74,6.73,6.712420418698021
20230704093233030,6.74,6.73,6.712420418698021
20230704093233230,6.74,6.73,6.712540586727428
20230704093233240,6.74,6.73,6.712540586727428
20230704093233300,6.74,6.73,6.712540586727428
20230704093235040,6.74,6.73,6.712540586727428
20230704093235430,6.74,6.73,6.712555492316448
20230704093235540,6.74,6.73,6.712612765957447
20230704093235920,6.74,6.73,6.712612765957447
20230704093236110,6.74,6.73,6.712612765957447
20230704093237660,6.74,6.73,6.712713397399661
20230704093238040,6.74,6.73,6.712874402922169
20230704093238050,6.74,6.73,6.712927650028043
20230704093238070,6.74,6.73,6.713456145174595
20230704093238160,6.74,6.73,6.713478021978022
20230704093238290,6.74,6.73,6.713478021978022
20230704093238450,6.74,6.73,6.713478021978022
20230704093238640,6.74,6.73,6.713478021978022
20230704093238690,6.74,6.73,6.713478021978022
20230704093238780,6.74,6.73,6.713543436557961
20230704093238880,6.74,6.73,6.713547945205479
20230704093240690,6.74,6.73,6.713547945205479
20230704093240910,6.74,6.73,6.713547945205479
20230704093241040,6.74,6.73,6.713547945205479
20230704093241100,6.74,6.74,6.713547945205479
20230704093241140,6.74,6.74,6.713834688346884
20230704093241150,6.74,6.74,6.713841777296126
20230704093241170,6.74,6.74,6.7138488624052
20230704093241190,6.74,6.74,6.713855943677228
20230704093241210,6.74,6.74,6.713855943677228
20230704093241330,6.74,6.74,6.713863021115322
20230704093241350,6.74,6.74,6.713870094722598
20230704093241360,6.74,6.74,6.713870094722598
20230704093243080,6.74,6.74,6.7140666129465485
20230704093244260,6.74,6.74,6.714108340037543
20230704093246080,6.74,6.74,6.714108340037543
20230704093246100,6.74,6.74,6.714108340037543
20230704093246570,6.74,6.74,6.714108340037543
20230704093246580,6.74,6.74,6.714108340037543
20230704093246640,6.74,6.74,6.714108340037543
20230704093248600,6.74,6.74,6.714108340037543
20230704093248680,6.74,6.74,6.714108340037543
20230704093248730,6.74,6.74,6.714108340037543
20230704093249080,6.74,6.74,6.714108340037543
20230704093249100,6.74,6.74,6.714108340037543
20230704093249110,6.74,6.74,6.714108340037543
20230704093249140,6.74,6.74,6.714108340037543
20230704093249230,6.74,6.74,6.714108340037543
20230704093249240,6.74,6.74,6.714108340037543
20230704093249390,6.74,6.74,6.714108340037543
20230704093251430,6.74,6.74,6.714108340037543
20230704093251460,6.74,6.74,6.714108340037543
20230704093251980,6.74,6.74,6.714108340037543
20230704093252070,6.74,6.74,6.714108340037543
20230704093252080,6.74,6.74,6.714108340037543
20230704093252110,6.74,6.74,6.714108340037543
20230704093252340,6.74,6.74,6.714108340037543
20230704093254490,6.74,6.74,6.714108340037543
20230704093257030,6.74,6.74,6.714108340037543
20230704093257160,6.74,6.73,6.714108340037543
20230704093257270,6.74,6.73,6.714108340037543
20230704093257760,6.74,6.73,6.714108340037543
20230704093259540,6.74,6.73,6.714108340037543
20230704093259740,6.74,6.73,6.714108340037543
20230704093300180,6.74,6.73,6.714108340037543
20230704093300480,6.74,6.73,6.714108340037543
20230704093302010,6.74,6.73,6.714108340037543
20230704093302040,6.74,6.73,6.714108340037543
20230704093302080,6.74,6.73,6.714108340037543
20230704093302740,6.74,6.73,6.714108340037543
20230704093302750,6.74,6.73,6.714108340037543
20230704093302920,6.74,6.73,6.714108340037543
20230704093303110,6.74,6.73,6.714108340037543
20230704093304990,6.74,6.73,6.714108340037543
20230704093307330,6.74,6.73,6.714108340037543
20230704093307820,6.74,6.73,6.714108340037543
20230704093308040,6.74,6.73,6.714108340037543
20230704093308240,6.74,6.73,6.714108340037543
20230704093310090,6.74,6.73,6.714108340037543
20230704093310300,6.74,6.73,6.714108340037543
20230704093310450,6.74,6.73,6.714108340037543
20230704093310490,6.74,6.73,6.714108340037543
20230704093312830,6.74,6.73,6.714108340037543
20230704093312930,6.74,6.73,6.714108340037543
20230704093313090,6.74,6.73,6.714108340037543
20230704093313740,6.74,6.73,6.714108340037543
20230704093313830,6.74,6.73,6.714108340037543
20230704093315760,6.74,6.73,6.714108340037543
20230704093315790,6.74,6.73,6.714108340037543
20230704093316230,6.74,6.73,6.714108340037543
20230704093318300,6.74,6.73,6.714108340037543
20230704093318440,6.74,6.73,6.714108340037543
20230704093318560,6.74,6.73,6.714108340037543
20230704093318800,6.74,6.73,6.714108340037543
20230704093319020,6.74,6.73,6.714108340037543
20230704093319070,6.74,6.73,6.714108340037543
20230704093319080,6.74,6.73,6.714108340037543
20230704093320900,6.74,6.73,6.714108340037543
20230704093320930,6.74,6.73,6.714108340037543
20230704093321330,6.74,6.73,6.714108340037543
20230704093321380,6.74,6.73,6.714108340037543
20230704093321760,6.74,6.73,6.714108340037543
20230704093321900,6.74,6.73,6.714108340037543
20230704093321930,6.74,6.73,6.714108340037543
20230704093322070,6.74,6.73,6.714108340037543
20230704093322080,6.74,6.73,6.714108340037543
20230704093322090,6.74,6.73,6.717740160812526
20230704093324100,6.74,6.73,6.717740160812526
20230704093326570,6.74,6.74,6.717740160812526
20230704093326580,6.74,6.74,6.717740160812526
20230704093326590,6.74,6.74,6.717740160812526
20230704093326620,6.74,6.74,6.717740160812526
20230704093326640,6.74,6.74,6.717740160812526
20230704093328930,6.74,6.74,6.717740160812526
20230704093328940,6.74,6.74,6.7179705882352945
20230704093329060,6.74,6.74,6.7179705882352945
20230704093329080,6.74,6.74,6.7179705882352945
20230704093329140,6.74,6.74,6.7179705882352945
20230704093329200,6.74,6.74,6.7179705882352945
20230704093329530,6.74,6.74,6.7180444351289035
20230704093329730,6.74,6.74,6.7180444351289035
20230704093330080,6.74,6.74,6.7180444351289035
20230704093332120,6.74,6.74,6.7180444351289035
20230704093332750,6.74,6.74,6.7180444351289035
20230704093334350,6.74,6.74,6.7180444351289035
20230704093334710,6.74,6.74,6.7180444351289035
20230704093334850,6.74,6.74,6.7180444351289035
20230704093335120,6.74,6.74,6.7180444351289035
20230704093337190,6.74,6.74,6.7180444351289035
20230704093337260,6.74,6.73,6.718397607754176
20230704093337380,6.74,6.73,6.718397607754176
20230704093337400,6.74,6.73,6.718554167519967
20230704093337520,6.74,6.73,6.718554167519967
20230704093337970,6.74,6.73,6.718554167519967
20230704093340100,6.74,6.73,6.718554167519967
20230704093340330,6.74,6.73,6.718554167519967
20230704093340400,6.74,6.74,6.718554167519967
20230704093340490,6.74,6.74,6.718554167519967
20230704093342740,6.74,6.74,6.718554167519967
20230704093343070,6.74,6.74,6.718554167519967
20230704093343290,6.74,6.74,6.718623647130896
20230704093343330,6.74,6.74,6.718623647130896
20230704093343470,6.74,6.74,6.718623647130896
20230704093346170,6.74,6.74,6.718623647130896
20230704093346190,6.74,6.74,6.718623647130896
20230704093347900,6.74,6.74,6.718623647130896
20230704093348910,6.74,6.74,6.718623647130896
20230704093348980,6.74,6.74,6.718623647130896
20230704093349010,6.74,6.74,6.718623647130896
20230704093350870,6.74,6.74,6.718623647130896
20230704093351470,6.74,6.74,6.718623647130896
20230704093351540,6.74,6.74,6.718623647130896
20230704093351560,6.74,6.74,6.718623647130896
20230704093351580,6.74,6.74,6.718623647130896
20230704093351600,6.74,6.74,6.718623647130896
20230704093351610,6.74,6.74,6.718623647130896
20230704093353790,6.74,6.74,6.718623647130896
20230704093354150,6.74,6.74,6.718623647130896
20230704093354270,6.74,6.74,6.718623647130896
20230704093354420,6.74,6.74,6.718623647130896
20230704093354460,6.74,6.74,6.718623647130896
20230704093356200,6.74,6.74,6.718623647130896
20230704093356580,6.74,6.74,6.718623647130896
20230704093359280,6.74,6.74,6.718623647130896
20230704093359320,6.74,6.74,6.718623647130896
20230704093359540,6.74,6.74,6.718623647130896
20230704093359560,6.74,6.74,6.718623647130896
20230704093401380,6.74,6.74,6.718623647130896
20230704093401430,6.74,6.74,6.718623647130896
20230704093401450,6.74,6.74,6.718623647130896
20230704093401530,6.74,6.74,6.718623647130896
20230704093401900,6.74,6.74,6.718623647130896
20230704093402060,6.74,6.74,6.718623647130896
20230704093402590,6.74,6.74,6.718623647130896
20230704093404040,6.74,6.74,6.718623647130896
20230704093404070,6.74,6.74,6.718623647130896
20230704093404080,6.74,6.74,6.718623647130896
20230704093404090,6.74,6.74,6.718623647130896
20230704093404490,6.74,6.74,6.718623647130896
20230704093404970,6.74,6.74,6.718623647130896
20230704093405010,6.74,6.74,6.718623647130896
20230704093405040,6.74,6.74,6.718623647130896
20230704093405120,6.74,6.74,6.718623647130896
20230704093407060,6.74,6.74,6.718623647130896
20230704093407090,6.74,6.74,6.718623647130896
20230704093407140,6.74,6.74,6.718623647130896
20230704093407290,6.74,6.74,6.718623647130896
20230704093407310,6.74,6.74,6.718623647130896
20230704093407530,6.74,6.74,6.718623647130896
20230704093407570,6.74,6.74,6.718623647130896
20230704093407860,6.74,6.74,6.718623647130896
20230704093407930,6.74,6.74,6.718623647130896
20230704093409700,6.74,6.74,6.718623647130896
20230704093410040,6.74,6.74,6.718623647130896
20230704093410210,6.74,6.74,6.718623647130896
20230704093410220,6.74,6.74,6.718623647130896
20230704093410240,6.74,6.74,6.720095182595182
20230704093410260,6.74,6.74,6.720095182595182
20230704093410510,6.74,6.74,6.720095182595182
20230704093410580,6.74,6.74,6.720095182595182
20230704093412350,6.74,6.74,6.720095182595182
20230704093412590,6.74,6.74,6.720095182595182
20230704093413230,6.74,6.74,6.720095182595182
20230704093413290,6.74,6.74,6.720095182595182
20230704093413300,6.74,6.74,6.720095182595182
20230704093414840,6.74,6.74,6.720095182595182
20230704093414870,6.74,6.74,6.720095182595182
20230704093415260,6.74,6.74,6.720095182595182
20230704093415790,6.74,6.74,6.720095182595182
20230704093416070,6.74,6.74,6.720095182595182
20230704093417580,6.74,6.74,6.720095182595182
20230704093417700,6.74,6.74,6.720095182595182
20230704093417880,6.74,6.73,6.7205553442373525
20230704093418120,6.74,6.73,6.720566432237217
20230704093418140,6.74,6.74,6.720566432237217
20230704093418400,6.74,6.74,6.720566432237217
20230704093418420,6.74,6.74,6.720566432237217
20230704093418430,6.74,6.74,6.720566432237217
20230704093418680,6.74,6.74,6.720566432237217
20230704093418740,6.74,6.74,6.720566432237217
20230704093420250,6.74,6.74,6.720566432237217
20230704093420310,6.74,6.74,6.720566432237217
20230704093420610,6.74,6.74,6.720566432237217
20230704093420710,6.74,6.74,6.720566432237217
20230704093423010,6.74,6.74,6.720566432237217
20230704093423480,6.74,6.74,6.720566432237217
20230704093423510,6.74,6.74,6.720566432237217
20230704093423570,6.74,6.74,6.720566432237217
20230704093423590,6.74,6.74,6.720566432237217
20230704093423820,6.74,6.74,6.720566432237217
20230704093424020,6.74,6.74,6.720566432237217
20230704093425840,6.74,6.74,6.720566432237217
20230704093425920,6.74,6.74,6.720566432237217
20230704093426040,6.74,6.74,6.720566432237217
20230704093426070,6.74,6.74,6.720566432237217
20230704093428380,6.74,6.74,6.720566432237217
20230704093428540,6.74,6.74,6.720566432237217
20230704093428710,6.74,6.74,6.720566432237217
20230704093428740,6.74,6.74,6.720566432237217
20230704093429030,6.74,6.74,6.720566432237217
20230704093429060,6.74,6.74,6.720566432237217
20230704093429240,6.74,6.74,6.720566432237217
20230704093429400,6.74,6.74,6.720566432237217
20230704093429540,6.74,6.74,6.720566432237217
20230704093431240,6.74,6.74,6.720566432237217
20230704093431360,6.74,6.74,6.720566432237217
20230704093431390,6.74,6.74,6.720566432237217
20230704093431530,6.74,6.74,6.720566432237217
20230704093431620,6.74,6.74,6.720566432237217
20230704093431670,6.74,6.74,6.720566432237217
20230704093431890,6.74,6.74,6.720566432237217
20230704093433810,6.74,6.74,6.720566432237217
20230704093434080,6.74,6.74,6.720566432237217
20230704093434370,6.74,6.74,6.720566432237217
20230704093434430,6.74,6.74,6.720566432237217
20230704093434450,6.74,6.74,6.720566432237217
20230704093434570,6.74,6.74,6.720566432237217
20230704093436430,6.74,6.74,6.720566432237217
20230704093436490,6.74,6.74,6.720566432237217
20230704093436740,6.74,6.74,6.720566432237217
20230704093436750,6.74,6.74,6.720566432237217
20230704093436780,6.74,6.74,6.720566432237217
20230704093436790,6.74,6.74,6.720566432237217
20230704093436840,6.74,6.74,6.720566432237217
20230704093436930,6.74,6.74,6.720566432237217
20230704093437070,6.74,6.74,6.720566432237217
20230704093437080,6.74,6.74,6.7210468575678695
20230704093439370,6.74,6.74,6.7210468575678695
20230704093439380,6.74,6.74,6.721053903345725
20230704093439390,6.74,6.74,6.721053903345725
20230704093439400,6.74,6.74,6.721053903345725
20230704093439450,6.74,6.74,6.721053903345725
20230704093439980,6.74,6.74,6.721053903345725
20230704093440010,6.74,6.74,6.721053903345725
20230704093440060,6.74,6.74,6.721053903345725
20230704093440080,6.74,6.74,6.721053903345725
20230704093440090,6.74,6.74,6.721053903345725
20230704093440170,6.74,6.74,6.721053903345725
20230704093440210,6.74,6.74,6.721053903345725
20230704093442040,6.74,6.74,6.721053903345725
20230704093442230,6.74,6.74,6.721053903345725
20230704093442270,6.74,6.74,6.721053903345725
20230704093442910,6.74,6.74,6.721053903345725
20230704093442920,6.74,6.74,6.721053903345725
20230704093442970,6.75,6.74,6.721053903345725
20230704093444560,6.75,6.74,6.721053903345725
20230704093444570,6.75,6.74,6.721053903345725
20230704093445450,6.75,6.74,6.721053903345725
20230704093445660,6.75,6.74,6.721053903345725
20230704093447440,6.75,6.74,6.721053903345725
20230704093447460,6.75,6.74,6.721053903345725
20230704093447490,6.75,6.74,6.721053903345725
20230704093448200,6.75,6.74,6.721636759108211
20230704093448430,6.75,6.74,6.721636759108211
20230704093449980,6.75,6.74,6.721636759108211
20230704093450740,6.75,6.74,6.721636759108211
20230704093450890,6.75,6.74,6.721636759108211
20230704093450970,6.75,6.74,6.721636759108211
20230704093452640,6.75,6.74,6.721636759108211
20230704093452850,6.75,6.74,6.721636759108211
20230704093453040,6.75,6.74,6.721636759108211
20230704093453590,6.75,6.74,6.721636759108211
20230704093453640,6.75,6.74,6.721636759108211
20230704093455420,6.75,6.74,6.721636759108211
20230704093455460,6.75,6.74,6.721636759108211
20230704093455890,6.75,6.74,6.721636759108211
20230704093456380,6.75,6.74,6.721636759108211
20230704093458060,6.75,6.74,6.721636759108211
20230704093458130,6.75,6.74,6.721636759108211
20230704093458210,6.75,6.74,6.721636759108211
20230704093458260,6.75,6.74,6.721636759108211
20230704093458810,6.75,6.74,6.721636759108211
20230704093459250,6.75,6.74,6.721636759108211
20230704093500910,6.75,6.74,6.721636759108211
20230704093501080,6.75,6.74,6.721636759108211
20230704093501190,6.75,6.74,6.721718721790937
20230704093501370,6.75,6.74,6.721718721790937
20230704093501540,6.75,6.74,6.721718721790937
20230704093501780,6.75,6.74,6.721718721790937
20230704093503470,6.75,6.74,6.721718721790937
20230704093504080,6.75,6.74,6.721718721790937
20230704093504170,6.75,6.74,6.721718721790937
20230704093504180,6.75,6.74,6.721730422230242
20230704093504210,6.75,6.74,6.721730422230242
20230704093504280,6.75,6.74,6.721730422230242
20230704093504350,6.75,6.74,6.721730422230242
20230704093504570,6.75,6.74,6.721730422230242
20230704093504620,6.75,6.74,6.721730422230242
20230704093504640,6.75,6.74,6.721730422230242
20230704093504680,6.75,6.74,6.721730422230242
20230704093506160,6.74,6.74,6.721730422230242
20230704093506340,6.74,6.74,6.721730422230242
20230704093506490,6.75,6.74,6.72187432867884
20230704093506710,6.75,6.74,6.7218970141247985
20230704093507040,6.75,6.74,6.721919642857143
20230704093507080,6.75,6.74,6.721919642857143
20230704093507150,6.75,6.74,6.721919642857143
20230704093507200,6.75,6.74,6.721919642857143
20230704093507220,6.75,6.74,6.721919642857143
20230704093507280,6.75,6.74,6.722054015636105
20230704093509080,6.75,6.74,6.722054015636105
20230704093509120,6.75,6.74,6.722054015636105
20230704093509360,6.75,6.74,6.722054015636105
20230704093509590,6.75,6.74,6.722054015636105
20230704093510020,6.75,6.74,6.722054015636105
20230704093510040,6.75,6.74,6.722054015636105
20230704093511640,6.75,6.74,6.722054015636105
20230704093511780,6.75,6.74,6.722054015636105
20230704093511790,6.75,6.74,6.722054015636105
20230704093512140,6.75,6.74,6.722054015636105
20230704093512630,6.75,6.74,6.722054015636105
20230704093514270,6.75,6.74,6.722054015636105
20230704093514300,6.75,6.74,6.722054015636105
20230704093514360,6.75,6.74,6.722054015636105
20230704093514730,6.75,6.74,6.722054015636105
20230704093514750,6.75,6.74,6.722054015636105
20230704093514830,6.75,6.74,6.722054015636105
20230704093515420,6.75,6.74,6.722054015636105
20230704093517280,6.75,6.73,6.72278156996587
20230704093517370,6.75,6.73,6.72278156996587
20230704093517840,6.75,6.73,6.72278156996587
20230704093518040,6.75,6.73,6.72278156996587
20230704093519800,6.75,6.74,6.72278156996587
20230704093519830,6.75,6.74,6.72278156996587
20230704093519900,6.75,6.74,6.72278156996587
20230704093520290,6.75,6.74,6.72278156996587
20230704093520370,6.75,6.74,6.72278156996587
20230704093520560,6.75,6.74,6.72278156996587
20230704093520570,6.75,6.74,6.72278156996587
20230704093520820,6.75,6.74,6.72278156996587
20230704093522600,6.75,6.74,6.72278156996587
20230704093522660,6.75,6.74,6.72278156996587
20230704093522780,6.75,6.74,6.72278156996587
20230704093523070,6.75,6.74,6.72278156996587
20230704093523450,6.75,6.74,6.722920624151968
20230704093523460,6.75,6.74,6.722920624151968
20230704093523500,6.75,6.73,6.722923520434119
20230704093525070,6.75,6.73,6.722923520434119
20230704093525910,6.75,6.73,6.722923520434119
20230704093526040,6.75,6.73,6.722923520434119
20230704093526200,6.75,6.73,6.722923520434119
20230704093527800,6.75,6.73,6.722923520434119
20230704093527960,6.74,6.73,6.722923520434119
20230704093528040,6.75,6.74,6.722972607372337
20230704093528080,6.75,6.74,6.722972607372337
20230704093528090,6.75,6.74,6.722972607372337
20230704093528120,6.75,6.74,6.722972607372337
20230704093528140,6.75,6.74,6.722972607372337
20230704093528150,6.75,6.74,6.722972607372337
20230704093528170,6.75,6.74,6.722972607372337
20230704093528180,6.74,6.73,6.723252127482063
20230704093528230,6.74,6.73,6.723252127482063
20230704093528300,6.74,6.73,6.723254921588255
20230704093528310,6.74,6.73,6.72326050700467
20230704093528320,6.74,6.73,6.723263298315825
20230704093528330,6.74,6.73,6.723266088696232
20230704093528340,6.74,6.73,6.723268878146357
20230704093528380,6.74,6.73,6.723313383208645
20230704093528390,6.74,6.73,6.72332170156198
20230704093528430,6.74,6.73,6.723324472503738
20230704093528820,6.74,6.73,6.723327242524917
20230704093530470,6.74,6.73,6.723327242524917
20230704093530660,6.74,6.73,6.723327242524917
20230704093530800,6.74,6.73,6.723327242524917
20230704093531040,6.74,6.73,6.723327242524917
20230704093531060,6.74,6.73,6.723327242524917
20230704093531080,6.74,6.73,6.723327242524917
20230704093531090,6.74,6.73,6.723327242524917
20230704093531220,6.74,6.73,6.723327242524917
20230704093531260,6.74,6.73,6.723327242524917
20230704093531350,6.74,6.73,6.723327242524917
20230704093531450,6.74,6.73,6.723327242524917
20230704093531510,6.74,6.73,6.723327242524917
20230704093533270,6.74,6.73,6.723327242524917
20230704093533460,6.74,6.73,6.723327242524917
20230704093533570,6.74,6.73,6.723327242524917
20230704093533650,6.74,6.73,6.723487339690891
20230704093533690,6.74,6.73,6.723487339690891
20230704093534090,6.74,6.73,6.723487339690891
20230704093534110,6.74,6.73,6.723487339690891
20230704093534200,6.74,6.73,6.723487339690891
20230704093534310,6.74,6.73,6.723487339690891
20230704093534360,6.74,6.73,6.723487339690891
20230704093536040,6.74,6.73,6.723487339690891
20230704093536210,6.74,6.73,6.723487339690891
20230704093536240,6.74,6.73,6.723487339690891
20230704093536480,6.74,6.73,6.723490054249548
20230704093536670,6.74,6.73,6.723490054249548
20230704093536750,6.74,6.73,6.723490054249548
20230704093536760,6.74,6.73,6.723490054249548
20230704093536790,6.74,6.73,6.723490054249548
20230704093536980,6.74,6.73,6.723490054249548
20230704093538540,6.74,6.73,6.723490054249548
20230704093538740,6.74,6.73,6.723490054249548
20230704093538770,6.74,6.73,6.723490054249548
20230704093538940,6.74,6.73,6.723490054249548
20230704093539280,6.74,6.73,6.723490054249548
20230704093539440,6.74,6.73,6.723490054249548
20230704093539460,6.74,6.73,6.723490054249548
20230704093539550,6.74,6.73,6.723490054249548
20230704093541450,6.74,6.73,6.723490054249548
20230704093541520,6.74,6.73,6.723522466382421
20230704093541830,6.74,6.73,6.723522466382421
20230704093542040,6.74,6.73,6.723522466382421
20230704093542210,6.74,6.73,6.723522466382421
20230704093542410,6.74,6.73,6.723522466382421
20230704093544360,6.74,6.73,6.723522466382421
20230704093544760,6.74,6.73,6.723522466382421
20230704093545010,6.74,6.73,6.723522466382421
20230704093545050,6.74,6.73,6.723522466382421
20230704093545080,6.74,6.73,6.723522466382421
20230704093547040,6.74,6.73,6.723704184236134
20230704093547070,6.74,6.73,6.7237857027593995
20230704093547100,6.74,6.73,6.723793548387097
20230704093547880,6.74,6.73,6.72379616190937
20230704093549350,6.74,6.74,6.72379616190937
20230704093549360,6.74,6.74,6.72379616190937
20230704093549370,6.74,6.74,6.72379616190937
20230704093549600,6.74,6.74,6.72379616190937
20230704093549630,6.74,6.74,6.72379616190937
20230704093549770,6.74,6.74,6.72379616190937
20230704093549860,6.74,6.74,6.72379616190937
20230704093550300,6.74,6.74,6.72379616190937
20230704093550350,6.74,6.74,6.72379616190937
20230704093550460,6.74,6.74,6.72379616190937
20230704093552060,6.74,6.74,6.72379616190937
20230704093552070,6.74,6.74,6.72379616190937
20230704093552510,6.74,6.74,6.72379616190937
20230704093554730,6.74,6.74,6.72379616190937
20230704093555040,6.74,6.74,6.72379616190937
20230704093555170,6.74,6.74,6.72379616190937
20230704093555690,6.74,6.74,6.72379616190937
20230704093555710,6.74,6.74,6.72379616190937
20230704093555760,6.74,6.74,6.72379616190937
20230704093557980,6.74,6.74,6.72379616190937
20230704093558080,6.74,6.74,6.72379616190937
20230704093558090,6.74,6.74,6.72379616190937
20230704093558190,6.74,6.74,6.72379616190937
20230704093558280,6.74,6.74,6.72379616190937
20230704093600150,6.74,6.74,6.724393560487653
20230704093600430,6.74,6.74,6.724393560487653
20230704093600910,6.74,6.74,6.724393560487653
20230704093601090,6.74,6.74,6.724393560487653
20230704093601120,6.74,6.74,6.724393560487653
20230704093601130,6.74,6.74,6.724393560487653
20230704093601160,6.74,6.74,6.724393560487653
20230704093602840,6.74,6.74,6.724393560487653
20230704093602920,6.74,6.74,6.724393560487653
20230704093603120,6.74,6.74,6.724393560487653
20230704093603170,6.74,6.74,6.724393560487653
20230704093603450,6.74,6.74,6.724393560487653
20230704093603470,6.74,6.74,6.724393560487653
20230704093603510,6.74,6.74,6.724393560487653
20230704093603560,6.74,6.74,6.724393560487653
20230704093603640,6.74,6.74,6.724393560487653
20230704093603920,6.74,6.74,6.724393560487653
20230704093605650,6.74,6.74,6.724393560487653
20230704093605670,6.74,6.74,6.724393560487653
20230704093605910,6.74,6.74,6.724393560487653
20230704093605990,6.74,6.74,6.724393560487653
20230704093606630,6.74,6.74,6.724734750038221
20230704093606660,6.74,6.74,6.724734750038221
20230704093606680,6.74,6.74,6.724734750038221
20230704093611290,6.74,6.74,6.724734750038221
20230704093611320,6.74,6.74,6.724734750038221
20230704093611710,6.74,6.74,6.724734750038221
20230704093611990,6.74,6.74,6.724734750038221
20230704093614190,6.74,6.74,6.724734750038221
20230704093614270,6.74,6.74,6.724734750038221
20230704093614710,6.74,6.74,6.724734750038221
20230704093616740,6.74,6.74,6.724734750038221
20230704093616780,6.74,6.74,6.724734750038221
20230704093616900,6.74,6.74,6.724734750038221
20230704093616920,6.74,6.74,6.724734750038221
20230704093617150,6.74,6.74,6.724734750038221
20230704093617220,6.74,6.74,6.724734750038221
20230704093617290,6.74,6.74,6.724734750038221
20230704093619050,6.74,6.74,6.724734750038221
20230704093619410,6.74,6.74,6.724734750038221
20230704093619440,6.74,6.74,6.724734750038221
20230704093619450,6.74,6.74,6.724734750038221
20230704093619470,6.74,6.74,6.724734750038221
20230704093621770,6.74,6.74,6.724734750038221
20230704093621780,6.74,6.74,6.724734750038221
20230704093622240,6.74,6.74,6.724734750038221
20230704093622450,6.74,6.74,6.724734750038221
20230704093622750,6.74,6.74,6.724734750038221
20230704093622760,6.74,6.74,6.724734750038221
20230704093624850,6.74,6.74,6.724734750038221
20230704093624910,6.74,6.74,6.724734750038221
20230704093625060,6.74,6.74,6.724734750038221
20230704093625310,6.74,6.74,6.724734750038221
20230704093627130,6.74,6.74,6.724959115687462
20230704093627330,6.74,6.74,6.724959115687462
20230704093627340,6.74,6.74,6.724959115687462
20230704093628040,6.74,6.74,6.724981856667674
20230704093628140,6.74,6.74,6.724981856667674
20230704093628350,6.74,6.74,6.724981856667674
20230704093628370,6.74,6.74,6.724981856667674
20230704093629920,6.74,6.74,6.724981856667674
20230704093629990,6.74,6.74,6.724981856667674
20230704093630040,6.74,6.74,6.724986396614268
20230704093630770,6.74,6.74,6.724995468277946
20230704093630780,6.74,6.74,6.724995468277946
20230704093630800,6.74,6.74,6.724995468277946
20230704093631000,6.74,6.74,6.724995468277946
20230704093631030,6.74,6.74,6.724995468277946
20230704093631040,6.74,6.74,6.724995468277946
20230704093633150,6.74,6.74,6.725028640337655
20230704093633360,6.74,6.74,6.725028640337655
20230704093633440,6.74,6.74,6.725028640337655
20230704093633570,6.74,6.74,6.725028640337655
20230704093633600,6.74,6.74,6.725028640337655
20230704093633630,6.74,6.74,6.725028640337655
20230704093635800,6.74,6.74,6.725028640337655
20230704093635840,6.74,6.74,6.725028640337655
20230704093636170,6.74,6.74,6.725028640337655
20230704093636230,6.74,6.74,6.725028640337655
20230704093636380,6.74,6.74,6.725028640337655
20230704093638490,6.74,6.74,6.725028640337655
20230704093638500,6.74,6.74,6.725028640337655
20230704093640670,6.74,6.74,6.725028640337655
20230704093640970,6.74,6.74,6.725028640337655
20230704093641270,6.74,6.74,6.725479050688544
20230704093641280,6.74,6.74,6.725479050688544
20230704093641580,6.74,6.74,6.725479050688544
20230704093641590,6.74,6.74,6.725479050688544
20230704093641610,6.74,6.74,6.725479050688544
20230704093641750,6.74,6.74,6.725479050688544
20230704093643390,6.74,6.74,6.725479050688544
20230704093643440,6.74,6.74,6.725479050688544
20230704093643520,6.74,6.74,6.725479050688544
20230704093643780,6.74,6.74,6.725559440559441
20230704093644040,6.74,6.74,6.725559440559441
20230704093644050,6.74,6.74,6.725559440559441
20230704093644060,6.74,6.74,6.725559440559441
20230704093644080,6.74,6.74,6.725559440559441
20230704093644110,6.74,6.74,6.725559440559441
20230704093644120,6.74,6.74,6.725561544064093
20230704093644180,6.74,6.74,6.725563646956015
20230704093644360,6.74,6.74,6.725563646956015
20230704093644520,6.74,6.74,6.725563646956015
20230704093646040,6.74,6.74,6.725563646956015
20230704093646100,6.74,6.74,6.725584642233857
20230704093646130,6.74,6.74,6.725584642233857
20230704093646140,6.74,6.74,6.725584642233857
20230704093646160,6.74,6.74,6.725584642233857
20230704093646210,6.74,6.74,6.725584642233857
20230704093646240,6.74,6.74,6.725584642233857
20230704093646380,6.74,6.74,6.725584642233857
20230704093646610,6.74,6.74,6.725584642233857
20230704093646680,6.74,6.74,6.725584642233857
20230704093649040,6.74,6.74,6.725584642233857
20230704093649050,6.74,6.74,6.725584642233857
20230704093649080,6.74,6.74,6.7256076666182665
20230704093649100,6.74,6.74,6.725624365482234
20230704093649250,6.74,6.74,6.725624365482234
20230704093649450,6.74,6.74,6.725624365482234
20230704093649470,6.74,6.74,6.725624365482234
20230704093649590,6.74,6.74,6.725624365482234
20230704093649800,6.74,6.74,6.725624365482234
20230704093651540,6.74,6.74,6.725624365482234
20230704093651690,6.74,6.74,6.725624365482234
20230704093652080,6.74,6.74,6.725624365482234
20230704093652100,6.74,6.74,6.725624365482234
20230704093652120,6.74,6.74,6.725624365482234
20230704093652190,6.74,6.74,6.725624365482234
20230704093654130,6.74,6.74,6.725624365482234
20230704093654330,6.74,6.74,6.725624365482234
20230704093654570,6.74,6.74,6.725624365482234
20230704093654610,6.74,6.74,6.725624365482234
20230704093654880,6.74,6.74,6.725624365482234
20230704093655110,6.74,6.74,6.725624365482234
20230704093655360,6.74,6.74,6.725624365482234
20230704093656840,6.74,6.74,6.725624365482234
20230704093657220,6.74,6.74,6.725624365482234
20230704093657930,6.74,6.74,6.725624365482234
20230704093659740,6.74,6.74,6.725624365482234
20230704093700230,6.74,6.74,6.725624365482234
20230704093700300,6.74,6.74,6.725624365482234
20230704093700540,6.74,6.74,6.725624365482234
20230704093702380,6.74,6.74,6.725624365482234
20230704093703050,6.74,6.74,6.725624365482234
20230704093703380,6.74,6.74,6.725731970634806
20230704093704980,6.74,6.74,6.725731970634806
20230704093704990,6.74,6.73,6.725846757248914
20230704093705560,6.74,6.73,6.725846757248914
20230704093705650,6.74,6.73,6.725846757248914
20230704093705680,6.74,6.73,6.725846757248914
20230704093707630,6.74,6.73,6.725846757248914
20230704093708030,6.74,6.73,6.725846757248914
20230704093708390,6.74,6.73,6.725846757248914
20230704093708870,6.74,6.73,6.725846757248914
20230704093711100,6.74,6.73,6.725846757248914
20230704093711200,6.74,6.73,6.725904130404752
20230704093711210,6.74,6.73,6.725904130404752
20230704093711350,6.74,6.73,6.725905261704185
20230704093711420,6.74,6.73,6.725905261704185
20230704093713830,6.74,6.73,6.725905261704185
20230704093713950,6.74,6.73,6.725905261704185
20230704093716080,6.74,6.73,6.725905261704185
20230704093716180,6.74,6.73,6.725905261704185
20230704093716270,6.74,6.73,6.725905261704185
20230704093716870,6.74,6.73,6.725906392378849
20230704093718540,6.74,6.73,6.725906392378849
20230704093718590,6.74,6.73,6.725906392378849
20230704093718910,6.74,6.73,6.725906392378849
20230704093719050,6.74,6.73,6.72590865185594
20230704093719160,6.74,6.73,6.72590865185594
20230704093719200,6.74,6.73,6.72590865185594
20230704093719260,6.74,6.73,6.72590865185594
20230704093719590,6.74,6.73,6.72590865185594
20230704093721120,6.74,6.73,6.72590865185594
20230704093721300,6.74,6.73,6.72590865185594
20230704093721370,6.74,6.73,6.72590865185594
20230704093722240,6.74,6.73,6.72590865185594
20230704093723950,6.74,6.73,6.72590865185594
20230704093724380,6.74,6.73,6.72590865185594
20230704093724650,6.74,6.73,6.725922249793218
20230704093724720,6.74,6.73,6.725922249793218
20230704093724800,6.74,6.73,6.725922249793218
20230704093726890,6.74,6.73,6.725922249793218
20230704093727260,6.74,6.73,6.725974454058508
20230704093727280,6.74,6.73,6.725974454058508
20230704093727290,6.74,6.73,6.725974454058508
20230704093727420,6.74,6.73,6.725974454058508
20230704093727430,6.74,6.73,6.726009042334566
20230704093727510,6.74,6.74,6.726263115415658
20230704093727580,6.74,6.74,6.726263115415658
20230704093729530,6.74,6.74,6.726263115415658
20230704093729820,6.74,6.74,6.726263115415658
20230704093729900,6.74,6.74,6.726310991957105
20230704093729970,6.74,6.74,6.726310991957105
20230704093730170,6.74,6.74,6.726310991957105
20230704093730240,6.74,6.74,6.726331147102128
20230704093730430,6.74,6.74,6.726331147102128
20230704093732420,6.74,6.74,6.726331147102128
20230704093732800,6.74,6.74,6.726331147102128
20230704093734640,6.74,6.74,6.726331147102128
20230704093735450,6.74,6.74,6.726331147102128
20230704093735650,6.74,6.74,6.726331147102128
20230704093735670,6.74,6.74,6.726331147102128
20230704093737380,6.74,6.74,6.726331147102128
20230704093737500,6.74,6.74,6.726331147102128
20230704093737560,6.74,6.74,6.726331147102128
20230704093740070,6.74,6.74,6.726373098478783
20230704093742780,6.74,6.74,6.726373098478783
20230704093743070,6.74,6.74,6.726373098478783
20230704093743080,6.74,6.74,6.726373098478783
20230704093743110,6.74,6.74,6.726373098478783
20230704093743340,6.74,6.74,6.726373098478783
20230704093743560,6.74,6.74,6.726373098478783
20230704093743680,6.74,6.74,6.726373098478783
20230704093743780,6.74,6.74,6.726373098478783
20230704093743820,6.74,6.74,6.726373098478783
20230704093743860,6.74,6.74,6.726373098478783
20230704093745600,6.74,6.74,6.726373098478783
20230704093745610,6.74,6.74,6.726373098478783
20230704093745990,6.74,6.74,6.726373098478783
20230704093746070,6.74,6.74,6.726373098478783
20230704093746080,6.74,6.74,6.726373098478783
20230704093746150,6.74,6.74,6.726373098478783
20230704093748310,6.74,6.74,6.726373098478783
20230704093748460,6.74,6.74,6.726373098478783
20230704093749110,6.74,6.74,6.726373098478783
20230704093750910,6.74,6.74,6.726373098478783
20230704093751100,6.74,6.74,6.726373098478783
20230704093751120,6.74,6.74,6.726373098478783
20230704093751570,6.74,6.74,6.726373098478783
20230704093751850,6.74,6.74,6.726373098478783
20230704093753740,6.74,6.74,6.726373098478783
20230704093753930,6.74,6.74,6.726373098478783
20230704093754630,6.74,6.74,6.726373098478783
20230704093756550,6.74,6.74,6.726373098478783
20230704093757160,6.74,6.74,6.726373098478783
20230704093758980,6.74,6.74,6.726373098478783
20230704093759220,6.74,6.74,6.726373098478783
20230704093759610,6.74,6.74,6.726373098478783
20230704093801830,6.74,6.74,6.726373098478783
20230704093802840,6.74,6.74,6.726373098478783
20230704093804420,6.74,6.74,6.726373098478783
20230704093804510,6.74,6.74,6.726854630108639
20230704093804650,6.74,6.74,6.726854630108639
20230704093804680,6.74,6.74,6.726854630108639
20230704093804690,6.74,6.74,6.726854630108639
20230704093804970,6.74,6.74,6.726854630108639
20230704093805070,6.74,6.74,6.726868217054264
20230704093805110,6.74,6.74,6.726868217054264
20230704093807060,6.74,6.74,6.726868217054264
20230704093807070,6.74,6.74,6.726876288659794
20230704093807080,6.74,6.74,6.726876288659794
20230704093807090,6.74,6.74,6.726876288659794
20230704093807150,6.74,6.74,6.726876288659794
20230704093807380,6.74,6.74,6.726876288659794
20230704093807450,6.74,6.74,6.726876288659794
20230704093807600,6.74,6.74,6.726876288659794
20230704093809950,6.74,6.74,6.726876288659794
20230704093810070,6.74,6.74,6.726876288659794
20230704093810210,6.74,6.74,6.726876288659794
20230704093810230,6.74,6.74,6.726876288659794
20230704093810300,6.74,6.74,6.726876288659794
20230704093810510,6.74,6.74,6.726876288659794
20230704093812540,6.74,6.74,6.726876288659794
20230704093812700,6.74,6.74,6.726876288659794
20230704093812860,6.74,6.74,6.726876288659794
20230704093813090,6.74,6.74,6.726888116389855
20230704093813380,6.74,6.74,6.726888116389855
20230704093815150,6.74,6.74,6.726888116389855
20230704093815990,6.74,6.74,6.726888116389855
20230704093816040,6.74,6.74,6.726888116389855
20230704093816050,6.74,6.74,6.726888116389855
20230704093816070,6.74,6.74,6.726888116389855
20230704093816080,6.74,6.74,6.726888116389855
20230704093816090,6.74,6.74,6.726888116389855
20230704093816100,6.74,6.74,6.726888116389855
20230704093816110,6.74,6.74,6.726888116389855
20230704093816120,6.74,6.74,6.726888116389855
20230704093816180,6.74,6.74,6.726888116389855
20230704093816260,6.74,6.74,6.726888116389855
20230704093816270,6.74,6.74,6.726888116389855
20230704093816360,6.74,6.74,6.726888116389855
20230704093817830,6.74,6.74,6.726888116389855
20230704093818440,6.74,6.74,6.726888116389855
20230704093820650,6.74,6.74,6.726888116389855
20230704093820670,6.74,6.74,6.726888116389855
20230704093821180,6.74,6.74,6.726888116389855
20230704093823950,6.74,6.74,6.726888116389855
20230704093824070,6.74,6.74,6.726888116389855
20230704093824270,6.74,6.74,6.726888116389855
20230704093824310,6.74,6.74,6.726888116389855
20230704093826290,6.74,6.74,6.726888116389855
20230704093826820,6.74,6.74,6.726888116389855
20230704093826850,6.74,6.74,6.726888116389855
20230704093828610,6.74,6.74,6.726888116389855
20230704093828890,6.74,6.74,6.726888116389855
20230704093829160,6.74,6.74,6.726888116389855
20230704093829190,6.74,6.74,6.726888116389855
20230704093829200,6.74,6.74,6.726888116389855
20230704093829240,6.74,6.74,6.726888116389855
20230704093829320,6.74,6.74,6.726888116389855
20230704093829580,6.74,6.74,6.727249367088608
20230704093829590,6.74,6.74,6.727947239263804
20230704093829600,6.76,6.75,6.732973664266768
20230704093829610,6.76,6.76,6.733125117414992
20230704093829620,6.76,6.76,6.73312764158918
20230704093829630,6.76,6.76,6.73312764158918
20230704093829640,6.76,6.76,6.73312764158918
20230704093829660,6.77,6.75,6.734752029650547
20230704093829670,6.77,6.75,6.734752029650547
20230704093829680,6.77,6.75,6.734752029650547
20230704093829690,6.77,6.75,6.735090545011318
20230704093829700,6.77,6.75,6.735654356705242
20230704093829710,6.77,6.75,6.735679190751445
20230704093829720,6.77,6.75,6.735679190751445
20230704093829760,6.77,6.75,6.735679190751445
20230704093829780,6.77,6.76,6.735681257968551
20230704093829790,6.77,6.76,6.735681257968551
20230704093829810,6.77,6.76,6.735681257968551
20230704093831380,6.77,6.76,6.735738997710507
20230704093831660,6.77,6.75,6.735738997710507
20230704093831750,6.77,6.76,6.735738997710507
20230704093831880,6.77,6.76,6.735738997710507
20230704093831890,6.77,6.76,6.735738997710507
20230704093831900,6.77,6.76,6.735738997710507
20230704093832430,6.77,6.76,6.735738997710507
20230704093832440,6.77,6.76,6.735738997710507
20230704093834080,6.77,6.76,6.735738997710507
20230704093834130,6.77,6.76,6.735738997710507
20230704093834180,6.77,6.76,6.735738997710507
20230704093834440,6.77,6.76,6.735738997710507
20230704093834460,6.77,6.76,6.735738997710507
20230704093834500,6.77,6.76,6.735738997710507
20230704093834810,6.77,6.76,6.735738997710507
20230704093834870,6.77,6.75,6.735976982526882
20230704093834960,6.77,6.75,6.735976982526882
20230704093834980,6.77,6.75,6.735976982526882
20230704093835000,6.77,6.75,6.735976982526882
20230704093836860,6.77,6.75,6.735976982526882
20230704093837080,6.77,6.76,6.735976982526882
20230704093837090,6.77,6.76,6.735976982526882
20230704093837190,6.77,6.76,6.735976982526882
20230704093837880,6.77,6.76,6.735976982526882
20230704093837940,6.77,6.76,6.735976982526882
20230704093839460,6.77,6.76,6.735983035189385
20230704093839980,6.77,6.76,6.735985052065838
20230704093840010,6.77,6.76,6.735985052065838
20230704093840020,6.77,6.76,6.735985052065838
20230704093840080,6.77,6.76,6.735985052065838
20230704093840160,6.77,6.76,6.735985052065838
20230704093840220,6.77,6.76,6.735985052065838
20230704093840420,6.77,6.76,6.735985052065838
20230704093842470,6.77,6.76,6.735985052065838
20230704093842830,6.77,6.76,6.735985052065838
20230704093843150,6.77,6.76,6.735985052065838
20230704093844970,6.77,6.76,6.735985052065838
20230704093845980,6.77,6.76,6.735985052065838
20230704093846030,6.77,6.76,6.735985052065838
20230704093847560,6.77,6.76,6.735985052065838
20230704093847600,6.77,6.76,6.735985052065838
20230704093848520,6.77,6.76,6.735985052065838
20230704093848540,6.77,6.76,6.735985052065838
20230704093848680,6.77,6.76,6.735985052065838
20230704093848750,6.77,6.76,6.735985052065838
20230704093850660,6.77,6.76,6.735985052065838
20230704093850670,6.77,6.76,6.735985052065838
20230704093850680,6.77,6.76,6.735985052065838
20230704093850690,6.77,6.76,6.735985052065838
20230704093850700,6.77,6.76,6.735985052065838
20230704093850940,6.76,6.76,6.735985052065838
20230704093851180,6.76,6.76,6.735985052065838
20230704093851260,6.76,6.76,6.736023641851107
20230704093853180,6.76,6.76,6.7360377042312525
20230704093854160,6.76,6.76,6.736039711796247
20230704093855790,6.76,6.76,6.736051397957476
20230704093856140,6.76,6.76,6.736055406762638
20230704093856190,6.76,6.76,6.736055406762638
20230704093856260,6.76,6.76,6.736055406762638
20230704093858410,6.76,6.76,6.736055406762638
20230704093858430,6.76,6.76,6.736055406762638
20230704093858550,6.76,6.76,6.736055406762638
20230704093858660,6.76,6.76,6.736055406762638
20230704093858780,6.76,6.76,6.736055406762638
20230704093858910,6.76,6.76,6.736055406762638
20230704093859010,6.76,6.76,6.736055406762638
20230704093859040,6.76,6.76,6.736055406762638
20230704093859330,6.76,6.76,6.736055406762638
20230704093901070,6.76,6.76,6.736055406762638
20230704093901080,6.76,6.76,6.736055406762638
20230704093901090,6.76,6.76,6.736055406762638
20230704093901100,6.76,6.76,6.736055406762638
20230704093901140,6.76,6.76,6.736055406762638
20230704093901150,6.76,6.76,6.736055406762638
20230704093901250,6.76,6.76,6.736055406762638
20230704093901340,6.76,6.76,6.736055406762638
20230704093901640,6.76,6.76,6.736055406762638
20230704093901840,6.76,6.76,6.736055406762638
20230704093902040,6.76,6.76,6.736055406762638
20230704093902080,6.76,6.76,6.736055406762638
20230704093903960,6.76,6.76,6.736055406762638
20230704093903970,6.76,6.76,6.736055406762638
20230704093903980,6.76,6.76,6.736055406762638
20230704093904070,6.76,6.76,6.736055406762638
20230704093904080,6.76,6.76,6.736055406762638
20230704093904260,6.76,6.76,6.736055406762638
20230704093904280,6.76,6.76,6.736055406762638
20230704093904650,6.76,6.76,6.736055406762638
20230704093904800,6.76,6.76,6.736055406762638
20230704093906440,6.76,6.76,6.736055406762638
20230704093906500,6.76,6.76,6.736055406762638
20230704093906570,6.76,6.76,6.736055406762638
20230704093906830,6.76,6.76,6.736055406762638
20230704093906860,6.76,6.76,6.736055406762638
20230704093907030,6.76,6.76,6.736055406762638
20230704093907140,6.76,6.76,6.736055406762638
20230704093907180,6.76,6.76,6.736055406762638
20230704093907190,6.76,6.76,6.736055406762638
20230704093907370,6.76,6.76,6.736055406762638
20230704093909130,6.76,6.76,6.736055406762638
20230704093909180,6.76,6.76,6.736055406762638
20230704093909220,6.76,6.76,6.736055406762638
20230704093909230,6.76,6.76,6.736055406762638
20230704093909270,6.76,6.76,6.736055406762638
20230704093909700,6.76,6.76,6.736055406762638
20230704093909940,6.76,6.76,6.736055406762638
20230704093910040,6.76,6.76,6.736055406762638
20230704093910220,6.76,6.76,6.736055406762638
20230704093910260,6.76,6.76,6.736055406762638
20230704093910300,6.76,6.76,6.736055406762638
20230704093910310,6.76,6.76,6.736055406762638
20230704093911830,6.76,6.76,6.736055406762638
20230704093912280,6.76,6.76,6.736055406762638
20230704093912340,6.76,6.76,6.736055406762638
20230704093912450,6.76,6.76,6.736055406762638
20230704093912500,6.76,6.76,6.736055406762638
20230704093912770,6.76,6.76,6.736055406762638
20230704093912840,6.76,6.76,6.736262676641729
20230704093912880,6.76,6.76,6.736262676641729
20230704093914680,6.76,6.76,6.736372662584809
20230704093915230,6.76,6.76,6.736372662584809
20230704093915350,6.76,6.76,6.736372662584809
20230704093917310,6.76,6.76,6.736372662584809
20230704093917570,6.76,6.76,6.736372662584809
20230704093917640,6.76,6.76,6.736372662584809
20230704093917670,6.76,6.76,6.736372662584809
20230704093918190,6.76,6.76,6.736372662584809
20230704093919940,6.76,6.76,6.736372662584809
20230704093920080,6.76,6.76,6.736372662584809
20230704093920340,6.76,6.76,6.736372662584809
20230704093920450,6.76,6.76,6.736372662584809
20230704093920500,6.76,6.76,6.736506499917723
20230704093920520,6.76,6.76,6.736506499917723
20230704093920540,6.76,6.76,6.736506499917723
20230704093920980,6.76,6.76,6.736506499917723
20230704093921110,6.76,6.76,6.736506499917723
20230704093921130,6.76,6.76,6.736506499917723
20230704093922590,6.76,6.76,6.736506499917723
20230704093922890,6.76,6.76,6.736506499917723
20230704093922920,6.76,6.76,6.736541748849441
20230704093922960,6.76,6.76,6.736541748849441
20230704093923110,6.76,6.76,6.736541748849441
20230704093923180,6.76,6.76,6.736541748849441
20230704093923210,6.76,6.76,6.736541748849441
20230704093923280,6.76,6.76,6.7366377475855295
20230704093923350,6.76,6.76,6.7366377475855295
20230704093923380,6.76,6.76,6.7366377475855295
20230704093923390,6.76,6.76,6.7366377475855295
20230704093923420,6.76,6.76,6.7366377475855295
20230704093923440,6.76,6.76,6.7366377475855295
20230704093923530,6.76,6.76,6.7366377475855295
20230704093923750,6.76,6.76,6.7366377475855295
20230704093925390,6.76,6.76,6.736675929709849
20230704093925400,6.76,6.76,6.736675929709849
20230704093925450,6.76,6.76,6.736675929709849
20230704093925540,6.76,6.76,6.736675929709849
20230704093925590,6.76,6.76,6.736675929709849
20230704093925670,6.76,6.76,6.736675929709849
20230704093925950,6.76,6.76,6.736675929709849
20230704093928180,6.76,6.76,6.736675929709849
20230704093928190,6.76,6.76,6.736675929709849
20230704093928440,6.76,6.76,6.736675929709849
20230704093928510,6.76,6.76,6.736675929709849
20230704093928550,6.76,6.76,6.736675929709849
20230704093928660,6.76,6.76,6.736675929709849
20230704093928760,6.76,6.76,6.736675929709849
20230704093928880,6.76,6.76,6.736675929709849
20230704093928900,6.76,6.76,6.736675929709849
20230704093929060,6.76,6.76,6.736675929709849
20230704093929070,6.76,6.76,6.736675929709849
20230704093931030,6.76,6.76,6.736675929709849
20230704093931150,6.76,6.76,6.736675929709849
20230704093931170,6.76,6.76,6.736913989805
20230704093931240,6.76,6.76,6.736913989805
20230704093931320,6.76,6.76,6.736913989805
20230704093931450,6.76,6.76,6.736913989805
20230704093931490,6.76,6.76,6.736913989805
20230704093931890,6.76,6.76,6.736913989805
20230704093933500,6.76,6.76,6.736913989805
20230704093933760,6.76,6.76,6.736913989805
20230704093933770,6.76,6.76,6.736913989805
20230704093933830,6.76,6.76,6.736913989805
20230704093933840,6.76,6.76,6.736913989805
20230704093934080,6.76,6.76,6.736913989805
20230704093934200,6.76,6.76,6.736913989805
20230704093934310,6.76,6.76,6.736913989805
20230704093934530,6.76,6.76,6.736913989805
20230704093934570,6.76,6.76,6.736913989805
20230704093936280,6.76,6.76,6.736913989805
20230704093936310,6.76,6.76,6.736913989805
20230704093936500,6.76,6.76,6.736913989805
20230704093936620,6.76,6.76,6.736913989805
20230704093936630,6.76,6.76,6.736913989805
20230704093936710,6.76,6.76,6.736913989805
20230704093936990,6.76,6.76,6.736913989805
20230704093937060,6.76,6.76,6.736913989805
20230704093937070,6.76,6.76,6.736913989805
20230704093938880,6.76,6.76,6.736913989805
20230704093938990,6.76,6.76,6.736913989805
20230704093939130,6.77,6.76,6.737062424486508
20230704093939250,6.77,6.76,6.737062424486508
20230704093939580,6.77,6.76,6.737062424486508
20230704093939600,6.77,6.76,6.737062424486508
20230704093939930,6.77,6.76,6.737152381717407
20230704093940040,6.77,6.76,6.737155020080321
20230704093941780,6.77,6.76,6.737155020080321
20230704093941920,6.77,6.76,6.737165569295006
20230704093942330,6.77,6.76,6.737165569295006
20230704093942470,6.77,6.76,6.737165569295006
20230704093942500,6.77,6.76,6.737165569295006
20230704093942700,6.77,6.76,6.737165569295006
20230704093942710,6.77,6.76,6.737165569295006
20230704093942730,6.77,6.76,6.737165569295006
20230704093944310,6.77,6.76,6.737165569295006
20230704093944320,6.77,6.76,6.737165569295006
20230704093944330,6.77,6.76,6.737165569295006
20230704093944370,6.77,6.76,6.737165569295006
20230704093944470,6.77,6.76,6.737165569295006
20230704093944540,6.77,6.76,6.737165569295006
20230704093944550,6.77,6.76,6.737165569295006
20230704093944740,6.77,6.76,6.737165569295006
20230704093944760,6.77,6.76,6.737165569295006
20230704093944780,6.77,6.76,6.737165569295006
20230704093944860,6.77,6.76,6.737527991741444
20230704093944870,6.77,6.77,6.740084131977468
20230704093944880,6.77,6.77,6.741500846740051
20230704093944890,6.77,6.77,6.741500846740051
20230704093944920,6.77,6.77,6.741500846740051
20230704093944930,6.77,6.77,6.741500846740051
20230704093944950,6.77,6.77,6.741500846740051
20230704093944960,6.77,6.77,6.741500846740051
20230704093944970,6.77,6.77,6.741978397212543
20230704093944990,6.77,6.77,6.742012810694145
20230704093945000,6.78,6.77,6.742089355197332
20230704093945030,6.78,6.77,6.742089355197332
20230704093945040,6.78,6.77,6.742278069690266
20230704093945050,6.78,6.77,6.742278069690266
20230704093945170,6.78,6.77,6.742278069690266
20230704093945180,6.78,6.77,6.742278069690266
20230704093945190,6.78,6.77,6.742278069690266
20230704093946890,6.78,6.77,6.742278069690266
20230704093946990,6.78,6.77,6.742278069690266
20230704093947020,6.78,6.77,6.742278069690266
20230704093947080,6.78,6.78,6.742278069690266
20230704093947280,6.78,6.78,6.742278069690266
20230704093947360,6.78,6.78,6.742278069690266
20230704093947380,6.78,6.78,6.742278069690266
20230704093947620,6.78,6.78,6.742278069690266
20230704093947700,6.78,6.78,6.742278069690266
20230704093947880,6.78,6.78,6.742278069690266
20230704093947990,6.78,6.78,6.742278069690266
20230704093948070,6.78,6.78,6.742278069690266
20230704093948100,6.78,6.78,6.742278069690266
20230704093949600,6.78,6.78,6.742278069690266
20230704093949620,6.78,6.78,6.742278069690266
20230704093949750,6.78,6.78,6.742278069690266
20230704093949890,6.78,6.78,6.742278069690266
20230704093949970,6.78,6.78,6.742278069690266
20230704093950000,6.78,6.78,6.742278069690266
20230704093950060,6.78,6.78,6.742278069690266
20230704093950080,6.78,6.78,6.742278069690266
20230704093950100,6.78,6.78,6.742278069690266
20230704093950230,6.78,6.78,6.742278069690266
20230704093950300,6.78,6.78,6.742278069690266
20230704093950320,6.78,6.78,6.742278069690266
20230704093952770,6.78,6.78,6.742278069690266
20230704093952790,6.78,6.78,6.742278069690266
20230704093952890,6.78,6.78,6.742278069690266
20230704093952940,6.78,6.78,6.742278069690266
20230704093953420,6.78,6.78,6.742278069690266
20230704093953550,6.78,6.78,6.742278069690266
20230704093955100,6.78,6.78,6.742278069690266
20230704093955140,6.78,6.78,6.742278069690266
20230704093955220,6.78,6.78,6.742278069690266
20230704093955240,6.78,6.78,6.742278069690266
20230704093955320,6.78,6.78,6.742278069690266
20230704093955490,6.78,6.78,6.742278069690266
20230704093955800,6.78,6.78,6.742278069690266
20230704093956000,6.78,6.78,6.742278069690266
20230704093957720,6.78,6.78,6.742278069690266
20230704093958010,6.79,6.78,6.742278069690266
20230704093958160,6.79,6.78,6.742278069690266
20230704093958180,6.79,6.78,6.742278069690266
20230704093958590,6.79,6.78,6.742278069690266
20230704093958670,6.79,6.78,6.742278069690266
20230704093958720,6.79,6.78,6.742278069690266
20230704093958800,6.79,6.78,6.742278069690266
20230704093958940,6.79,6.78,6.742278069690266
20230704094000530,6.79,6.78,6.743062236716945
20230704094000660,6.79,6.78,6.743068614130435
20230704094000750,6.79,6.78,6.743068614130435
20230704094000790,6.79,6.78,6.743068614130435
20230704094001070,6.79,6.78,6.743068614130435
20230704094001080,6.79,6.77,6.743068614130435
20230704094001150,6.79,6.77,6.743068614130435
20230704094001160,6.79,6.77,6.743146905294556
20230704094001190,6.79,6.77,6.743146905294556
20230704094001240,6.79,6.77,6.743146905294556
20230704094001330,6.79,6.77,6.743146905294556
20230704094001340,6.79,6.77,6.743146905294556
20230704094001390,6.79,6.78,6.743146905294556
20230704094001450,6.79,6.78,6.743146905294556
20230704094001460,6.79,6.78,6.743146905294556
20230704094003300,6.79,6.78,6.743146905294556
20230704094003500,6.79,6.78,6.743146905294556
20230704094003540,6.79,6.78,6.743146905294556
20230704094003590,6.79,6.78,6.7431881603901385
20230704094003790,6.79,6.78,6.7431881603901385
20230704094003820,6.79,6.78,6.7431881603901385
20230704094004020,6.79,6.78,6.7431881603901385
20230704094004070,6.79,6.78,6.7431881603901385
20230704094004100,6.79,6.78,6.7431881603901385
20230704094004280,6.79,6.78,6.7431881603901385
20230704094004320,6.79,6.78,6.7431881603901385
20230704094004350,6.79,6.78,6.7431881603901385
20230704094005810,6.79,6.78,6.7431881603901385
20230704094006260,6.79,6.78,6.743223011844331
20230704094006280,6.79,6.78,6.743223011844331
20230704094006380,6.79,6.78,6.743223011844331
20230704094006450,6.79,6.78,6.743229342897746
20230704094006470,6.79,6.78,6.743229342897746
20230704094006950,6.79,6.78,6.743229342897746
20230704094008750,6.79,6.78,6.743229342897746
20230704094008860,6.79,6.78,6.743229342897746
20230704094009140,6.79,6.78,6.743229342897746
20230704094009180,6.79,6.78,6.743229342897746
20230704094009300,6.79,6.78,6.743229342897746
20230704094009310,6.79,6.78,6.743229342897746
20230704094009320,6.79,6.78,6.743229342897746
20230704094009360,6.79,6.78,6.743229342897746
20230704094009560,6.79,6.78,6.743229342897746
20230704094009640,6.79,6.78,6.743229342897746
20230704094011270,6.79,6.78,6.743229342897746
20230704094011290,6.79,6.78,6.743229342897746
20230704094011390,6.79,6.78,6.743273391022174
20230704094011520,6.79,6.78,6.743273391022174
20230704094011670,6.79,6.78,6.743273391022174
20230704094011710,6.79,6.78,6.743273391022174
20230704094011780,6.79,6.78,6.743273391022174
20230704094012060,6.79,6.78,6.743273391022174
20230704094012290,6.79,6.78,6.743273391022174
20230704094014020,6.79,6.78,6.743273391022174
20230704094014310,6.79,6.78,6.743273391022174
20230704094014430,6.79,6.78,6.743273391022174
20230704094014440,6.79,6.78,6.743273391022174
20230704094014470,6.78,6.78,6.743273391022174
20230704094014480,6.78,6.78,6.743273391022174
20230704094014580,6.78,6.78,6.743273391022174
20230704094014630,6.78,6.78,6.743273391022174
20230704094014770,6.78,6.78,6.743273391022174
20230704094014790,6.78,6.78,6.743273391022174
20230704094014970,6.78,6.78,6.743273391022174
20230704094016950,6.78,6.77,6.743273391022174
20230704094016960,6.78,6.77,6.743273391022174
20230704094016970,6.78,6.77,6.743273391022174
20230704094017010,6.78,6.77,6.743273391022174
20230704094017040,6.78,6.77,6.743273391022174
20230704094017060,6.78,6.77,6.743273391022174
20230704094017100,6.78,6.77,6.7453577349827825
20230704094017180,6.78,6.77,6.7453577349827825
20230704094017200,6.78,6.77,6.745370984191739
20230704094017250,6.78,6.78,6.745370984191739
20230704094017420,6.78,6.78,6.745370984191739
20230704094017430,6.78,6.77,6.745370984191739
20230704094017480,6.78,6.77,6.745370984191739
20230704094017490,6.78,6.77,6.745370984191739
20230704094017500,6.78,6.77,6.745370984191739
20230704094017520,6.78,6.77,6.745370984191739
20230704094017530,6.78,6.77,6.745516059413482
20230704094017540,6.78,6.77,6.7455597819196145
20230704094017570,6.78,6.77,6.7455597819196145
20230704094017590,6.78,6.77,6.745620807492722
20230704094017640,6.79,6.77,6.745620807492722
20230704094017680,6.79,6.77,6.745620807492722
20230704094017690,6.79,6.77,6.745620807492722
20230704094017770,6.79,6.77,6.745620807492722
20230704094017780,6.79,6.77,6.745620807492722
20230704094019430,6.79,6.77,6.745620807492722
20230704094019440,6.79,6.77,6.745620807492722
20230704094019650,6.79,6.77,6.745620807492722
20230704094019710,6.79,6.77,6.745620807492722
20230704094019950,6.79,6.77,6.745620807492722
20230704094020260,6.79,6.77,6.745620807492722
20230704094020270,6.79,6.77,6.745620807492722
20230704094020480,6.79,6.77,6.745620807492722
20230704094022000,6.79,6.77,6.745620807492722
20230704094022080,6.79,6.78,6.745620807492722
20230704094022090,6.79,6.77,6.745620807492722
20230704094022160,6.79,6.77,6.745620807492722
20230704094022330,6.79,6.77,6.745620807492722
20230704094022370,6.79,6.77,6.745620807492722
20230704094022470,6.79,6.77,6.745620807492722
20230704094022680,6.79,6.77,6.745620807492722
20230704094022760,6.78,6.77,6.745773689516129
20230704094022770,6.78,6.77,6.745773689516129
20230704094022780,6.78,6.77,6.745773689516129
20230704094022820,6.78,6.77,6.745801699716714
20230704094022870,6.79,6.78,6.745812460667087
20230704094022930,6.79,6.78,6.745812460667087
20230704094022970,6.79,6.78,6.745812460667087
20230704094022980,6.79,6.78,6.745812460667087
20230704094024710,6.79,6.78,6.745812460667087
20230704094024840,6.79,6.78,6.745812460667087
20230704094025000,6.79,6.78,6.745812460667087
20230704094025070,6.78,6.78,6.745812460667087
20230704094025080,6.78,6.78,6.745812460667087
20230704094025110,6.78,6.78,6.745812460667087
20230704094025150,6.78,6.78,6.745812460667087
20230704094025170,6.78,6.78,6.745812460667087
20230704094025210,6.78,6.78,6.745812460667087
20230704094025270,6.78,6.78,6.745812460667087
20230704094025340,6.78,6.78,6.745812460667087
20230704094025500,6.78,6.78,6.745812460667087
20230704094025530,6.78,6.78,6.745812460667087
20230704094025740,6.78,6.78,6.745812460667087
20230704094025950,6.78,6.78,6.745812460667087
20230704094027630,6.78,6.78,6.745812460667087
20230704094027970,6.78,6.78,6.745812460667087
20230704094028070,6.78,6.78,6.745812460667087
20230704094028200,6.78,6.78,6.745812460667087
20230704094028370,6.78,6.78,6.745812460667087
20230704094028390,6.78,6.77,6.746026266416511
20230704094028460,6.78,6.77,6.746026266416511
20230704094030300,6.78,6.77,6.746026266416511
20230704094030420,6.78,6.77,6.746077134298552
20230704094030710,6.78,6.77,6.746077134298552
20230704094030870,6.78,6.77,6.746077134298552
20230704094030940,6.78,6.77,6.746077134298552
20230704094030970,6.78,6.77,6.746077134298552
20230704094031050,6.78,6.77,6.746077134298552
20230704094031080,6.78,6.77,6.746077134298552
20230704094031110,6.78,6.77,6.746077134298552
20230704094031190,6.78,6.77,6.746077134298552
20230704094031220,6.78,6.77,6.746077134298552
20230704094031230,6.78,6.77,6.746077134298552
20230704094031240,6.78,6.77,6.746077134298552
20230704094031260,6.78,6.77,6.746077134298552
20230704094033230,6.78,6.77,6.7460792511700465
20230704094033240,6.78,6.77,6.7460792511700465
20230704094033490,6.78,6.77,6.7460792511700465
20230704094033520,6.78,6.77,6.7460792511700465
20230704094033710,6.78,6.77,6.746081367777362
20230704094033740,6.78,6.77,6.746081367777362
20230704094033930,6.78,6.77,6.74617002738362
20230704094034030,6.78,6.77,6.74617002738362
20230704094035650,6.78,6.77,6.74617002738362
20230704094035670,6.78,6.77,6.74617002738362
20230704094035770,6.78,6.77,6.74618055123499
20230704094035780,6.78,6.77,6.74618055123499
20230704094035920,6.78,6.77,6.74618055123499
20230704094036130,6.78,6.77,6.74618055123499
20230704094036570,6.78,6.77,6.74618055123499
20230704094036660,6.78,6.77,6.74618055123499
20230704094038250,6.78,6.77,6.74618055123499
20230704094038330,6.78,6.77,6.74618055123499
20230704094038350,6.78,6.77,6.74618055123499
20230704094038510,6.78,6.77,6.746196841581696
20230704094038580,6.78,6.77,6.746214587475149
20230704094038890,6.78,6.77,6.746214587475149
20230704094038940,6.78,6.77,6.7462190198148955
20230704094039090,6.78,6.77,6.7462190198148955
20230704094039150,6.78,6.77,6.7462190198148955
20230704094039310,6.78,6.77,6.7462190198148955
20230704094039430,6.78,6.77,6.7462190198148955
20230704094040970,6.78,6.77,6.7462190198148955
20230704094041100,6.78,6.77,6.7462190198148955
20230704094041130,6.78,6.77,6.7462190198148955
20230704094041140,6.78,6.77,6.7462190198148955
20230704094041370,6.78,6.77,6.7462190198148955
20230704094041410,6.78,6.77,6.7462190198148955
20230704094041520,6.78,6.77,6.7462190198148955
20230704094041570,6.78,6.77,6.7462190198148955
20230704094041660,6.78,6.77,6.7462190198148955
20230704094041690,6.78,6.77,6.7462190198148955
20230704094043680,6.78,6.77,6.7462190198148955
20230704094043720,6.78,6.77,6.7462190198148955
20230704094043740,6.78,6.77,6.7462190198148955
20230704094043750,6.78,6.77,6.7462190198148955
20230704094043760,6.78,6.77,6.7462190198148955
20230704094043810,6.78,6.77,6.7462190198148955
20230704094043870,6.78,6.77,6.7462190198148955
20230704094043900,6.78,6.77,6.7462190198148955
20230704094043930,6.78,6.77,6.7462190198148955
20230704094044410,6.78,6.77,6.7462190198148955
20230704094044490,6.78,6.77,6.7462190198148955
20230704094044500,6.78,6.77,6.7462190198148955
20230704094044510,6.78,6.77,6.7462190198148955
20230704094044520,6.78,6.77,6.7462190198148955
20230704094044530,6.78,6.77,6.746227879540515
20230704094044560,6.78,6.77,6.746227879540515
20230704094044710,6.78,6.77,6.746227879540515
20230704094046310,6.77,6.77,6.746227879540515
20230704094046470,6.77,6.77,6.746227879540515
20230704094046490,6.77,6.77,6.746227879540515
20230704094046730,6.78,6.77,6.746227879540515
20230704094046820,6.78,6.77,6.746227879540515
20230704094046840,6.78,6.77,6.746227879540515
20230704094046860,6.78,6.77,6.746227879540515
20230704094046870,6.78,6.77,6.746227879540515
20230704094046970,6.78,6.77,6.746227879540515
20230704094047050,6.78,6.77,6.746227879540515
20230704094047130,6.78,6.77,6.746227879540515
20230704094047180,6.78,6.77,6.746227879540515
20230704094047250,6.78,6.77,6.746227879540515
20230704094047390,6.77,6.77,6.746227879540515
20230704094047420,6.77,6.77,6.746227879540515
20230704094047450,6.77,6.77,6.746227879540515
20230704094047490,6.77,6.77,6.746227879540515
20230704094049030,6.77,6.77,6.746227879540515
20230704094049040,6.77,6.77,6.746227879540515
20230704094049060,6.77,6.77,6.746227879540515
20230704094049080,6.77,6.77,6.746227879540515
20230704094049090,6.77,6.77,6.746227879540515
20230704094049230,6.77,6.77,6.746227879540515
20230704094049280,6.77,6.77,6.746227879540515
20230704094049330,6.77,6.77,6.746227879540515
20230704094049600,6.77,6.77,6.746227879540515
20230704094049610,6.77,6.77,6.746227879540515
20230704094049730,6.77,6.77,6.746227879540515
20230704094049740,6.77,6.77,6.746227879540515
20230704094049880,6.77,6.77,6.746227879540515
20230704094050120,6.77,6.77,6.746227879540515
20230704094051730,6.77,6.77,6.746227879540515
20230704094051760,6.77,6.77,6.746227879540515
20230704094051800,6.77,6.77,6.746227879540515
20230704094051940,6.77,6.77,6.746227879540515
20230704094051970,6.77,6.77,6.746227879540515
20230704094051980,6.77,6.77,6.746227879540515
20230704094052090,6.77,6.77,6.746227879540515
20230704094052100,6.77,6.77,6.746227879540515
20230704094052290,6.77,6.77,6.746227879540515
20230704094052320,6.77,6.77,6.746227879540515
20230704094052450,6.77,6.77,6.746227879540515
20230704094052530,6.77,6.77,6.746227879540515
20230704094052810,6.77,6.77,6.746227879540515
20230704094054600,6.77,6.77,6.746227879540515
20230704094054750,6.77,6.77,6.746227879540515
20230704094054800,6.77,6.77,6.746227879540515
20230704094054820,6.77,6.77,6.746227879540515
20230704094054890,6.77,6.77,6.746227879540515
20230704094055080,6.77,6.77,6.746227879540515
20230704094055130,6.77,6.77,6.746227879540515
20230704094055490,6.77,6.77,6.746227879540515
20230704094057190,6.77,6.77,6.746227879540515
20230704094057240,6.77,6.77,6.746227879540515
20230704094057270,6.77,6.77,6.746227879540515
20230704094057280,6.77,6.77,6.746227879540515
20230704094057400,6.77,6.77,6.746227879540515
20230704094057460,6.77,6.77,6.746227879540515
20230704094057510,6.77,6.77,6.746227879540515
20230704094057580,6.77,6.77,6.746227879540515
20230704094057660,6.77,6.77,6.746227879540515
20230704094057730,6.77,6.77,6.746227879540515
20230704094057800,6.77,6.77,6.746227879540515
20230704094057830,6.77,6.77,6.7464992940887605
20230704094057900,6.77,6.77,6.7464992940887605
20230704094058170,6.77,6.77,6.7464992940887605
20230704094059890,6.77,6.77,6.7464992940887605
20230704094100550,6.77,6.77,6.7464992940887605
20230704094100560,6.77,6.77,6.7464992940887605
20230704094100750,6.77,6.77,6.7464992940887605
20230704094100770,6.77,6.77,6.7464992940887605
20230704094100790,6.77,6.77,6.7464992940887605
20230704094100840,6.77,6.77,6.7464992940887605
20230704094100950,6.77,6.77,6.7464992940887605
20230704094100970,6.77,6.77,6.7464992940887605
20230704094102610,6.77,6.77,6.7464992940887605
20230704094102620,6.77,6.77,6.7464992940887605
20230704094102670,6.77,6.77,6.7464992940887605
20230704094102730,6.77,6.77,6.7464992940887605
20230704094102980,6.77,6.77,6.7464992940887605
20230704094102990,6.77,6.77,6.7464992940887605
20230704094103090,6.77,6.77,6.7464992940887605
20230704094103110,6.77,6.77,6.7464992940887605
20230704094103420,6.77,6.77,6.7464992940887605
20230704094103550,6.77,6.77,6.7464992940887605
20230704094103600,6.77,6.77,6.7464992940887605
20230704094103610,6.77,6.77,6.7464992940887605
20230704094105320,6.77,6.77,6.7464992940887605
20230704094105710,6.77,6.77,6.7464992940887605
20230704094105950,6.77,6.77,6.7464992940887605
20230704094106140,6.77,6.77,6.7464992940887605
20230704094106190,6.77,6.77,6.7464992940887605
20230704094108130,6.77,6.77,6.7464992940887605
20230704094108270,6.77,6.77,6.7464992940887605
20230704094108300,6.77,6.77,6.7464992940887605
20230704094108690,6.77,6.77,6.7464992940887605
20230704094108750,6.77,6.77,6.7464992940887605
20230704094108910,6.77,6.77,6.7464992940887605
20230704094108940,6.77,6.77,6.7464992940887605
20230704094110600,6.77,6.77,6.7464992940887605
20230704094110610,6.77,6.77,6.7464992940887605
20230704094110810,6.77,6.77,6.7464992940887605
20230704094110850,6.77,6.77,6.7464992940887605
20230704094111230,6.77,6.77,6.7464992940887605
20230704094111260,6.77,6.77,6.7464992940887605
20230704094111480,6.77,6.77,6.7464992940887605
20230704094113510,6.77,6.77,6.7464992940887605
20230704094113730,6.77,6.77,6.7464992940887605
20230704094114070,6.77,6.77,6.7464992940887605
20230704094114120,6.77,6.77,6.7464992940887605
20230704094114330,6.77,6.77,6.7464992940887605
20230704094114380,6.77,6.77,6.7464992940887605
20230704094116210,6.77,6.77,6.7464992940887605
20230704094116220,6.77,6.77,6.7464992940887605
20230704094116450,6.77,6.77,6.7464992940887605
20230704094116610,6.77,6.77,6.7464992940887605
20230704094116720,6.77,6.77,6.7464992940887605
20230704094117040,6.77,6.77,6.746598498260179
20230704094117090,6.77,6.77,6.746598498260179
20230704094117100,6.77,6.77,6.746598498260179
20230704094119030,6.77,6.77,6.746598498260179
20230704094119170,6.77,6.77,6.746598498260179
20230704094119430,6.77,6.77,6.746598498260179
20230704094119560,6.77,6.77,6.74661277530352
20230704094119610,6.77,6.77,6.74661277530352
20230704094121690,6.77,6.77,6.74661277530352
20230704094121960,6.77,6.77,6.74661277530352
20230704094122070,6.77,6.77,6.74661277530352
20230704094124320,6.77,6.77,6.74661277530352
20230704094124370,6.77,6.77,6.746625213362594
20230704094124580,6.77,6.77,6.746625213362594
20230704094124670,6.77,6.77,6.746625213362594
20230704094124680,6.77,6.77,6.746625213362594
20230704094124860,6.77,6.77,6.746625213362594
20230704094125100,6.77,6.77,6.746625213362594
20230704094125200,6.77,6.77,6.746625213362594
20230704094125330,6.77,6.77,6.746625213362594
20230704094126850,6.77,6.77,6.746625213362594
20230704094127110,6.77,6.77,6.746625213362594
20230704094127670,6.77,6.77,6.746643722970092
20230704094127830,6.77,6.77,6.746643722970092
20230704094129560,6.77,6.77,6.746643722970092
20230704094129670,6.77,6.77,6.746643722970092
20230704094129890,6.77,6.77,6.746643722970092
20230704094129940,6.77,6.77,6.746643722970092
20230704094130130,6.77,6.77,6.746643722970092
20230704094130300,6.77,6.77,6.746643722970092
20230704094132180,6.77,6.77,6.746643722970092
20230704094132590,6.77,6.77,6.746643722970092
20230704094132990,6.77,6.77,6.746643722970092
20230704094133160,6.77,6.77,6.746643722970092
20230704094134910,6.77,6.77,6.746643722970092
20230704094135400,6.77,6.77,6.746643722970092
20230704094135620,6.77,6.77,6.746643722970092
20230704094135660,6.77,6.77,6.746645145571933
20230704094135960,6.77,6.77,6.746645145571933
20230704094137890,6.77,6.77,6.746645145571933
20230704094137900,6.77,6.77,6.746645145571933
20230704094138110,6.77,6.77,6.746645145571933
20230704094138210,6.77,6.77,6.746645145571933
20230704094138580,6.77,6.77,6.746645145571933
20230704094138600,6.77,6.77,6.746645145571933
20230704094138610,6.77,6.77,6.746645145571933
20230704094138620,6.77,6.77,6.746645145571933
20230704094138790,6.77,6.77,6.746645145571933
20230704094138820,6.77,6.77,6.746645145571933
20230704094140340,6.77,6.77,6.746675174718931
20230704094140420,6.77,6.77,6.746675174718931
20230704094140430,6.77,6.77,6.746675174718931
20230704094140550,6.77,6.77,6.746675174718931
20230704094140560,6.77,6.77,6.746675174718931
20230704094140760,6.77,6.77,6.7466913505311075
20230704094140810,6.77,6.77,6.746700230498605
20230704094141070,6.77,6.77,6.746708292919496
20230704094141080,6.77,6.77,6.746708292919496
20230704094141210,6.77,6.77,6.746708292919496
20230704094141320,6.77,6.77,6.746708292919496
20230704094141470,6.77,6.77,6.746708292919496
20230704094143070,6.77,6.77,6.746711515151516
20230704094143080,6.77,6.77,6.746754862873022
20230704094143230,6.77,6.77,6.746756462913747
20230704094143240,6.77,6.77,6.746756462913747
20230704094143250,6.77,6.77,6.746756462913747
20230704094143270,6.77,6.77,6.746756462913747
20230704094143380,6.77,6.77,6.746756462913747
20230704094143640,6.77,6.77,6.746756462913747
20230704094143670,6.77,6.77,6.746756462913747
20230704094143810,6.77,6.77,6.746756462913747
20230704094143820,6.77,6.77,6.746756462913747
20230704094144050,6.77,6.77,6.746756462913747
20230704094144180,6.77,6.77,6.746756462913747
20230704094144190,6.77,6.77,6.746756462913747
20230704094144220,6.77,6.77,6.746756462913747
20230704094145680,6.77,6.77,6.746756462913747
20230704094145710,6.77,6.77,6.746756462913747
20230704094145800,6.77,6.77,6.746756462913747
20230704094145880,6.77,6.77,6.746756462913747
20230704094146070,6.77,6.77,6.746780417219342
20230704094146080,6.77,6.77,6.746781214203895
20230704094146120,6.77,6.77,6.746781214203895
20230704094146200,6.77,6.77,6.746807678420989
20230704094146220,6.77,6.77,6.746807678420989
20230704094146260,6.77,6.77,6.746807678420989
20230704094146350,6.77,6.77,6.746807678420989
20230704094146590,6.77,6.77,6.746807678420989
20230704094146660,6.77,6.77,6.746807678420989
20230704094148400,6.77,6.77,6.746807678420989
20230704094148610,6.77,6.77,6.746807678420989
20230704094148830,6.77,6.77,6.746807678420989
20230704094148890,6.77,6.77,6.746807678420989
20230704094148950,6.77,6.77,6.746807678420989
20230704094148960,6.77,6.77,6.746807678420989
20230704094149280,6.77,6.77,6.746807678420989
20230704094149380,6.77,6.77,6.746807678420989
20230704094149410,6.77,6.77,6.746807678420989
20230704094151200,6.77,6.77,6.746807678420989
20230704094151510,6.77,6.77,6.746807678420989
20230704094151520,6.77,6.77,6.746807678420989
20230704094152060,6.77,6.77,6.746807678420989
20230704094152070,6.77,6.77,6.746855926614305
20230704094152080,6.77,6.77,6.746875598659003
20230704094152090,6.77,6.77,6.74689677843524
20230704094152100,6.76,6.77,6.746898344588538
20230704094152110,6.76,6.77,6.746899910367493
20230704094153780,6.76,6.77,6.746899910367493
20230704094153800,6.76,6.77,6.746900693116634
20230704094153880,6.76,6.77,6.746900693116634
20230704094154210,6.76,6.77,6.746900693116634
20230704094154280,6.76,6.77,6.746901475772241
20230704094154480,6.76,6.77,6.746901475772241
20230704094154740,6.76,6.77,6.746901475772241
20230704094156540,6.76,6.77,6.746901475772241
20230704094156660,6.77,6.77,6.746901475772241
20230704094156700,6.77,6.77,6.746901475772241
20230704094157160,6.77,6.77,6.746901475772241
20230704094157420,6.77,6.77,6.746901475772241
20230704094157600,6.77,6.77,6.746901475772241
20230704094157680,6.77,6.77,6.746901475772241
20230704094159290,6.77,6.77,6.746901475772241
20230704094159940,6.77,6.77,6.746901475772241
20230704094159970,6.77,6.77,6.746901475772241
20230704094200050,6.77,6.77,6.746901475772241
20230704094200070,6.77,6.77,6.746901475772241
20230704094200250,6.76,6.77,6.746901475772241
20230704094202090,6.76,6.77,6.746901475772241
20230704094202430,6.76,6.77,6.746901475772241
20230704094202490,6.76,6.77,6.746901475772241
20230704094202690,6.76,6.77,6.746901475772241
20230704094202700,6.76,6.77,6.746901475772241
20230704094202960,6.76,6.77,6.746901475772241
20230704094202990,6.76,6.77,6.746901475772241
20230704094203140,6.76,6.77,6.746901475772241
20230704094205100,6.76,6.77,6.746901475772241
20230704094205160,6.76,6.77,6.746901475772241
20230704094205290,6.76,6.77,6.746901475772241
20230704094205360,6.76,6.77,6.746901475772241
20230704094205520,6.76,6.77,6.746965336821452
20230704094205650,6.76,6.77,6.746965336821452
