Timestamp,ask1,bid1,VWAP
20230626093000030,6.59,6.58,6.611476274165202
20230626093000040,6.59,6.58,6.6108
20230626093000050,6.59,6.58,6.610131795716639
20230626093000180,6.59,6.58,6.610131795716639
20230626093000190,6.59,6.58,6.610131795716639
20230626093000200,6.59,6.58,6.610131795716639
20230626093000210,6.62,6.58,6.610131795716639
20230626093000220,6.62,6.58,6.610131795716639
20230626093000230,6.62,6.58,6.610131795716639
20230626093000240,6.62,6.58,6.610131795716639
20230626093000250,6.62,6.58,6.610131795716639
20230626093000260,6.62,6.58,6.610131795716639
20230626093000270,6.62,6.6,6.610131795716639
20230626093000290,6.62,6.6,6.610131795716639
20230626093000300,6.62,6.6,6.610131795716639
20230626093000310,6.61,6.6,6.610131795716639
20230626093000330,6.6,6.59,6.609638964577656
20230626093000340,6.62,6.59,6.609625850340136
20230626093000350,6.62,6.59,6.609625850340136
20230626093000730,6.62,6.59,6.609625850340136
20230626093000740,6.62,6.59,6.609626612355736
20230626093000750,6.62,6.59,6.609626612355736
20230626093000770,6.61,6.59,6.609626612355736
20230626093000780,6.61,6.59,6.609626612355736
20230626093000800,6.61,6.59,6.609626612355736
20230626093000810,6.61,6.59,6.609626612355736
20230626093000820,6.61,6.59,6.609626612355736
20230626093000830,6.61,6.59,6.609626612355736
20230626093000860,6.61,6.59,6.609626612355736
20230626093000870,6.6,6.59,6.609626612355736
20230626093000880,6.6,6.59,6.609626612355736
20230626093000900,6.6,6.59,6.609626612355736
20230626093000920,6.6,6.59,6.609626612355736
20230626093000930,6.6,6.59,6.609561678146525
20230626093000940,6.6,6.59,6.60954375
20230626093000970,6.6,6.59,6.609455108359133
20230626093000980,6.6,6.62,6.609455108359133
20230626093000990,6.6,6.62,6.609455108359133
20230626093001020,6.61,6.59,6.609455108359133
20230626093001030,6.61,6.59,6.609455108359133
20230626093001090,6.61,6.59,6.609455108359133
20230626093001100,6.61,6.59,6.609455108359133
20230626093001110,6.61,6.59,6.609455108359133
20230626093001120,6.6,6.59,6.609455108359133
20230626093001130,6.6,6.59,6.609455108359133
20230626093001150,6.6,6.59,6.609455108359133
20230626093001160,6.6,6.59,6.609455108359133
20230626093001180,6.6,6.59,6.609455108359133
20230626093001190,6.6,6.59,6.609455108359133
20230626093001940,6.6,6.59,6.609455108359133
20230626093001950,6.6,6.59,6.609455108359133
20230626093001970,6.6,6.59,6.609455108359133
20230626093001980,6.6,6.59,6.609455108359133
20230626093001990,6.6,6.59,6.609455108359133
20230626093002010,6.6,6.59,6.609455108359133
20230626093002020,6.6,6.59,6.609455108359133
20230626093002040,6.6,6.59,6.609455108359133
20230626093002050,6.6,6.59,6.609455108359133
20230626093002110,6.6,6.59,6.609455108359133
20230626093002130,6.6,6.59,6.609455108359133
20230626093002140,6.6,6.59,6.609455108359133
20230626093002240,6.6,6.59,6.609455108359133
20230626093002250,6.6,6.59,6.609455108359133
20230626093002300,6.6,6.59,6.6092106790481715
20230626093002340,6.6,6.59,6.6092106790481715
20230626093002360,6.6,6.59,6.6092106790481715
20230626093002370,6.6,6.59,6.6092
20230626093002400,6.6,6.59,6.6092
20230626093002450,6.6,6.59,6.6092
20230626093002470,6.6,6.59,6.6092
20230626093002490,6.6,6.59,6.6092
20230626093002500,6.6,6.59,6.6092
20230626093002510,6.6,6.59,6.6092
20230626093002520,6.6,6.59,6.6092
20230626093002530,6.6,6.59,6.6092
20230626093002550,6.6,6.59,6.6092
20230626093002590,6.6,6.59,6.609189345686161
20230626093002610,6.6,6.59,6.609189345686161
20230626093002640,6.6,6.59,6.609189345686161
20230626093002650,6.6,6.59,6.609189345686161
20230626093002680,6.6,6.59,6.609189345686161
20230626093002690,6.6,6.59,6.609189345686161
20230626093003950,6.6,6.59,6.609189345686161
20230626093003980,6.6,6.59,6.609189345686161
20230626093004040,6.6,6.59,6.609189345686161
20230626093004080,6.6,6.59,6.609189345686161
20230626093004110,6.6,6.59,6.608218201754386
20230626093004120,6.6,6.58,6.606474962816064
20230626093004130,6.6,6.58,6.606393685249136
20230626093004210,6.6,6.58,6.606239768897448
20230626093004220,6.6,6.58,6.606087364960075
20230626093004240,6.6,6.58,6.606087364960075
20230626093004250,6.6,6.58,6.606087364960075
20230626093004260,6.6,6.58,6.6060307119590504
20230626093004270,6.6,6.58,6.6060307119590504
20230626093004280,6.6,6.58,6.6060307119590504
20230626093004290,6.6,6.58,6.6060307119590504
20230626093004300,6.6,6.58,6.606013921113689
20230626093004350,6.6,6.58,6.606013921113689
20230626093004360,6.6,6.58,6.606013921113689
20230626093004420,6.6,6.58,6.605984251968504
20230626093004460,6.6,6.58,6.605984251968504
20230626093004530,6.59,6.58,6.605939953810624
20230626093004540,6.59,6.58,6.605222761358624
20230626093004560,6.59,6.58,6.605216049382716
20230626093004590,6.59,6.58,6.605216049382716
20230626093004640,6.59,6.58,6.605216049382716
20230626093004670,6.59,6.58,6.605216049382716
20230626093004710,6.59,6.58,6.605216049382716
20230626093004830,6.59,6.58,6.605216049382716
20230626093004850,6.59,6.58,6.605216049382716
20230626093004890,6.59,6.58,6.605216049382716
20230626093004960,6.59,6.58,6.605023944275142
20230626093005000,6.59,6.58,6.605023944275142
20230626093005030,6.59,6.58,6.605017406440383
20230626093005050,6.59,6.58,6.605017406440383
20230626093005070,6.59,6.58,6.605017406440383
20230626093005080,6.59,6.58,6.605017406440383
20230626093007730,6.59,6.58,6.605017406440383
20230626093007810,6.59,6.58,6.605017406440383
20230626093007830,6.59,6.58,6.605017406440383
20230626093008070,6.59,6.58,6.605017406440383
20230626093008210,6.59,6.58,6.605017406440383
20230626093008220,6.59,6.58,6.605017406440383
20230626093008260,6.59,6.58,6.605017406440383
20230626093008320,6.59,6.57,6.601662279052276
20230626093008520,6.58,6.57,6.601662279052276
20230626093008620,6.58,6.57,6.601662279052276
20230626093008830,6.59,6.57,6.60136312849162
20230626093009220,6.59,6.57,6.60136312849162
20230626093009320,6.59,6.57,6.60136312849162
20230626093009490,6.59,6.57,6.60136312849162
20230626093009750,6.59,6.57,6.60136312849162
20230626093010060,6.59,6.57,6.60136312849162
20230626093010100,6.59,6.57,6.60136312849162
20230626093010110,6.59,6.56,6.6006557971014495
20230626093010120,6.59,6.56,6.5997051597051595
20230626093010160,6.59,6.56,6.5997051597051595
20230626093013560,6.59,6.56,6.5997051597051595
20230626093013660,6.59,6.56,6.5997051597051595
20230626093013740,6.59,6.57,6.5997051597051595
20230626093013830,6.59,6.56,6.5997051597051595
20230626093014030,6.59,6.56,6.5997051597051595
20230626093014060,6.59,6.56,6.5997051597051595
20230626093014110,6.59,6.56,6.5997051597051595
20230626093014120,6.59,6.56,6.5997051597051595
20230626093014510,6.59,6.56,6.5997051597051595
20230626093014530,6.59,6.56,6.5997051597051595
20230626093015430,6.59,6.56,6.5997051597051595
20230626093015490,6.59,6.56,6.5997051597051595
20230626093015500,6.58,6.56,6.5997051597051595
20230626093015520,6.58,6.56,6.5997051597051595
20230626093017840,6.58,6.56,6.5997051597051595
20230626093017850,6.58,6.56,6.5997051597051595
20230626093017890,6.58,6.56,6.5997051597051595
20230626093017950,6.58,6.56,6.5997051597051595
20230626093018050,6.58,6.57,6.5997051597051595
20230626093018210,6.58,6.57,6.5997051597051595
20230626093018240,6.59,6.58,6.5997051597051595
20230626093018270,6.59,6.58,6.5997051597051595
20230626093018420,6.59,6.58,6.5997051597051595
20230626093018460,6.6,6.58,6.59870510708402
20230626093018480,6.6,6.58,6.5986682012495885
20230626093018540,6.6,6.58,6.598695652173913
20230626093018550,6.6,6.58,6.598724409448819
20230626093018600,6.6,6.58,6.598724409448819
20230626093018640,6.6,6.59,6.598705216844752
20230626093018680,6.6,6.59,6.598705216844752
20230626093018730,6.6,6.59,6.598705216844752
20230626093018840,6.6,6.59,6.598705216844752
20230626093018900,6.6,6.59,6.598705216844752
20230626093018990,6.6,6.59,6.598705216844752
20230626093019060,6.6,6.59,6.598705216844752
20230626093019070,6.59,6.59,6.598705216844752
20230626093019080,6.6,6.58,6.598705216844752
20230626093019120,6.6,6.58,6.598705216844752
20230626093019250,6.6,6.58,6.598705216844752
20230626093019330,6.6,6.58,6.598705216844752
20230626093019380,6.59,6.58,6.598705216844752
20230626093019420,6.6,6.58,6.598705216844752
20230626093019510,6.6,6.59,6.598283069573007
20230626093021020,6.6,6.59,6.598283069573007
20230626093021050,6.6,6.59,6.598283069573007
20230626093021110,6.6,6.59,6.598283069573007
20230626093021210,6.6,6.58,6.598283069573007
20230626093021240,6.6,6.58,6.598283069573007
20230626093021280,6.6,6.58,6.598283069573007
20230626093021350,6.6,6.58,6.598283069573007
20230626093021500,6.6,6.58,6.598283069573007
20230626093021590,6.6,6.58,6.598283069573007
20230626093021690,6.6,6.59,6.598283069573007
20230626093021740,6.6,6.59,6.598283069573007
20230626093021870,6.6,6.59,6.598283069573007
20230626093021900,6.6,6.59,6.598283069573007
20230626093022000,6.6,6.59,6.598283069573007
20230626093022060,6.6,6.59,6.598283069573007
20230626093022070,6.6,6.59,6.598283069573007
20230626093022080,6.6,6.59,6.598283069573007
20230626093022090,6.6,6.59,6.598283069573007
20230626093022100,6.6,6.59,6.598283069573007
20230626093022110,6.6,6.59,6.598283069573007
20230626093022120,6.6,6.59,6.598283069573007
20230626093022130,6.6,6.59,6.598283069573007
20230626093022140,6.6,6.59,6.598283069573007
20230626093022150,6.6,6.59,6.598144418872267
20230626093022220,6.6,6.59,6.598144952545297
20230626093023690,6.6,6.59,6.598144952545297
20230626093023850,6.6,6.59,6.598144952545297
20230626093024680,6.6,6.59,6.598144952545297
20230626093024900,6.6,6.59,6.598144952545297
20230626093024910,6.6,6.59,6.598144952545297
20230626093026630,6.6,6.59,6.597992751603011
20230626093026650,6.6,6.59,6.597992751603011
20230626093026660,6.6,6.59,6.597992751603011
20230626093026850,6.6,6.6,6.597992751603011
20230626093027150,6.6,6.6,6.597997218358832
20230626093027190,6.6,6.6,6.597997218358832
20230626093027330,6.6,6.6,6.597997218358832
20230626093029120,6.6,6.6,6.597997218358832
20230626093029440,6.6,6.6,6.597997218358832
20230626093029530,6.6,6.6,6.597997218358832
20230626093029540,6.6,6.6,6.597997218358832
20230626093029580,6.6,6.6,6.597997218358832
20230626093030000,6.6,6.6,6.598154435925521
20230626093030010,6.6,6.6,6.598154435925521
20230626093030080,6.6,6.6,6.598154435925521
20230626093030160,6.6,6.6,6.598184052430366
20230626093030170,6.6,6.6,6.598184548184548
20230626093030310,6.6,6.6,6.598184548184548
20230626093030320,6.6,6.6,6.598184548184548
20230626093031800,6.6,6.59,6.598193425699538
20230626093031820,6.6,6.59,6.598219544846051
20230626093031830,6.6,6.59,6.598219544846051
20230626093032700,6.6,6.59,6.598219544846051
20230626093034760,6.6,6.6,6.598219544846051
20230626093034840,6.6,6.6,6.598219544846051
20230626093035030,6.6,6.6,6.598219544846051
20230626093035140,6.6,6.6,6.598219544846051
20230626093035560,6.6,6.6,6.598219544846051
20230626093037260,6.6,6.6,6.598219544846051
20230626093037340,6.6,6.6,6.598219544846051
20230626093037490,6.6,6.6,6.598219544846051
20230626093037500,6.6,6.6,6.598219544846051
20230626093038170,6.6,6.6,6.598219544846051
20230626093038200,6.6,6.6,6.598219544846051
20230626093038340,6.6,6.6,6.598219544846051
20230626093039910,6.6,6.6,6.598219544846051
20230626093040020,6.6,6.6,6.598219544846051
20230626093040070,6.6,6.6,6.598219544846051
20230626093040080,6.6,6.6,6.598219544846051
20230626093040090,6.6,6.6,6.598219544846051
20230626093040110,6.6,6.6,6.598219544846051
20230626093040140,6.6,6.6,6.598219544846051
20230626093040210,6.6,6.6,6.598219544846051
20230626093040620,6.6,6.6,6.598219544846051
20230626093041010,6.6,6.6,6.598219544846051
20230626093042940,6.6,6.6,6.598219544846051
20230626093043010,6.6,6.6,6.598638663967611
20230626093043070,6.6,6.6,6.59863900834809
20230626093043080,6.6,6.6,6.59863900834809
20230626093043090,6.6,6.6,6.59863900834809
20230626093043190,6.6,6.59,6.598662674650699
20230626093043400,6.6,6.59,6.598662674650699
20230626093043730,6.6,6.6,6.598662674650699
20230626093043740,6.6,6.6,6.598662674650699
20230626093045640,6.6,6.6,6.598662674650699
20230626093045910,6.6,6.6,6.598662674650699
20230626093046070,6.6,6.59,6.598662674650699
20230626093046160,6.6,6.59,6.598662674650699
20230626093046410,6.6,6.59,6.598662674650699
20230626093048100,6.6,6.6,6.598662674650699
20230626093048260,6.6,6.6,6.598662674650699
20230626093048450,6.6,6.6,6.598662674650699
20230626093048730,6.6,6.59,6.598662674650699
20230626093048780,6.6,6.59,6.598662674650699
20230626093048940,6.6,6.59,6.598662674650699
20230626093049000,6.6,6.59,6.598662674650699
20230626093049090,6.6,6.59,6.598662674650699
20230626093049100,6.6,6.59,6.598662674650699
20230626093049110,6.6,6.6,6.598662674650699
20230626093049160,6.6,6.6,6.598662674650699
20230626093051250,6.6,6.6,6.598662674650699
20230626093051430,6.6,6.59,6.598710707269155
20230626093051450,6.6,6.6,6.598710707269155
20230626093051900,6.6,6.6,6.598710707269155
20230626093053430,6.6,6.6,6.598710707269155
20230626093053440,6.6,6.6,6.598710707269155
20230626093053770,6.6,6.6,6.598710707269155
20230626093053780,6.6,6.6,6.598710707269155
20230626093053850,6.6,6.6,6.598712288447388
20230626093053960,6.6,6.6,6.598712288447388
20230626093054460,6.6,6.6,6.598712288447388
20230626093054540,6.6,6.6,6.598712288447388
20230626093056560,6.6,6.6,6.598712288447388
20230626093056580,6.6,6.6,6.598712288447388
20230626093056810,6.6,6.6,6.598712288447388
20230626093058800,6.6,6.6,6.598712288447388
20230626093059110,6.6,6.6,6.598712288447388
20230626093059120,6.6,6.6,6.598712288447388
20230626093059150,6.6,6.6,6.598712288447388
20230626093059160,6.6,6.6,6.598712288447388
20230626093059170,6.6,6.6,6.598712288447388
20230626093059260,6.6,6.6,6.598712288447388
20230626093059280,6.6,6.6,6.598712288447388
20230626093059690,6.6,6.6,6.598712288447388
20230626093102070,6.6,6.6,6.598712288447388
20230626093102090,6.6,6.6,6.598712288447388
20230626093102470,6.6,6.6,6.598836081474297
20230626093102730,6.61,6.6,6.598836081474297
20230626093102740,6.61,6.6,6.598836081474297
20230626093104210,6.61,6.61,6.598836081474297
20230626093104230,6.61,6.61,6.598836081474297
20230626093104440,6.61,6.61,6.598836081474297
20230626093104500,6.61,6.61,6.598836081474297
20230626093104510,6.61,6.61,6.598836081474297
20230626093104550,6.61,6.61,6.598836081474297
20230626093104560,6.61,6.61,6.598836081474297
20230626093104600,6.61,6.61,6.598836081474297
20230626093104700,6.61,6.61,6.598836081474297
20230626093104870,6.61,6.61,6.598836081474297
20230626093105010,6.61,6.61,6.598836081474297
20230626093105020,6.61,6.61,6.598836081474297
20230626093105030,6.61,6.61,6.598836081474297
20230626093105050,6.61,6.61,6.598836081474297
20230626093105090,6.61,6.61,6.598836081474297
20230626093105110,6.61,6.61,6.598836081474297
20230626093105140,6.61,6.61,6.598836081474297
20230626093105200,6.61,6.61,6.598836081474297
20230626093105350,6.61,6.61,6.598836081474297
20230626093105360,6.61,6.61,6.598836081474297
20230626093105380,6.61,6.61,6.598836081474297
20230626093105410,6.61,6.61,6.598836081474297
20230626093105440,6.61,6.61,6.598836081474297
20230626093106890,6.61,6.61,6.598836081474297
20230626093106930,6.61,6.61,6.598836081474297
20230626093107010,6.61,6.61,6.598836081474297
20230626093107070,6.61,6.61,6.598836081474297
20230626093107080,6.61,6.61,6.598836081474297
20230626093107090,6.61,6.61,6.598836081474297
20230626093107100,6.61,6.61,6.598836081474297
20230626093107110,6.61,6.61,6.598836081474297
20230626093107120,6.61,6.61,6.598836081474297
20230626093107140,6.61,6.61,6.602029598308668
20230626093107150,6.61,6.61,6.602029598308668
20230626093107160,6.61,6.61,6.602029598308668
20230626093107190,6.61,6.61,6.602029598308668
20230626093107200,6.61,6.61,6.602029598308668
20230626093107210,6.61,6.61,6.602029598308668
20230626093107380,6.61,6.61,6.602029598308668
20230626093107500,6.61,6.61,6.602029598308668
20230626093107520,6.61,6.61,6.602029598308668
20230626093107530,6.61,6.61,6.602029598308668
20230626093107560,6.61,6.61,6.602029598308668
20230626093107680,6.61,6.61,6.602029598308668
20230626093107730,6.61,6.61,6.602029598308668
20230626093108030,6.61,6.61,6.602029598308668
20230626093108060,6.61,6.61,6.602029598308668
20230626093110090,6.61,6.61,6.602029598308668
20230626093110120,6.61,6.61,6.602029598308668
20230626093110130,6.61,6.61,6.602029598308668
20230626093110150,6.61,6.61,6.602029598308668
20230626093110250,6.61,6.61,6.602029598308668
20230626093110420,6.62,6.61,6.604009410183163
20230626093110450,6.62,6.61,6.604009410183163
20230626093110520,6.62,6.61,6.604009410183163
20230626093110590,6.62,6.61,6.604009410183163
20230626093110650,6.62,6.61,6.604009410183163
20230626093110660,6.63,6.61,6.604776835706287
20230626093110670,6.63,6.61,6.604776835706287
20230626093110810,6.63,6.61,6.604776835706287
20230626093110830,6.62,6.61,6.604776835706287
20230626093112520,6.62,6.61,6.604776835706287
20230626093112540,6.63,6.61,6.604856779121579
20230626093112570,6.63,6.61,6.604856779121579
20230626093112630,6.62,6.61,6.604856779121579
20230626093112640,6.62,6.61,6.604864821882952
20230626093112660,6.62,6.61,6.604864821882952
20230626093112730,6.62,6.61,6.604864821882952
20230626093112760,6.63,6.61,6.60487684729064
20230626093112990,6.63,6.61,6.60487684729064
20230626093113030,6.63,6.61,6.60487684729064
20230626093113120,6.63,6.62,6.605014958274287
20230626093113130,6.63,6.62,6.605026746381372
20230626093113140,6.63,6.62,6.605029101777568
20230626093113180,6.63,6.62,6.605029101777568
20230626093113190,6.63,6.62,6.605146391106936
20230626093113230,6.63,6.62,6.605146391106936
20230626093113260,6.63,6.62,6.605146391106936
20230626093113290,6.63,6.62,6.605146391106936
20230626093113380,6.63,6.62,6.605146391106936
20230626093113420,6.63,6.62,6.605146391106936
20230626093113460,6.63,6.62,6.605146391106936
20230626093113500,6.63,6.62,6.605146391106936
20230626093113520,6.63,6.62,6.605146391106936
20230626093115000,6.63,6.62,6.605146391106936
20230626093115010,6.63,6.62,6.605146391106936
20230626093115090,6.63,6.62,6.605146391106936
20230626093115120,6.63,6.62,6.605146391106936
20230626093115150,6.63,6.62,6.605146391106936
20230626093115370,6.63,6.62,6.605146391106936
20230626093115410,6.63,6.62,6.605146391106936
20230626093115460,6.63,6.62,6.605146391106936
20230626093115470,6.63,6.62,6.605368941031182
20230626093115500,6.63,6.62,6.605368941031182
20230626093115560,6.63,6.62,6.605368941031182
20230626093115570,6.63,6.62,6.605368941031182
20230626093115720,6.63,6.62,6.605368941031182
20230626093115730,6.63,6.62,6.605368941031182
20230626093115760,6.63,6.62,6.605368941031182
20230626093115880,6.63,6.62,6.605382597963591
20230626093116080,6.63,6.62,6.605382597963591
20230626093116090,6.63,6.62,6.605382597963591
20230626093116110,6.63,6.62,6.605382597963591
20230626093116140,6.63,6.62,6.605382597963591
20230626093116150,6.63,6.62,6.605574774223174
20230626093116230,6.63,6.62,6.605574774223174
20230626093117800,6.63,6.62,6.605574774223174
20230626093117840,6.63,6.62,6.605574774223174
20230626093118070,6.63,6.62,6.605574774223174
20230626093118110,6.63,6.62,6.605578512396694
20230626093118140,6.63,6.62,6.605578512396694
20230626093118280,6.63,6.62,6.605578512396694
20230626093118370,6.63,6.62,6.605578512396694
20230626093118440,6.63,6.62,6.605578512396694
20230626093118500,6.63,6.62,6.605578512396694
20230626093118510,6.63,6.62,6.605578512396694
20230626093118540,6.63,6.62,6.605578512396694
20230626093118560,6.63,6.62,6.605578512396694
20230626093120530,6.63,6.62,6.605578512396694
20230626093120600,6.63,6.62,6.605578512396694
20230626093121090,6.63,6.62,6.605578512396694
20230626093121100,6.63,6.62,6.605578512396694
20230626093121400,6.63,6.62,6.605578512396694
20230626093121530,6.63,6.62,6.605578512396694
20230626093121550,6.63,6.62,6.605578512396694
20230626093121570,6.63,6.62,6.605578512396694
20230626093121630,6.63,6.62,6.605578512396694
20230626093121640,6.63,6.62,6.605578512396694
20230626093123210,6.63,6.62,6.605578512396694
20230626093123230,6.63,6.62,6.605578512396694
20230626093123270,6.63,6.62,6.605578512396694
20230626093123340,6.63,6.62,6.605578512396694
20230626093123550,6.63,6.62,6.605578512396694
20230626093123560,6.63,6.62,6.605578512396694
20230626093123610,6.63,6.62,6.605578512396694
20230626093123830,6.63,6.62,6.605578512396694
20230626093123890,6.63,6.62,6.605709942231681
20230626093124010,6.63,6.62,6.605709942231681
20230626093124050,6.63,6.62,6.605709942231681
20230626093124110,6.63,6.62,6.6058309390594285
20230626093124340,6.62,6.61,6.607125583951635
20230626093124350,6.62,6.61,6.607125583951635
20230626093125820,6.62,6.61,6.6071959551790105
20230626093125880,6.62,6.61,6.6071959551790105
20230626093126330,6.62,6.61,6.6071959551790105
20230626093126470,6.62,6.61,6.607230853093486
20230626093126570,6.62,6.61,6.607230853093486
20230626093126580,6.62,6.61,6.607230853093486
20230626093126720,6.62,6.61,6.60724128540305
20230626093126750,6.62,6.61,6.60724128540305
20230626093126860,6.62,6.61,6.60724128540305
20230626093128740,6.62,6.61,6.60724128540305
20230626093128780,6.62,6.61,6.60724128540305
20230626093128790,6.62,6.61,6.60724128540305
20230626093128980,6.62,6.61,6.60724128540305
20230626093129040,6.62,6.61,6.60724128540305
20230626093129080,6.62,6.61,6.60724128540305
20230626093129200,6.62,6.61,6.60724128540305
20230626093131280,6.62,6.61,6.607318987684396
20230626093131350,6.62,6.61,6.607318987684396
20230626093131640,6.63,6.61,6.607318987684396
20230626093131670,6.63,6.61,6.607318987684396
20230626093131690,6.63,6.61,6.607318987684396
20230626093131710,6.63,6.61,6.607318987684396
20230626093131830,6.63,6.61,6.607318987684396
20230626093132070,6.63,6.61,6.607318987684396
20230626093132140,6.63,6.61,6.607318987684396
20230626093132300,6.63,6.61,6.607318987684396
20230626093133990,6.63,6.61,6.607318987684396
20230626093134020,6.63,6.61,6.607318987684396
20230626093134110,6.62,6.61,6.607318987684396
20230626093134120,6.62,6.61,6.607318987684396
20230626093134170,6.62,6.61,6.607318987684396
20230626093134180,6.62,6.61,6.607318987684396
20230626093134220,6.62,6.61,6.607318987684396
20230626093134410,6.62,6.61,6.607318987684396
20230626093134580,6.62,6.61,6.607318987684396
20230626093134620,6.62,6.61,6.607318987684396
20230626093134640,6.62,6.61,6.607318987684396
20230626093134930,6.62,6.61,6.607318987684396
20230626093135010,6.62,6.61,6.607318987684396
20230626093135020,6.62,6.61,6.607318987684396
20230626093135060,6.62,6.61,6.607318987684396
20230626093135070,6.62,6.61,6.607318987684396
20230626093135110,6.62,6.61,6.607318987684396
20230626093135120,6.62,6.61,6.607318987684396
20230626093136610,6.62,6.61,6.607318987684396
20230626093136770,6.62,6.61,6.607318987684396
20230626093136820,6.62,6.61,6.607318987684396
20230626093136830,6.62,6.61,6.607318987684396
20230626093136840,6.62,6.61,6.607753099173554
20230626093137070,6.62,6.61,6.607753099173554
20230626093137130,6.62,6.61,6.607753099173554
20230626093137170,6.62,6.61,6.607753099173554
20230626093137190,6.62,6.61,6.607753099173554
20230626093137200,6.62,6.61,6.607753099173554
20230626093137220,6.62,6.61,6.607753099173554
20230626093137280,6.62,6.61,6.607753099173554
20230626093137310,6.62,6.61,6.607753099173554
20230626093137440,6.62,6.61,6.607753099173554
20230626093137490,6.62,6.61,6.607753099173554
20230626093137590,6.62,6.61,6.607753099173554
20230626093137610,6.62,6.61,6.607753099173554
20230626093137650,6.62,6.61,6.607753099173554
20230626093139430,6.62,6.61,6.607753099173554
20230626093139490,6.62,6.61,6.607753099173554
20230626093139590,6.62,6.61,6.607753099173554
20230626093139610,6.62,6.61,6.607753099173554
20230626093139630,6.62,6.61,6.607753099173554
20230626093139780,6.62,6.61,6.607979589357308
20230626093139790,6.62,6.61,6.607984486728881
20230626093139820,6.62,6.61,6.607984486728881
20230626093139830,6.62,6.61,6.608010527575069
20230626093139860,6.62,6.61,6.608016696481813
20230626093140030,6.62,6.61,6.608016696481813
20230626093140070,6.62,6.61,6.608016696481813
20230626093140090,6.62,6.61,6.608016696481813
20230626093140100,6.62,6.61,6.60802962085308
20230626093140110,6.61,6.61,6.60802962085308
20230626093140120,6.61,6.61,6.60802962085308
20230626093140130,6.61,6.61,6.6080734476367
20230626093140140,6.61,6.61,6.60807433997221
20230626093140150,6.61,6.61,6.608076789638025
20230626093140160,6.61,6.6,6.608230474569058
20230626093140200,6.61,6.6,6.608230474569058
20230626093140260,6.61,6.6,6.608230474569058
20230626093140280,6.61,6.6,6.608230474569058
20230626093140390,6.61,6.6,6.608230474569058
20230626093140400,6.61,6.6,6.608230474569058
20230626093141990,6.61,6.6,6.608230474569058
20230626093142080,6.61,6.6,6.608230474569058
20230626093142100,6.61,6.6,6.608230474569058
20230626093142180,6.61,6.6,6.608230474569058
20230626093142270,6.61,6.6,6.608230474569058
20230626093142280,6.61,6.6,6.608230474569058
20230626093142290,6.61,6.6,6.608230474569058
20230626093142400,6.61,6.6,6.608230474569058
20230626093142410,6.61,6.6,6.608230474569058
20230626093142440,6.61,6.6,6.608230474569058
20230626093142600,6.61,6.6,6.608230474569058
20230626093142610,6.6,6.6,6.6079816608283535
20230626093142620,6.6,6.6,6.6079816608283535
20230626093142640,6.6,6.6,6.6079816608283535
20230626093142670,6.6,6.6,6.6079816608283535
20230626093142690,6.6,6.6,6.607975087502574
20230626093142790,6.6,6.6,6.607975087502574
20230626093142840,6.6,6.6,6.607975087502574
20230626093142890,6.6,6.6,6.607975087502574
20230626093143060,6.6,6.6,6.607975087502574
20230626093143070,6.6,6.6,6.607975087502574
20230626093143120,6.6,6.6,6.607975087502574
20230626093143130,6.6,6.59,6.607875584468388
20230626093143140,6.6,6.59,6.607875584468388
20230626093143150,6.6,6.6,6.607875584468388
20230626093143160,6.6,6.6,6.607875584468388
20230626093143190,6.6,6.6,6.607875584468388
20230626093144980,6.6,6.6,6.607875584468388
20230626093145160,6.6,6.6,6.607875584468388
20230626093145570,6.6,6.6,6.607875584468388
20230626093145610,6.6,6.6,6.607875584468388
20230626093145640,6.6,6.6,6.607875584468388
20230626093145670,6.6,6.59,6.607876941821504
20230626093145680,6.6,6.6,6.607876941821504
20230626093145800,6.6,6.59,6.607876941821504
20230626093145810,6.6,6.59,6.607876941821504
20230626093145840,6.6,6.59,6.607876941821504
20230626093145850,6.6,6.59,6.607876941821504
20230626093145880,6.6,6.59,6.607876941821504
20230626093145910,6.6,6.6,6.607876941821504
20230626093147450,6.6,6.6,6.607876941821504
20230626093147570,6.6,6.6,6.607876941821504
20230626093147640,6.6,6.6,6.607876941821504
20230626093147840,6.6,6.6,6.607876941821504
20230626093147870,6.6,6.6,6.607876941821504
20230626093147900,6.6,6.6,6.607876941821504
20230626093147990,6.6,6.6,6.607876941821504
20230626093148050,6.6,6.6,6.607876941821504
20230626093148150,6.6,6.6,6.607876941821504
20230626093148300,6.6,6.6,6.607876941821504
20230626093148630,6.6,6.6,6.607876941821504
20230626093148640,6.6,6.6,6.607876941821504
20230626093150080,6.6,6.6,6.607876941821504
20230626093150110,6.6,6.6,6.607876941821504
20230626093150140,6.6,6.6,6.607876941821504
20230626093150170,6.6,6.6,6.607876941821504
20230626093150650,6.6,6.6,6.607876941821504
20230626093150680,6.6,6.6,6.607876941821504
20230626093150700,6.6,6.6,6.607876941821504
20230626093150730,6.6,6.6,6.607876941821504
20230626093150780,6.6,6.6,6.607876941821504
20230626093150930,6.6,6.6,6.607876941821504
20230626093153080,6.6,6.6,6.607876941821504
20230626093153090,6.6,6.6,6.607876941821504
20230626093153140,6.6,6.6,6.607876941821504
20230626093153150,6.6,6.6,6.607876941821504
20230626093153190,6.6,6.6,6.607876941821504
20230626093153240,6.6,6.6,6.607876941821504
20230626093153650,6.6,6.6,6.607876941821504
20230626093153680,6.6,6.6,6.607876941821504
20230626093153900,6.6,6.6,6.607876941821504
20230626093153920,6.6,6.6,6.607876941821504
20230626093156330,6.6,6.6,6.607876941821504
20230626093156640,6.6,6.6,6.607876941821504
20230626093156650,6.6,6.6,6.607876941821504
20230626093156690,6.6,6.6,6.607876941821504
20230626093156750,6.6,6.6,6.607876941821504
20230626093158200,6.6,6.6,6.607876941821504
20230626093158280,6.6,6.6,6.607876941821504
20230626093158640,6.6,6.6,6.607876941821504
20230626093158650,6.6,6.6,6.607876941821504
20230626093158680,6.6,6.6,6.607876941821504
20230626093158690,6.6,6.6,6.607876941821504
20230626093158800,6.6,6.6,6.607876941821504
20230626093158840,6.6,6.6,6.607876941821504
20230626093159010,6.6,6.6,6.607876941821504
20230626093159020,6.6,6.6,6.607876941821504
20230626093159150,6.6,6.6,6.607876941821504
20230626093159170,6.6,6.6,6.607876941821504
20230626093159210,6.6,6.6,6.6077409698662946
20230626093159230,6.6,6.6,6.6077409698662946
20230626093201080,6.6,6.6,6.6077409698662946
20230626093201120,6.6,6.6,6.607741871135049
20230626093201130,6.6,6.6,6.607741871135049
20230626093201340,6.6,6.6,6.607741871135049
20230626093201440,6.6,6.6,6.607741871135049
20230626093201770,6.6,6.6,6.607741871135049
20230626093201880,6.6,6.6,6.607741871135049
20230626093201930,6.6,6.6,6.607741871135049
20230626093201940,6.6,6.6,6.607741871135049
20230626093204090,6.6,6.6,6.607741871135049
20230626093204120,6.6,6.6,6.607741871135049
20230626093204510,6.6,6.6,6.607741871135049
20230626093206490,6.6,6.6,6.607741871135049
20230626093206670,6.6,6.6,6.607741871135049
20230626093206690,6.6,6.6,6.607741871135049
20230626093206700,6.6,6.6,6.607741871135049
20230626093207150,6.6,6.6,6.607741871135049
20230626093207240,6.6,6.6,6.607741871135049
20230626093209850,6.6,6.6,6.607741871135049
20230626093210150,6.6,6.6,6.607741871135049
20230626093212550,6.6,6.6,6.607741871135049
20230626093214820,6.6,6.6,6.607741871135049
20230626093215070,6.6,6.6,6.607741871135049
20230626093215100,6.6,6.6,6.607742224880383
20230626093217290,6.6,6.6,6.607744473212508
20230626093217450,6.6,6.6,6.607743702081051
20230626093217520,6.6,6.61,6.607743702081051
20230626093217530,6.6,6.61,6.607743702081051
20230626093217570,6.6,6.6,6.6077477387933605
20230626093217580,6.6,6.6,6.6077477387933605
20230626093217850,6.6,6.6,6.607746198946637
20230626093217960,6.6,6.6,6.607746198946637
20230626093218080,6.6,6.6,6.607746198946637
20230626093218120,6.6,6.6,6.607746198946637
20230626093219990,6.6,6.6,6.60774158307677
20230626093220150,6.6,6.6,6.60774158307677
20230626093220200,6.6,6.6,6.607670141620771
20230626093220400,6.6,6.6,6.6076747153513935
20230626093220500,6.61,6.6,6.607675627943485
20230626093222580,6.61,6.6,6.607675627943485
20230626093223010,6.61,6.6,6.607675627943485
20230626093223020,6.61,6.6,6.607675627943485
20230626093223030,6.61,6.6,6.607675627943485
20230626093223320,6.61,6.6,6.607675627943485
20230626093223490,6.61,6.6,6.607675627943485
20230626093223660,6.61,6.6,6.607675627943485
20230626093225300,6.61,6.6,6.607675627943485
20230626093225740,6.61,6.6,6.607675627943485
20230626093225750,6.61,6.6,6.607675627943485
20230626093225760,6.61,6.6,6.607675627943485
20230626093225770,6.61,6.6,6.607675627943485
20230626093225780,6.61,6.6,6.607675627943485
20230626093225800,6.61,6.6,6.607675627943485
20230626093225810,6.61,6.6,6.607675627943485
20230626093225820,6.61,6.6,6.607675627943485
20230626093226440,6.61,6.6,6.607675627943485
20230626093227970,6.61,6.6,6.607675627943485
20230626093228060,6.61,6.6,6.607675627943485
20230626093228130,6.61,6.6,6.607675627943485
20230626093228230,6.61,6.6,6.607675627943485
20230626093228460,6.61,6.6,6.607675627943485
20230626093228560,6.61,6.6,6.607675627943485
20230626093228940,6.61,6.6,6.607675627943485
20230626093230610,6.61,6.6,6.607675627943485
20230626093230930,6.61,6.6,6.607542835263712
20230626093231000,6.61,6.6,6.607542835263712
20230626093231060,6.61,6.6,6.607309833024119
20230626093231070,6.61,6.6,6.607273398560088
20230626093231080,6.6,6.6,6.607273398560088
20230626093231090,6.6,6.6,6.607273398560088
20230626093231100,6.6,6.6,6.607273398560088
20230626093231120,6.6,6.6,6.607273398560088
20230626093231140,6.6,6.6,6.607273398560088
20230626093231370,6.6,6.6,6.607273398560088
20230626093231380,6.6,6.6,6.607273398560088
20230626093231440,6.6,6.6,6.607273398560088
20230626093231700,6.6,6.6,6.607273398560088
20230626093231710,6.6,6.6,6.607273398560088
20230626093231800,6.6,6.6,6.607273398560088
20230626093233470,6.6,6.6,6.607273398560088
20230626093234070,6.6,6.6,6.607273398560088
20230626093234120,6.6,6.6,6.607273398560088
20230626093234140,6.6,6.6,6.607273398560088
20230626093234180,6.6,6.6,6.607273398560088
20230626093234210,6.6,6.6,6.607273398560088
20230626093234390,6.6,6.6,6.607266691257839
20230626093236020,6.6,6.6,6.607266691257839
20230626093236180,6.6,6.6,6.60726267281106
20230626093236500,6.6,6.6,6.60726267281106
20230626093236790,6.6,6.6,6.60726267281106
20230626093237060,6.6,6.6,6.60726267281106
20230626093237070,6.6,6.6,6.60726267281106
20230626093237080,6.6,6.6,6.60726267281106
20230626093237100,6.6,6.6,6.60726267281106
20230626093237110,6.6,6.6,6.60726267281106
20230626093237120,6.6,6.6,6.60726267281106
20230626093237130,6.6,6.6,6.60725665346717
20230626093237160,6.6,6.6,6.60725665346717
20230626093237180,6.6,6.6,6.60725665346717
20230626093239600,6.6,6.6,6.60725665346717
20230626093239640,6.6,6.6,6.60725665346717
20230626093239720,6.6,6.6,6.60725665346717
20230626093241740,6.59,6.6,6.60725665346717
20230626093241780,6.59,6.6,6.60725665346717
20230626093241790,6.59,6.6,6.60725665346717
20230626093241810,6.59,6.6,6.60725665346717
20230626093242050,6.59,6.6,6.60725665346717
20230626093242360,6.59,6.6,6.60725665346717
20230626093244100,6.59,6.6,6.607243949572099
20230626093244110,6.59,6.6,6.607243949572099
20230626093244130,6.59,6.6,6.607243949572099
20230626093244250,6.59,6.6,6.607243949572099
20230626093244350,6.59,6.6,6.607243949572099
20230626093244360,6.59,6.6,6.607243949572099
20230626093244590,6.59,6.6,6.607243949572099
20230626093244800,6.59,6.6,6.607243949572099
20230626093245320,6.59,6.6,6.607243949572099
20230626093247900,6.59,6.6,6.607243949572099
20230626093249560,6.59,6.6,6.607243949572099
20230626093249710,6.59,6.6,6.607243949572099
20230626093250350,6.59,6.6,6.607243949572099
20230626093250360,6.59,6.6,6.607243949572099
20230626093250510,6.59,6.6,6.607243949572099
20230626093250640,6.59,6.6,6.607243949572099
20230626093252300,6.59,6.6,6.607243949572099
20230626093252470,6.59,6.6,6.607215585370336
20230626093252880,6.59,6.6,6.607215585370336
20230626093253250,6.59,6.6,6.607215585370336
20230626093255080,6.59,6.6,6.607201358920209
20230626093255110,6.59,6.6,6.607201358920209
20230626093255150,6.59,6.6,6.607201358920209
20230626093255300,6.59,6.6,6.607201358920209
20230626093255720,6.59,6.6,6.607201358920209
20230626093255730,6.59,6.6,6.607201358920209
20230626093257680,6.59,6.6,6.607201358920209
20230626093258010,6.59,6.6,6.607201358920209
20230626093258120,6.59,6.6,6.607170105456213
20230626093258230,6.59,6.6,6.607170105456213
20230626093258460,6.59,6.6,6.607170105456213
20230626093258520,6.59,6.6,6.607170105456213
20230626093258710,6.59,6.6,6.607170105456213
20230626093300540,6.59,6.6,6.607170105456213
20230626093300550,6.59,6.6,6.607170105456213
20230626093300640,6.59,6.6,6.607170105456213
20230626093301100,6.59,6.6,6.607170105456213
20230626093301400,6.59,6.6,6.607170105456213
20230626093301540,6.59,6.6,6.607170105456213
20230626093303440,6.59,6.6,6.607170105456213
20230626093303690,6.59,6.6,6.607170105456213
20230626093303850,6.59,6.6,6.607170105456213
20230626093304040,6.59,6.6,6.607170105456213
20230626093304090,6.59,6.6,6.607170105456213
20230626093305720,6.59,6.6,6.607170105456213
20230626093305920,6.59,6.6,6.607170105456213
20230626093306070,6.59,6.6,6.606987109658678
20230626093306120,6.59,6.6,6.606987109658678
20230626093306130,6.59,6.59,6.606843340857788
20230626093306380,6.59,6.59,6.606843340857788
20230626093306490,6.59,6.59,6.606843340857788
20230626093306530,6.59,6.59,6.606843340857788
20230626093306810,6.59,6.59,6.606843340857788
20230626093306850,6.59,6.59,6.606843340857788
20230626093306880,6.59,6.59,6.606838494177124
20230626093306910,6.59,6.59,6.606814207157667
20230626093308740,6.59,6.59,6.606752290282019
20230626093308970,6.59,6.59,6.606752290282019
20230626093309630,6.59,6.59,6.606752290282019
20230626093311090,6.59,6.59,6.606752290282019
20230626093311120,6.59,6.59,6.606752290282019
20230626093311310,6.59,6.59,6.606752290282019
20230626093311410,6.59,6.59,6.606752290282019
20230626093311440,6.59,6.59,6.606752290282019
20230626093311590,6.59,6.59,6.606752290282019
20230626093311680,6.59,6.59,6.606752290282019
20230626093311960,6.59,6.59,6.606752290282019
20230626093312130,6.59,6.59,6.606752290282019
20230626093312140,6.59,6.59,6.606723751457007
20230626093312150,6.59,6.59,6.606723751457007
20230626093312230,6.59,6.59,6.606693815447955
20230626093313880,6.59,6.59,6.606693815447955
20230626093314040,6.59,6.59,6.606693815447955
20230626093314060,6.59,6.59,6.606693815447955
20230626093314150,6.59,6.59,6.606693815447955
20230626093314400,6.59,6.59,6.606693815447955
20230626093314800,6.59,6.59,6.606693815447955
20230626093314870,6.59,6.59,6.606693815447955
20230626093316570,6.59,6.59,6.606693815447955
20230626093317400,6.59,6.59,6.606693815447955
20230626093319340,6.59,6.59,6.606693815447955
20230626093319500,6.59,6.59,6.606693815447955
20230626093319860,6.59,6.59,6.606693815447955
20230626093320160,6.59,6.59,6.606693815447955
20230626093320250,6.59,6.59,6.606693815447955
20230626093320380,6.59,6.59,6.606693815447955
20230626093320400,6.59,6.59,6.606693815447955
20230626093321980,6.59,6.59,6.606693815447955
20230626093322000,6.59,6.59,6.606693815447955
20230626093322120,6.59,6.59,6.606693815447955
20230626093322130,6.59,6.59,6.606693815447955
20230626093322140,6.59,6.59,6.606693815447955
20230626093322690,6.59,6.59,6.606693815447955
20230626093322850,6.59,6.59,6.606693815447955
20230626093323000,6.59,6.59,6.606693815447955
20230626093324820,6.59,6.59,6.606693815447955
20230626093324830,6.59,6.59,6.606693815447955
20230626093324870,6.59,6.59,6.606693815447955
20230626093324880,6.59,6.59,6.606693815447955
20230626093325490,6.59,6.59,6.606644337263308
20230626093327340,6.59,6.59,6.606644337263308
20230626093327890,6.59,6.59,6.606644337263308
20230626093328100,6.59,6.59,6.606644337263308
20230626093328200,6.59,6.59,6.606644337263308
20230626093328310,6.59,6.59,6.606644337263308
20230626093330760,6.59,6.59,6.606606314662861
20230626093331080,6.59,6.59,6.606606314662861
20230626093331120,6.59,6.59,6.606606314662861
20230626093331170,6.59,6.59,6.606606314662861
20230626093333070,6.59,6.59,6.606606314662861
20230626093333230,6.59,6.59,6.606606314662861
20230626093333330,6.59,6.59,6.606606314662861
20230626093333350,6.59,6.59,6.606606314662861
20230626093333550,6.59,6.59,6.606606314662861
20230626093335390,6.59,6.59,6.606606314662861
20230626093335460,6.59,6.59,6.606606314662861
20230626093335540,6.59,6.59,6.606606314662861
20230626093335640,6.59,6.59,6.606606314662861
20230626093335730,6.59,6.59,6.606606314662861
20230626093335950,6.59,6.59,6.6065773067331675
20230626093336090,6.59,6.59,6.6065773067331675
20230626093336540,6.59,6.59,6.6065773067331675
20230626093338110,6.59,6.59,6.606524325284091
20230626093338130,6.59,6.59,6.606292892156863
20230626093338140,6.59,6.59,6.606292892156863
20230626093338150,6.59,6.59,6.606292892156863
20230626093338160,6.59,6.59,6.606292892156863
20230626093338170,6.59,6.59,6.606271527231401
20230626093338180,6.59,6.59,6.606262996941896
20230626093338190,6.59,6.59,6.606216239763025
20230626093338200,6.59,6.59,6.606216239763025
20230626093338210,6.59,6.59,6.606216239763025
20230626093338220,6.59,6.59,6.606216239763025
20230626093338230,6.59,6.59,6.606206356116674
20230626093338250,6.59,6.59,6.606172560604744
20230626093338270,6.59,6.59,6.606172560604744
20230626093338290,6.59,6.59,6.606172560604744
20230626093338300,6.59,6.59,6.606172560604744
20230626093338330,6.59,6.59,6.606172560604744
20230626093338350,6.59,6.59,6.606172560604744
20230626093338420,6.59,6.59,6.606171155516942
20230626093338610,6.59,6.59,6.606171155516942
20230626093338750,6.59,6.59,6.606125758889853
20230626093338770,6.59,6.59,6.606123493192264
20230626093338990,6.59,6.59,6.606039937759336
20230626093339160,6.59,6.59,6.606039937759336
20230626093339210,6.59,6.59,6.606039937759336
20230626093339280,6.59,6.59,6.606039937759336
20230626093339300,6.59,6.59,6.606039937759336
20230626093340840,6.59,6.59,6.605927870545705
20230626093340990,6.59,6.59,6.605927870545705
20230626093341060,6.59,6.59,6.605927870545705
20230626093341330,6.59,6.59,6.605927870545705
20230626093341350,6.59,6.59,6.605927870545705
20230626093341360,6.59,6.59,6.605735155916275
20230626093344060,6.59,6.59,6.605735155916275
20230626093344090,6.59,6.59,6.605735155916275
20230626093344160,6.59,6.58,6.605669365146996
20230626093344230,6.59,6.58,6.605669365146996
20230626093344330,6.59,6.58,6.605656247338387
20230626093344370,6.59,6.58,6.605656247338387
20230626093344420,6.59,6.58,6.605656247338387
20230626093346260,6.59,6.58,6.605656247338387
20230626093346320,6.59,6.58,6.605656247338387
20230626093346600,6.59,6.58,6.605656247338387
20230626093346730,6.59,6.58,6.605636270840422
20230626093346920,6.59,6.58,6.605636270840422
20230626093347020,6.59,6.58,6.60562962333135
20230626093347040,6.59,6.58,6.605408214585079
20230626093347050,6.59,6.58,6.605259837290387
20230626093347060,6.59,6.58,6.605252240292068
20230626093347090,6.59,6.58,6.605252240292068
20230626093347230,6.59,6.58,6.605252240292068
20230626093347410,6.59,6.59,6.605252240292068
20230626093347420,6.59,6.59,6.605252240292068
20230626093349130,6.59,6.59,6.605221927790659
20230626093349150,6.59,6.59,6.605220667384284
20230626093349180,6.59,6.59,6.605220667384284
20230626093349350,6.59,6.59,6.605220667384284
20230626093350020,6.59,6.59,6.605220667384284
20230626093350040,6.59,6.59,6.605220667384284
20230626093352550,6.59,6.59,6.605220667384284
20230626093354820,6.59,6.59,6.605220667384284
20230626093354950,6.59,6.59,6.605220667384284
20230626093354960,6.59,6.59,6.605220667384284
20230626093355260,6.59,6.59,6.605220667384284
20230626093356980,6.59,6.59,6.605220667384284
20230626093356990,6.59,6.59,6.605220667384284
20230626093357190,6.59,6.59,6.605220667384284
20230626093357270,6.59,6.59,6.605220667384284
20230626093357280,6.59,6.59,6.605220667384284
20230626093357350,6.59,6.59,6.6051883986118
20230626093357420,6.59,6.59,6.6051883986118
20230626093357780,6.59,6.59,6.6051883986118
20230626093357960,6.59,6.59,6.6051883986118
20230626093358090,6.59,6.58,6.6051883986118
20230626093358120,6.59,6.58,6.6051883986118
20230626093358220,6.59,6.58,6.6051883986118
20230626093359770,6.59,6.58,6.604894242547979
20230626093359840,6.59,6.58,6.604894242547979
20230626093400110,6.59,6.58,6.604894242547979
20230626093400660,6.59,6.58,6.604894242547979
20230626093400860,6.59,6.58,6.604894242547979
20230626093402380,6.59,6.58,6.604894242547979
20230626093402450,6.59,6.58,6.604894242547979
20230626093402600,6.59,6.58,6.604894242547979
20230626093402760,6.59,6.58,6.604894242547979
20230626093402780,6.59,6.58,6.604894242547979
20230626093402940,6.59,6.58,6.604449122249583
20230626093402950,6.59,6.59,6.604377173569397
20230626093402960,6.59,6.59,6.604374901217007
20230626093402980,6.59,6.58,6.604342032642119
20230626093403000,6.59,6.58,6.604342032642119
20230626093403200,6.59,6.58,6.6043375108378655
20230626093403220,6.59,6.58,6.6043375108378655
20230626093403290,6.59,6.58,6.6043160711474895
20230626093403300,6.59,6.59,6.6043070630800695
20230626093403310,6.59,6.59,6.6043070630800695
20230626093403320,6.59,6.59,6.6043070630800695
20230626093403330,6.59,6.59,6.6043070630800695
20230626093403480,6.59,6.59,6.604283814441055
20230626093403520,6.59,6.59,6.604283814441055
20230626093403530,6.59,6.59,6.604283814441055
20230626093403620,6.59,6.59,6.604283814441055
20230626093405070,6.59,6.59,6.604283814441055
20230626093405200,6.59,6.59,6.604283814441055
20230626093405460,6.59,6.59,6.604283814441055
20230626093406020,6.59,6.59,6.604283814441055
20230626093408040,6.59,6.59,6.604282697121402
20230626093408060,6.59,6.59,6.604282697121402
20230626093408070,6.59,6.59,6.604281579976535
20230626093408120,6.59,6.59,6.604281579976535
20230626093408270,6.59,6.59,6.604281579976535
20230626093408320,6.59,6.59,6.604281579976535
20230626093408400,6.59,6.59,6.604281579976535
20230626093408470,6.59,6.59,6.604281579976535
20230626093408720,6.59,6.59,6.604281579976535
20230626093408730,6.59,6.59,6.604281579976535
20230626093408780,6.59,6.59,6.604281579976535
20230626093408800,6.59,6.59,6.604281579976535
20230626093408850,6.59,6.59,6.604281579976535
20230626093410640,6.59,6.59,6.604281579976535
20230626093410660,6.59,6.59,6.604281579976535
20230626093411100,6.59,6.59,6.604281579976535
20230626093411220,6.59,6.59,6.604281579976535
20230626093411420,6.59,6.59,6.60427923702314
20230626093413480,6.59,6.59,6.60427923702314
20230626093413510,6.59,6.59,6.60427923702314
20230626093413530,6.59,6.59,6.60427923702314
20230626093413540,6.59,6.59,6.60427923702314
20230626093413680,6.59,6.59,6.60427923702314
20230626093413840,6.59,6.59,6.60427923702314
20230626093413980,6.59,6.59,6.60427923702314
20230626093414340,6.59,6.59,6.60427923702314
20230626093416240,6.59,6.59,6.604275894391502
20230626093416260,6.59,6.59,6.604275894391502
20230626093416270,6.59,6.59,6.604275894391502
20230626093416320,6.59,6.59,6.604275894391502
20230626093416380,6.59,6.59,6.604275894391502
20230626093416760,6.59,6.59,6.604256082345602
20230626093416770,6.59,6.59,6.604256082345602
20230626093416840,6.59,6.59,6.604256082345602
20230626093416850,6.59,6.59,6.604256082345602
20230626093417070,6.59,6.59,6.604256082345602
20230626093418610,6.59,6.59,6.604256082345602
20230626093418860,6.59,6.59,6.604256082345602
20230626093419020,6.59,6.59,6.604256082345602
20230626093419030,6.59,6.59,6.604256082345602
20230626093419140,6.59,6.59,6.604246149058659
20230626093419170,6.59,6.59,6.604246149058659
20230626093419430,6.59,6.59,6.604246149058659
20230626093419540,6.59,6.59,6.604246149058659
20230626093419770,6.59,6.59,6.604246149058659
20230626093421390,6.59,6.59,6.604246149058659
20230626093421410,6.59,6.59,6.604246149058659
20230626093421680,6.59,6.59,6.604246149058659
20230626093421760,6.59,6.59,6.604246149058659
20230626093421780,6.59,6.59,6.604246149058659
20230626093422370,6.59,6.59,6.604246149058659
20230626093424580,6.59,6.59,6.604246149058659
20230626093424850,6.59,6.59,6.604246149058659
20230626093424910,6.59,6.59,6.604242848258706
20230626093425080,6.59,6.59,6.604242848258706
20230626093425210,6.59,6.59,6.604242848258706
20230626093425220,6.59,6.59,6.604242848258706
20230626093427000,6.59,6.59,6.604242848258706
20230626093427030,6.59,6.59,6.604242848258706
20230626093427060,6.59,6.59,6.604242848258706
20230626093427090,6.59,6.59,6.604242848258706
20230626093427310,6.59,6.59,6.604242848258706
20230626093427400,6.59,6.59,6.604242848258706
20230626093429400,6.59,6.59,6.604242848258706
20230626093432120,6.59,6.59,6.604242848258706
20230626093432140,6.59,6.59,6.604242848258706
20230626093432190,6.59,6.59,6.604224947605371
20230626093432230,6.59,6.59,6.604224947605371
20230626093432430,6.59,6.59,6.604224947605371
20230626093433180,6.59,6.59,6.604224947605371
20230626093434840,6.59,6.59,6.604224947605371
20230626093434910,6.59,6.59,6.604224947605371
20230626093435010,6.59,6.59,6.604224947605371
20230626093435020,6.59,6.59,6.604224947605371
20230626093435580,6.59,6.59,6.604224947605371
20230626093435680,6.59,6.59,6.604224947605371
20230626093435890,6.59,6.59,6.604224947605371
20230626093437770,6.59,6.59,6.604224947605371
20230626093438080,6.59,6.59,6.604224947605371
20230626093438300,6.59,6.59,6.604224947605371
20230626093438500,6.59,6.59,6.604224947605371
20230626093440200,6.59,6.59,6.604224947605371
20230626093440250,6.59,6.59,6.604224947605371
20230626093440470,6.59,6.59,6.604224947605371
20230626093440750,6.59,6.59,6.604224947605371
20230626093441330,6.59,6.59,6.604224947605371
20230626093443120,6.59,6.59,6.604224947605371
20230626093443140,6.59,6.59,6.604224947605371
20230626093443500,6.59,6.59,6.604224947605371
20230626093443790,6.59,6.59,6.604224947605371
20230626093443990,6.59,6.59,6.604224947605371
20230626093445650,6.59,6.59,6.604224947605371
20230626093446120,6.59,6.59,6.604224947605371
20230626093446200,6.59,6.59,6.604224947605371
20230626093446250,6.59,6.59,6.604224947605371
20230626093446420,6.59,6.59,6.604224947605371
20230626093446680,6.59,6.59,6.604224947605371
20230626093448480,6.59,6.59,6.604224947605371
20230626093448540,6.59,6.59,6.604224947605371
20230626093448820,6.59,6.59,6.604224947605371
20230626093449070,6.59,6.59,6.604224947605371
20230626093449160,6.59,6.59,6.604224947605371
20230626093449460,6.59,6.59,6.604224947605371
20230626093451110,6.59,6.59,6.604224947605371
20230626093451390,6.59,6.59,6.604224947605371
20230626093451730,6.59,6.59,6.604224947605371
20230626093451880,6.59,6.59,6.604224947605371
20230626093451950,6.59,6.59,6.604224947605371
20230626093452160,6.59,6.59,6.604224947605371
20230626093452170,6.59,6.59,6.604224947605371
20230626093453730,6.59,6.59,6.604224947605371
20230626093453960,6.59,6.59,6.604224947605371
20230626093454050,6.61,6.59,6.603904967602592
20230626093454060,6.6,6.59,6.603904967602592
20230626093454100,6.6,6.59,6.603904967602592
20230626093454270,6.6,6.59,6.603904967602592
20230626093454300,6.6,6.59,6.603904967602592
20230626093454370,6.6,6.59,6.603904967602592
20230626093456370,6.6,6.59,6.603904967602592
20230626093456430,6.6,6.59,6.603904967602592
20230626093456470,6.6,6.59,6.603904967602592
20230626093456550,6.6,6.59,6.603904967602592
20230626093456760,6.6,6.59,6.603904967602592
20230626093456970,6.6,6.59,6.603904967602592
20230626093500080,6.6,6.59,6.603904967602592
20230626093500140,6.6,6.59,6.603904967602592
20230626093500300,6.6,6.59,6.603904967602592
20230626093502050,6.61,6.59,6.603853915020605
20230626093502060,6.61,6.59,6.603850358486548
20230626093502070,6.61,6.6,6.603826455026455
20230626093502080,6.6,6.59,6.60382564536606
20230626093502090,6.6,6.59,6.60382564536606
20230626093502100,6.6,6.59,6.60382564536606
20230626093502110,6.6,6.59,6.603824296693224
20230626093502120,6.61,6.6,6.603820794590026
20230626093502130,6.6,6.59,6.603820256374137
20230626093502140,6.6,6.59,6.603818911497571
20230626093502150,6.6,6.59,6.603818911497571
20230626093502160,6.6,6.59,6.603818911497571
20230626093502170,6.6,6.59,6.603818911497571
20230626093502180,6.6,6.59,6.603818911497571
20230626093502210,6.61,6.6,6.603809691258176
20230626093502220,6.6,6.59,6.603803538828816
20230626093502230,6.6,6.59,6.603803538828816
20230626093502240,6.6,6.59,6.603803538828816
20230626093502250,6.6,6.59,6.603803538828816
20230626093502260,6.6,6.59,6.603803538828816
20230626093502270,6.6,6.59,6.603803538828816
20230626093502290,6.6,6.59,6.603800701754386
20230626093502310,6.6,6.59,6.603800701754386
20230626093502380,6.6,6.59,6.603796705222573
20230626093502420,6.6,6.59,6.603796705222573
20230626093502430,6.6,6.59,6.603796439085938
20230626093502440,6.6,6.59,6.603796439085938
20230626093502490,6.6,6.59,6.603796439085938
20230626093502500,6.6,6.59,6.603796439085938
20230626093505030,6.6,6.59,6.603796439085938
20230626093505040,6.6,6.59,6.603796439085938
20230626093507260,6.6,6.59,6.603796439085938
20230626093507270,6.61,6.59,6.60378820731622
20230626093507700,6.61,6.59,6.60378820731622
20230626093507810,6.61,6.59,6.60378820731622
20230626093510150,6.6,6.59,6.60378820731622
20230626093510170,6.6,6.59,6.60378820731622
20230626093510210,6.61,6.59,6.60378820731622
20230626093510250,6.61,6.59,6.60378820731622
20230626093510890,6.61,6.59,6.60378820731622
20230626093511010,6.61,6.59,6.60378820731622
20230626093511050,6.61,6.6,6.603771198220739
20230626093511060,6.6,6.59,6.603734085747711
20230626093511070,6.6,6.59,6.603734085747711
20230626093511080,6.61,6.6,6.603733571870914
20230626093511090,6.61,6.6,6.603733058135535
20230626093512630,6.61,6.6,6.603733058135535
20230626093512900,6.61,6.59,6.603733058135535
20230626093513060,6.61,6.59,6.603733058135535
20230626093513120,6.6,6.59,6.603733058135535
20230626093513170,6.61,6.59,6.603733058135535
20230626093513540,6.61,6.59,6.603733058135535
20230626093513560,6.61,6.59,6.603733058135535
20230626093515350,6.61,6.59,6.603733058135535
20230626093515430,6.61,6.59,6.603733058135535
20230626093515440,6.6,6.59,6.603733058135535
20230626093515760,6.61,6.59,6.603733058135535
20230626093515910,6.61,6.59,6.603733058135535
20230626093516010,6.61,6.59,6.603733058135535
20230626093516250,6.61,6.59,6.603733058135535
20230626093518070,6.61,6.59,6.603733058135535
20230626093518110,6.61,6.59,6.603733058135535
20230626093518130,6.6,6.59,6.603733058135535
20230626093518450,6.6,6.59,6.603733058135535
20230626093518860,6.6,6.59,6.603733058135535
20230626093519120,6.6,6.59,6.603733058135535
20230626093519130,6.6,6.59,6.603733058135535
20230626093519160,6.6,6.59,6.603733058135535
20230626093519190,6.61,6.59,6.603733058135535
20230626093519200,6.6,6.59,6.603733058135535
20230626093520740,6.6,6.59,6.603733058135535
20230626093520820,6.6,6.59,6.603733058135535
20230626093521910,6.61,6.59,6.603733058135535
20230626093523530,6.61,6.59,6.603733058135535
20230626093523540,6.61,6.59,6.603733058135535
20230626093523550,6.61,6.59,6.603733058135535
20230626093523630,6.61,6.59,6.603733058135535
20230626093523730,6.61,6.59,6.603733058135535
20230626093523760,6.6,6.59,6.603733058135535
20230626093524340,6.6,6.59,6.603733058135535
20230626093526850,6.6,6.59,6.603733058135535
20230626093527250,6.6,6.59,6.603733058135535
20230626093527310,6.6,6.59,6.603733058135535
20230626093528810,6.6,6.59,6.603733058135535
20230626093528850,6.6,6.59,6.603733058135535
20230626093529300,6.6,6.59,6.603733058135535
20230626093529560,6.6,6.59,6.603733058135535
20230626093529720,6.6,6.59,6.603733058135535
20230626093529740,6.6,6.59,6.603733058135535
20230626093531560,6.6,6.59,6.603733058135535
20230626093532520,6.6,6.59,6.603733058135535
20230626093532630,6.6,6.59,6.603733058135535
20230626093534350,6.6,6.59,6.603733058135535
20230626093534600,6.6,6.59,6.603733058135535
20230626093535350,6.6,6.59,6.603733058135535
20230626093537080,6.6,6.59,6.603733058135535
20230626093537090,6.6,6.59,6.603733058135535
20230626093537130,6.6,6.59,6.603733058135535
20230626093537210,6.6,6.59,6.603733058135535
20230626093537300,6.6,6.59,6.603733058135535
20230626093538040,6.6,6.59,6.603733058135535
20230626093539640,6.6,6.59,6.603733058135535
20230626093539800,6.6,6.59,6.603733058135535
20230626093540070,6.6,6.59,6.603733058135535
20230626093540090,6.6,6.59,6.603733058135535
20230626093540140,6.6,6.59,6.603679444406618
20230626093540150,6.6,6.59,6.603679444406618
20230626093540190,6.6,6.59,6.603679444406618
20230626093540270,6.6,6.59,6.603679444406618
20230626093540480,6.6,6.59,6.603679444406618
20230626093540610,6.6,6.59,6.603679444406618
20230626093540670,6.6,6.59,6.603679444406618
20230626093542830,6.6,6.59,6.603679444406618
20230626093543090,6.6,6.59,6.603679444406618
20230626093543110,6.6,6.59,6.603679444406618
20230626093543130,6.6,6.59,6.603661521724349
20230626093543150,6.6,6.59,6.603661521724349
20230626093543220,6.6,6.59,6.603661521724349
20230626093543230,6.6,6.59,6.603661521724349
20230626093545200,6.6,6.59,6.603657045840407
20230626093545380,6.6,6.59,6.603650556611458
20230626093545710,6.6,6.59,6.603650556611458
20230626093545810,6.6,6.59,6.603637596636376
20230626093546130,6.6,6.59,6.603637596636376
20230626093546140,6.6,6.59,6.603637596636376
20230626093546170,6.6,6.59,6.603630948351722
20230626093546220,6.6,6.59,6.6035739804516345
20230626093547800,6.6,6.59,6.6035739804516345
20230626093547990,6.6,6.59,6.6035739804516345
20230626093548000,6.6,6.59,6.6035739804516345
20230626093548440,6.6,6.59,6.6035739804516345
20230626093548690,6.6,6.59,6.6035739804516345
20230626093548700,6.6,6.59,6.6035739804516345
20230626093548920,6.6,6.59,6.6035739804516345
20230626093550610,6.6,6.59,6.6035739804516345
20230626093550980,6.6,6.59,6.6035739804516345
20230626093551360,6.6,6.59,6.603573257851463
20230626093551480,6.6,6.59,6.603568685575692
20230626093551510,6.6,6.59,6.603566857527787
20230626093556040,6.6,6.59,6.603566857527787
20230626093556190,6.6,6.59,6.603566857527787
20230626093556340,6.6,6.59,6.603566857527787
20230626093556360,6.6,6.59,6.603566857527787
20230626093556370,6.6,6.59,6.603566857527787
20230626093556410,6.6,6.59,6.603566857527787
20230626093556630,6.6,6.59,6.603566857527787
20230626093556670,6.6,6.59,6.603566857527787
20230626093556860,6.6,6.59,6.603566857527787
20230626093558850,6.6,6.59,6.603566857527787
20230626093558860,6.6,6.59,6.603566857527787
20230626093558880,6.6,6.59,6.603566857527787
20230626093558890,6.6,6.59,6.603566857527787
20230626093559330,6.6,6.59,6.603566857527787
20230626093601180,6.6,6.59,6.603566857527787
20230626093601320,6.6,6.59,6.603566857527787
20230626093601340,6.6,6.59,6.603566857527787
20230626093601360,6.6,6.59,6.603566857527787
20230626093601470,6.6,6.59,6.603566857527787
20230626093601480,6.6,6.59,6.603566857527787
20230626093601530,6.6,6.59,6.603566857527787
20230626093601590,6.6,6.59,6.603566857527787
20230626093601890,6.6,6.59,6.603566857527787
20230626093601910,6.6,6.59,6.603566857527787
20230626093601960,6.6,6.59,6.603566857527787
20230626093601980,6.6,6.59,6.603544048419637
20230626093602130,6.6,6.59,6.603544048419637
20230626093602240,6.6,6.59,6.6034986595174265
20230626093602350,6.6,6.59,6.6034986595174265
20230626093602420,6.6,6.59,6.6034986595174265
20230626093604080,6.6,6.59,6.603497721790404
20230626093604130,6.6,6.59,6.603497721790404
20230626093604140,6.6,6.59,6.603497721790404
20230626093604150,6.6,6.59,6.603497721790404
20230626093604160,6.6,6.59,6.603497721790404
20230626093604170,6.6,6.59,6.603497721790404
20230626093604190,6.6,6.59,6.603497721790404
20230626093604200,6.6,6.59,6.603497721790404
20230626093604370,6.6,6.59,6.603497721790404
20230626093604380,6.6,6.59,6.603497721790404
20230626093604530,6.6,6.59,6.603497721790404
20230626093607310,6.6,6.59,6.603497721790404
20230626093607320,6.6,6.59,6.603497721790404
20230626093607330,6.6,6.59,6.603497721790404
20230626093609290,6.6,6.59,6.603497721790404
20230626093609440,6.6,6.59,6.603497721790404
20230626093609840,6.6,6.59,6.603497721790404
20230626093609850,6.6,6.59,6.603497721790404
20230626093609860,6.6,6.59,6.603497721790404
20230626093609870,6.6,6.59,6.603497721790404
20230626093609880,6.6,6.59,6.603497721790404
20230626093610040,6.6,6.59,6.603497721790404
20230626093610050,6.6,6.59,6.603497721790404
20230626093610060,6.6,6.59,6.603441879087148
20230626093610070,6.6,6.59,6.603437312537492
20230626093610080,6.6,6.59,6.603437312537492
20230626093610090,6.6,6.59,6.603437312537492
20230626093610100,6.6,6.59,6.603413423351866
20230626093610140,6.6,6.59,6.603369177991819
20230626093610210,6.6,6.59,6.603369177991819
20230626093610220,6.6,6.59,6.603369177991819
20230626093610230,6.6,6.59,6.603369177991819
20230626093610370,6.6,6.59,6.603369177991819
20230626093610500,6.6,6.59,6.603369177991819
20230626093610510,6.6,6.59,6.603369177991819
20230626093612390,6.59,6.59,6.603369177991819
20230626093612870,6.6,6.59,6.603369177991819
20230626093612880,6.6,6.59,6.603369177991819
20230626093613020,6.6,6.59,6.603369177991819
20230626093613080,6.6,6.59,6.603369177991819
20230626093613150,6.59,6.59,6.603369177991819
20230626093615900,6.59,6.59,6.603369177991819
20230626093617390,6.59,6.59,6.603369177991819
20230626093617410,6.59,6.59,6.603369177991819
20230626093617720,6.59,6.59,6.603369177991819
20230626093617800,6.59,6.59,6.603369177991819
20230626093617940,6.59,6.59,6.603369177991819
20230626093620220,6.59,6.59,6.603369177991819
20230626093620560,6.59,6.59,6.603369177991819
20230626093620570,6.59,6.59,6.603369177991819
20230626093620590,6.59,6.59,6.603369177991819
20230626093621100,6.59,6.59,6.603369177991819
20230626093622990,6.59,6.59,6.60327971109652
20230626093623140,6.59,6.59,6.60327971109652
20230626093623810,6.59,6.59,6.60327971109652
20230626093625520,6.59,6.59,6.60327971109652
20230626093625540,6.59,6.59,6.60327971109652
20230626093625720,6.59,6.59,6.60327971109652
20230626093625830,6.59,6.59,6.60327971109652
20230626093626140,6.59,6.59,6.60327971109652
20230626093626230,6.59,6.59,6.60327971109652
20230626093628220,6.59,6.59,6.60327971109652
20230626093629300,6.59,6.59,6.60327971109652
20230626093631370,6.59,6.59,6.603236142052156
20230626093631660,6.59,6.59,6.603236142052156
20230626093634040,6.59,6.59,6.603236142052156
20230626093634070,6.59,6.59,6.603236142052156
20230626093634080,6.59,6.59,6.603236142052156
20230626093634090,6.59,6.59,6.603236142052156
20230626093634100,6.59,6.59,6.603236142052156
20230626093634170,6.59,6.59,6.603236142052156
20230626093634180,6.59,6.59,6.603236142052156
20230626093634310,6.59,6.59,6.603236142052156
20230626093634420,6.59,6.59,6.603236142052156
20230626093634540,6.59,6.59,6.603236142052156
20230626093634780,6.59,6.59,6.603236142052156
20230626093636520,6.59,6.59,6.603236142052156
20230626093636540,6.59,6.59,6.603236142052156
20230626093636580,6.59,6.59,6.603236142052156
20230626093636800,6.59,6.59,6.603236142052156
20230626093637150,6.59,6.59,6.603236142052156
20230626093637160,6.59,6.59,6.603236142052156
20230626093637210,6.59,6.59,6.603236142052156
20230626093637390,6.59,6.59,6.603236142052156
20230626093637430,6.59,6.59,6.603236142052156
20230626093638950,6.59,6.59,6.603236142052156
20230626093639020,6.59,6.59,6.603236142052156
20230626093639030,6.59,6.59,6.603236142052156
20230626093639180,6.59,6.59,6.603236142052156
20230626093639460,6.59,6.59,6.603236142052156
20230626093639620,6.59,6.59,6.603236142052156
20230626093640150,6.59,6.59,6.603236142052156
20230626093642070,6.59,6.59,6.603236142052156
20230626093642370,6.59,6.59,6.603236142052156
20230626093642690,6.59,6.59,6.603236142052156
20230626093642710,6.59,6.59,6.603236142052156
20230626093642900,6.59,6.59,6.603236142052156
20230626093644810,6.59,6.59,6.603236142052156
20230626093644930,6.59,6.59,6.603236142052156
20230626093644950,6.59,6.59,6.603236142052156
20230626093645080,6.59,6.59,6.603236142052156
20230626093645090,6.59,6.59,6.603236142052156
20230626093647330,6.6,6.59,6.6031782895166025
20230626093647460,6.59,6.59,6.6031782895166025
20230626093647490,6.59,6.59,6.6031782895166025
20230626093647530,6.59,6.59,6.6031782895166025
20230626093649960,6.59,6.59,6.6031782895166025
20230626093649980,6.59,6.59,6.6031782895166025
20230626093650070,6.59,6.59,6.6031782895166025
20230626093650540,6.59,6.59,6.6031782895166025
20230626093650700,6.59,6.59,6.6031782895166025
20230626093650830,6.59,6.59,6.6031782895166025
20230626093650910,6.59,6.59,6.603039419087137
20230626093652500,6.59,6.59,6.603039419087137
20230626093652590,6.59,6.59,6.603039419087137
20230626093652880,6.59,6.59,6.603039419087137
20230626093652900,6.59,6.59,6.603039419087137
20230626093655180,6.59,6.59,6.603039419087137
20230626093655330,6.59,6.59,6.603039419087137
20230626093655360,6.59,6.59,6.603039419087137
20230626093655500,6.59,6.59,6.603039419087137
20230626093655750,6.59,6.59,6.603039419087137
20230626093656350,6.59,6.59,6.603039419087137
20230626093658080,6.59,6.59,6.6029501420821495
20230626093658180,6.59,6.59,6.6029501420821495
20230626093658620,6.59,6.59,6.6029501420821495
20230626093659000,6.59,6.59,6.6029501420821495
20230626093700570,6.59,6.59,6.6029501420821495
20230626093700660,6.59,6.59,6.6029501420821495
20230626093701130,6.59,6.59,6.6029501420821495
20230626093701320,6.59,6.59,6.6029501420821495
20230626093701510,6.59,6.59,6.6029501420821495
20230626093701750,6.59,6.59,6.6029501420821495
20230626093704130,6.59,6.59,6.6029501420821495
20230626093704340,6.59,6.59,6.6029501420821495
20230626093704450,6.59,6.59,6.6029501420821495
20230626093704510,6.59,6.59,6.6029501420821495
20230626093706010,6.59,6.59,6.6022501878287
20230626093706050,6.59,6.59,6.6022501878287
20230626093706070,6.59,6.59,6.6022501878287
20230626093706140,6.59,6.59,6.6022501878287
20230626093706260,6.59,6.59,6.6022501878287
20230626093706740,6.59,6.59,6.6022501878287
20230626093706880,6.59,6.59,6.6022501878287
20230626093706940,6.59,6.59,6.6022501878287
20230626093707030,6.59,6.59,6.6022501878287
20230626093707050,6.59,6.59,6.6022501878287
20230626093707100,6.59,6.59,6.6022501878287
20230626093707130,6.59,6.59,6.6022501878287
20230626093707150,6.59,6.59,6.6022501878287
20230626093707170,6.59,6.59,6.6022501878287
20230626093708950,6.58,6.59,6.6022501878287
20230626093709090,6.58,6.59,6.6022501878287
20230626093709100,6.58,6.59,6.6022501878287
20230626093709350,6.59,6.59,6.602199113109737
20230626093709360,6.59,6.59,6.602125101239798
20230626093709370,6.59,6.59,6.6021031004856185
20230626093709380,6.59,6.59,6.602091112770724
20230626093709390,6.59,6.59,6.6020831259333
20230626093709400,6.59,6.59,6.602081129845081
20230626093709420,6.59,6.59,6.602079134005225
20230626093709590,6.58,6.59,6.602079134005225
20230626093709600,6.58,6.59,6.602079134005225
20230626093709610,6.58,6.59,6.602079134005225
20230626093711990,6.58,6.59,6.602079134005225
20230626093712000,6.58,6.59,6.602070895522388
20230626093712020,6.58,6.59,6.602070895522388
20230626093712130,6.58,6.59,6.602070895522388
20230626093712220,6.58,6.59,6.602070895522388
20230626093714390,6.58,6.59,6.602070895522388
20230626093714940,6.58,6.59,6.602066907101107
20230626093715120,6.58,6.59,6.602039498198981
20230626093716830,6.58,6.59,6.601940316988609
20230626093719460,6.58,6.59,6.601940316988609
20230626093720320,6.58,6.59,6.601940316988609
20230626093722150,6.58,6.59,6.601940316988609
20230626093722220,6.58,6.59,6.601940316988609
20230626093722800,6.58,6.59,6.601900816225575
20230626093723030,6.58,6.59,6.601900816225575
20230626093725190,6.58,6.59,6.601900816225575
20230626093725200,6.58,6.59,6.601900816225575
20230626093725290,6.58,6.59,6.601900816225575
20230626093727550,6.58,6.59,6.601899462066407
20230626093728010,6.58,6.59,6.601899462066407
20230626093728200,6.58,6.59,6.601899462066407
20230626093728770,6.58,6.59,6.601899462066407
20230626093730310,6.58,6.59,6.601899462066407
20230626093730550,6.58,6.59,6.601899462066407
20230626093731000,6.58,6.59,6.601697591545834
20230626093731080,6.58,6.59,6.601693592972541
20230626093731150,6.58,6.59,6.601693592972541
20230626093731210,6.58,6.59,6.601693592972541
20230626093731240,6.58,6.59,6.601693592972541
20230626093731270,6.58,6.59,6.601693592972541
20230626093733600,6.58,6.59,6.601693592972541
20230626093734150,6.58,6.59,6.601693592972541
20230626093734160,6.58,6.59,6.601693592972541
20230626093734210,6.58,6.59,6.601693592972541
20230626093736250,6.58,6.59,6.601693592972541
20230626093736370,6.58,6.59,6.601693592972541
20230626093736390,6.58,6.59,6.601687753347255
20230626093736690,6.58,6.59,6.601590742101396
20230626093736740,6.58,6.59,6.601590742101396
20230626093736800,6.58,6.59,6.601590742101396
20230626093738540,6.58,6.59,6.601590742101396
20230626093738550,6.58,6.59,6.601590742101396
20230626093739240,6.58,6.59,6.6015617544503575
20230626093739260,6.58,6.59,6.6015617544503575
20230626093741050,6.58,6.59,6.6015617544503575
20230626093742060,6.58,6.59,6.6015617544503575
20230626093744210,6.58,6.59,6.6015617544503575
20230626093744270,6.58,6.59,6.6015617544503575
20230626093744340,6.58,6.59,6.6015617544503575
20230626093744580,6.58,6.59,6.6015617544503575
20230626093744700,6.58,6.59,6.6015617544503575
20230626093744730,6.58,6.59,6.6015617544503575
20230626093746620,6.58,6.59,6.6015617544503575
20230626093747070,6.58,6.59,6.6015617544503575
20230626093747520,6.58,6.59,6.6015617544503575
20230626093749290,6.58,6.59,6.601495606541372
20230626093749370,6.58,6.59,6.601495606541372
20230626093749400,6.58,6.59,6.601495606541372
20230626093749410,6.58,6.59,6.601495606541372
20230626093749430,6.58,6.59,6.601495606541372
20230626093749680,6.58,6.59,6.601495606541372
20230626093750080,6.58,6.59,6.601495606541372
20230626093750090,6.58,6.59,6.601495606541372
20230626093750100,6.58,6.59,6.601453382084095
20230626093750340,6.58,6.59,6.601453382084095
20230626093750380,6.58,6.59,6.601453382084095
20230626093752050,6.58,6.59,6.601453382084095
20230626093752090,6.58,6.59,6.601453382084095
20230626093752140,6.58,6.59,6.601453382084095
20230626093752470,6.58,6.59,6.601453382084095
20230626093754860,6.58,6.59,6.601453382084095
20230626093755240,6.58,6.59,6.601453382084095
20230626093755270,6.58,6.59,6.601453382084095
20230626093755450,6.58,6.59,6.601453382084095
20230626093755490,6.58,6.59,6.601453382084095
20230626093757320,6.57,6.59,6.601279922428944
20230626093757330,6.58,6.59,6.60117224302452
20230626093757620,6.58,6.59,6.60117224302452
20230626093757630,6.58,6.59,6.60117224302452
20230626093757710,6.58,6.59,6.60117224302452
20230626093757730,6.58,6.59,6.60117224302452
20230626093757770,6.58,6.59,6.60117224302452
20230626093757850,6.58,6.59,6.60117224302452
20230626093758080,6.58,6.59,6.60117224302452
20230626093758100,6.58,6.59,6.60117224302452
20230626093758140,6.58,6.59,6.60117224302452
20230626093758160,6.58,6.59,6.60117224302452
20230626093758280,6.58,6.59,6.60117224302452
20230626093758440,6.58,6.59,6.601160951461
20230626093800010,6.58,6.59,6.601160951461
20230626093800050,6.58,6.59,6.6010858829197785
20230626093800250,6.58,6.59,6.6010858829197785
20230626093800270,6.58,6.59,6.6010858829197785
20230626093800290,6.58,6.59,6.6010858829197785
20230626093800500,6.58,6.59,6.6010840108401085
20230626093800560,6.58,6.59,6.6010840108401085
20230626093800640,6.58,6.59,6.60102795311091
20230626093800650,6.58,6.59,6.601026689107958
20230626093800760,6.58,6.59,6.601026689107958
20230626093800860,6.58,6.59,6.601026689107958
20230626093800880,6.58,6.59,6.601026689107958
20230626093801040,6.58,6.59,6.601022959490323
20230626093801050,6.58,6.59,6.601022959490323
20230626093805560,6.58,6.59,6.601011593680543
20230626093805640,6.58,6.59,6.601000240153699
20230626093805790,6.58,6.59,6.601000240153699
20230626093806380,6.58,6.59,6.601000240153699
20230626093808510,6.58,6.59,6.600998379059854
20230626093808700,6.58,6.59,6.600996518189459
20230626093808800,6.58,6.59,6.600996518189459
20230626093809220,6.58,6.59,6.600996518189459
20230626093810780,6.58,6.59,6.600996518189459
20230626093810840,6.58,6.59,6.600996518189459
20230626093810970,6.58,6.59,6.600996518189459
20230626093811010,6.58,6.59,6.600996518189459
20230626093811020,6.58,6.59,6.600996518189459
20230626093811130,6.58,6.59,6.600996518189459
20230626093811190,6.58,6.59,6.600996518189459
20230626093811200,6.58,6.59,6.600996518189459
20230626093811730,6.58,6.59,6.600990217847927
20230626093811740,6.58,6.59,6.600990217847927
20230626093811820,6.58,6.59,6.600990217847927
20230626093811950,6.58,6.59,6.600990217847927
20230626093813710,6.58,6.59,6.600990217847927
20230626093813940,6.58,6.59,6.600990217847927
20230626093814010,6.58,6.59,6.600990217847927
20230626093814020,6.58,6.59,6.600990217847927
20230626093814030,6.58,6.59,6.600990217847927
20230626093814040,6.58,6.59,6.600990217847927
20230626093814060,6.58,6.59,6.600990217847927
20230626093814200,6.58,6.59,6.600990217847927
20230626093814450,6.58,6.59,6.600990217847927
20230626093814460,6.58,6.59,6.600990217847927
20230626093816180,6.58,6.59,6.600990217847927
20230626093816200,6.58,6.59,6.600990217847927
20230626093816210,6.58,6.59,6.600990217847927
20230626093816270,6.58,6.59,6.600990217847927
20230626093816290,6.58,6.59,6.600990217847927
20230626093816310,6.58,6.59,6.600990217847927
20230626093816330,6.58,6.59,6.600990217847927
20230626093816400,6.58,6.59,6.600990217847927
20230626093816520,6.58,6.59,6.600990217847927
20230626093817080,6.58,6.59,6.600990217847927
20230626093817100,6.58,6.59,6.600990217847927
20230626093817340,6.58,6.59,6.600895513471533
20230626093818910,6.58,6.59,6.600895513471533
20230626093818930,6.58,6.59,6.600895513471533
20230626093819030,6.58,6.59,6.600895513471533
20230626093819200,6.58,6.59,6.600895513471533
20230626093819210,6.58,6.59,6.600895513471533
20230626093819390,6.58,6.59,6.600895513471533
20230626093819770,6.58,6.59,6.600895513471533
20230626093819780,6.58,6.59,6.600895513471533
20230626093820010,6.58,6.59,6.60086306510215
20230626093820030,6.58,6.59,6.60086306510215
20230626093820040,6.58,6.59,6.60086306510215
20230626093820050,6.58,6.59,6.60086306510215
20230626093820060,6.58,6.59,6.60086306510215
20230626093820080,6.58,6.59,6.60086306510215
20230626093822080,6.58,6.59,6.600862418106016
20230626093822090,6.58,6.59,6.600862418106016
20230626093822100,6.58,6.59,6.600862418106016
20230626093822110,6.58,6.59,6.600862418106016
20230626093822120,6.58,6.59,6.60085
20230626093822130,6.58,6.59,6.60085
20230626093822200,6.58,6.59,6.60085
20230626093822230,6.58,6.59,6.60085
20230626093822350,6.58,6.59,6.60085
20230626093822450,6.58,6.59,6.60085
20230626093822560,6.58,6.59,6.60085
20230626093824920,6.58,6.59,6.60085
20230626093824930,6.58,6.59,6.60085
20230626093825140,6.58,6.59,6.60085
20230626093825170,6.58,6.59,6.60085
20230626093827590,6.58,6.59,6.60085
20230626093827720,6.58,6.59,6.600728950949648
20230626093827740,6.58,6.59,6.600728950949648
20230626093829720,6.58,6.59,6.600728950949648
20230626093829730,6.58,6.59,6.600728950949648
20230626093829880,6.58,6.58,6.600552589898516
20230626093829910,6.58,6.58,6.600542076887014
20230626093829950,6.58,6.58,6.600542076887014
20230626093829960,6.58,6.58,6.600542076887014
20230626093830040,6.58,6.58,6.600542076887014
20230626093830490,6.58,6.58,6.600542076887014
20230626093830540,6.58,6.58,6.600542076887014
20230626093830610,6.58,6.58,6.600542076887014
20230626093830750,6.58,6.58,6.600542076887014
20230626093830840,6.58,6.58,6.600542076887014
20230626093832920,6.58,6.58,6.600542076887014
20230626093833520,6.58,6.58,6.600542076887014
20230626093835620,6.58,6.58,6.600542076887014
20230626093837830,6.58,6.58,6.600542076887014
20230626093838240,6.58,6.58,6.600542076887014
20230626093838790,6.58,6.58,6.600542076887014
20230626093841170,6.58,6.58,6.600542076887014
20230626093841200,6.58,6.58,6.600542076887014
20230626093843740,6.58,6.58,6.600460541676395
20230626093843810,6.58,6.58,6.600460541676395
20230626093843880,6.58,6.58,6.600460541676395
20230626093844000,6.58,6.58,6.600460541676395
20230626093844040,6.58,6.58,6.600460541676395
20230626093846130,6.58,6.58,6.600460541676395
20230626093846150,6.58,6.58,6.600460541676395
20230626093846410,6.58,6.58,6.600460541676395
20230626093846640,6.58,6.58,6.600460541676395
20230626093846680,6.58,6.58,6.600460541676395
20230626093846840,6.58,6.58,6.600460541676395
20230626093847080,6.58,6.58,6.600460541676395
20230626093849440,6.58,6.58,6.600460541676395
20230626093851280,6.58,6.58,6.600460541676395
20230626093851290,6.58,6.58,6.600460541676395
20230626093851530,6.58,6.58,6.600460541676395
20230626093851770,6.58,6.58,6.600460541676395
20230626093851840,6.58,6.58,6.600220940294203
20230626093852090,6.58,6.58,6.600208645533141
20230626093853960,6.58,6.58,6.600206316274781
20230626093853970,6.58,6.58,6.600206316274781
20230626093854220,6.58,6.58,6.600206316274781
20230626093854510,6.58,6.58,6.600206316274781
20230626093854550,6.58,6.58,6.600206316274781
20230626093855080,6.58,6.58,6.600206316274781
20230626093855090,6.58,6.58,6.600206316274781
20230626093855150,6.58,6.58,6.600206316274781
20230626093856790,6.58,6.58,6.6002004954773295
20230626093856810,6.58,6.58,6.6002004954773295
20230626093856940,6.58,6.58,6.600199907823482
20230626093857250,6.58,6.58,6.600199907823482
20230626093857590,6.58,6.58,6.600176660145011
20230626093859540,6.58,6.58,6.600170807453416
20230626093859930,6.58,6.58,6.600170807453416
20230626093859950,6.58,6.58,6.600170807453416
20230626093859960,6.58,6.58,6.600170807453416
20230626093859980,6.58,6.58,6.600170807453416
20230626093900010,6.58,6.58,6.600170807453416
20230626093900030,6.58,6.58,6.600014266149281
20230626093900040,6.58,6.58,6.600014266149281
20230626093900070,6.58,6.58,6.600014266149281
20230626093902070,6.58,6.58,6.600014266149281
20230626093902140,6.58,6.58,6.600014266149281
20230626093902150,6.58,6.58,6.600014266149281
20230626093902160,6.58,6.58,6.600014266149281
20230626093902250,6.58,6.58,6.5999925896368925
20230626093902290,6.58,6.58,6.5999925896368925
20230626093905010,6.58,6.58,6.5999925896368925
20230626093905040,6.58,6.58,6.5999925896368925
20230626093905050,6.58,6.58,6.5999925896368925
20230626093905910,6.58,6.58,6.5999925896368925
20230626093907690,6.58,6.58,6.5999925896368925
20230626093910160,6.58,6.58,6.5999925896368925
20230626093910390,6.58,6.58,6.5999925896368925
20230626093910500,6.58,6.58,6.5999925896368925
20230626093911050,6.58,6.58,6.5999925896368925
20230626093911160,6.58,6.58,6.5999925896368925
20230626093911280,6.58,6.58,6.5999925896368925
20230626093911290,6.58,6.58,6.5999925896368925
20230626093911350,6.58,6.58,6.5999925896368925
20230626093912830,6.58,6.58,6.5999925896368925
20230626093913080,6.58,6.58,6.5999925896368925
20230626093913100,6.58,6.58,6.5999925896368925
20230626093913160,6.58,6.58,6.5999925896368925
20230626093913490,6.58,6.58,6.5999925896368925
20230626093914030,6.58,6.58,6.5999925896368925
20230626093914100,6.58,6.58,6.5999925896368925
20230626093915600,6.58,6.58,6.5999925896368925
20230626093915690,6.58,6.58,6.599956187766714
20230626093915980,6.58,6.58,6.599956187766714
20230626093916080,6.58,6.58,6.599956187766714
20230626093916130,6.58,6.58,6.599956187766714
20230626093916360,6.58,6.58,6.599871497311067
20230626093916370,6.58,6.58,6.599871497311067
20230626093916390,6.58,6.58,6.599871497311067
20230626093916530,6.58,6.58,6.599871497311067
20230626093918440,6.58,6.58,6.599871497311067
20230626093919080,6.58,6.58,6.599791948579161
20230626093919090,6.58,6.58,6.599724110805192
20230626093919120,6.58,6.58,6.599724110805192
20230626093919130,6.58,6.58,6.599724110805192
20230626093921200,6.58,6.58,6.59972300258456
20230626093921400,6.58,6.58,6.59972300258456
20230626093921590,6.58,6.58,6.59972300258456
20230626093922060,6.58,6.58,6.59972300258456
20230626093922070,6.58,6.58,6.599720786516854
20230626093922080,6.58,6.58,6.599719678669738
20230626093922130,6.58,6.58,6.5997185709470845
20230626093922150,6.58,6.58,6.5997141413006855
20230626093922160,6.58,6.58,6.599711927223719
20230626093922180,6.58,6.58,6.599708607040593
20230626093924270,6.58,6.58,6.599708607040593
20230626093924630,6.58,6.58,6.599708607040593
20230626093926760,6.58,6.58,6.599630438434403
20230626093927360,6.58,6.58,6.599630438434403
20230626093927470,6.58,6.58,6.599630438434403
20230626093929100,6.58,6.58,6.599630438434403
20230626093929150,6.58,6.58,6.599630438434403
20230626093929350,6.58,6.58,6.599630438434403
20230626093930230,6.58,6.58,6.599630438434403
20230626093930270,6.58,6.58,6.5996117699709105
20230626093932040,6.58,6.58,6.599606286001902
20230626093932110,6.58,6.58,6.599606286001902
20230626093932700,6.58,6.58,6.599606286001902
20230626093932980,6.58,6.58,6.599606286001902
20230626093932990,6.58,6.58,6.599606286001902
20230626093934480,6.58,6.58,6.599606286001902
20230626093934580,6.58,6.58,6.599606286001902
20230626093935020,6.58,6.58,6.599606286001902
20230626093935060,6.58,6.58,6.599606286001902
20230626093935120,6.58,6.58,6.599606286001902
20230626093935140,6.58,6.58,6.599606286001902
20230626093935250,6.58,6.58,6.599606286001902
20230626093937210,6.58,6.58,6.599606286001902
20230626093937220,6.58,6.58,6.599606286001902
20230626093937280,6.58,6.58,6.599606286001902
20230626093937290,6.58,6.58,6.599606286001902
20230626093937300,6.58,6.58,6.599595327259516
20230626093937430,6.58,6.58,6.599593136980943
20230626093937440,6.58,6.58,6.599593136980943
20230626093937590,6.58,6.58,6.599593136980943
20230626093937860,6.58,6.58,6.599593136980943
20230626093938170,6.58,6.58,6.599587663426081
20230626093940000,6.58,6.58,6.599587663426081
20230626093940110,6.58,6.58,6.599587663426081
20230626093940340,6.58,6.58,6.599549810563851
20230626093940450,6.58,6.58,6.599549810563851
20230626093940570,6.58,6.58,6.599549810563851
20230626093941080,6.58,6.58,6.599549810563851
20230626093943070,6.58,6.58,6.599549810563851
20230626093945480,6.58,6.58,6.599549810563851
20230626093945760,6.58,6.58,6.599549810563851
20230626093945820,6.58,6.58,6.599549810563851
20230626093945890,6.58,6.58,6.599549810563851
20230626093945950,6.58,6.58,6.599549810563851
20230626093946090,6.58,6.58,6.599549810563851
20230626093946110,6.58,6.58,6.599549810563851
20230626093946320,6.58,6.58,6.599549810563851
20230626093948400,6.58,6.58,6.599549810563851
20230626093948550,6.58,6.58,6.599549810563851
20230626093951410,6.58,6.58,6.599549810563851
20230626093951850,6.58,6.58,6.599549810563851
20230626093953370,6.58,6.58,6.599549810563851
20230626093953700,6.58,6.58,6.599549810563851
20230626093954240,6.58,6.58,6.599549810563851
20230626093954380,6.58,6.58,6.599549810563851
20230626093956080,6.58,6.58,6.599549810563851
20230626093956110,6.58,6.58,6.599549810563851
20230626093959770,6.58,6.58,6.599549810563851
20230626094001480,6.58,6.58,6.599549810563851
20230626094002260,6.58,6.58,6.599549810563851
20230626094004210,6.58,6.58,6.599549810563851
20230626094004420,6.58,6.58,6.599549810563851
20230626094006950,6.58,6.58,6.599549810563851
20230626094006990,6.58,6.58,6.599549810563851
20230626094007100,6.58,6.58,6.599549810563851
20230626094007120,6.58,6.58,6.599549810563851
20230626094007330,6.58,6.58,6.599549810563851
20230626094007450,6.58,6.58,6.599549810563851
20230626094008060,6.58,6.58,6.599549810563851
20230626094009680,6.58,6.58,6.599549810563851
20230626094010070,6.59,6.58,6.599549810563851
20230626094010080,6.59,6.58,6.599549810563851
20230626094010090,6.59,6.58,6.599549810563851
20230626094010110,6.59,6.58,6.599549810563851
20230626094010210,6.59,6.58,6.599549810563851
20230626094010340,6.59,6.58,6.599549810563851
20230626094010450,6.59,6.58,6.599549810563851
20230626094010460,6.59,6.58,6.599549810563851
20230626094012260,6.59,6.58,6.599383922688338
20230626094012380,6.59,6.58,6.599383922688338
20230626094013070,6.59,6.58,6.599372086646559
20230626094013130,6.59,6.58,6.599372086646559
20230626094013230,6.59,6.58,6.599372086646559
20230626094015470,6.59,6.58,6.599372086646559
20230626094015840,6.59,6.58,6.599372086646559
20230626094016080,6.59,6.58,6.599366811030097
20230626094016170,6.59,6.58,6.599366811030097
20230626094020350,6.59,6.58,6.599366811030097
20230626094020550,6.59,6.58,6.599366811030097
20230626094020700,6.59,6.58,6.599366811030097
20230626094021170,6.59,6.58,6.599366811030097
20230626094021500,6.59,6.58,6.599366811030097
20230626094023060,6.59,6.58,6.599366811030097
20230626094023400,6.59,6.58,6.599366811030097
20230626094023700,6.59,6.58,6.599366811030097
20230626094023840,6.59,6.58,6.599366811030097
20230626094024010,6.59,6.58,6.599366811030097
20230626094024070,6.59,6.58,6.599366811030097
20230626094024140,6.59,6.58,6.599366811030097
20230626094026010,6.59,6.58,6.599366811030097
20230626094026020,6.59,6.58,6.599366811030097
20230626094026030,6.59,6.58,6.599366811030097
20230626094026040,6.59,6.58,6.599366811030097
20230626094026110,6.59,6.58,6.599366811030097
20230626094026120,6.59,6.58,6.599366811030097
20230626094026150,6.59,6.58,6.599366811030097
20230626094026180,6.59,6.58,6.599366811030097
20230626094026190,6.6,6.59,6.59890359562272
20230626094026200,6.6,6.59,6.59890359562272
20230626094026210,6.6,6.59,6.59890359562272
20230626094026220,6.6,6.59,6.59890359562272
20230626094026230,6.6,6.59,6.59890359562272
20230626094026240,6.6,6.59,6.59890359562272
20230626094026300,6.6,6.59,6.59890359562272
20230626094026310,6.6,6.59,6.59890359562272
20230626094026430,6.6,6.59,6.5989141766011254
20230626094026440,6.6,6.59,6.598921357531016
20230626094026490,6.6,6.59,6.598921357531016
20230626094026530,6.6,6.59,6.598921357531016
20230626094026540,6.6,6.59,6.598921412826165
20230626094026560,6.6,6.59,6.598909993856236
20230626094026580,6.6,6.59,6.598909993856236
20230626094026630,6.6,6.59,6.598909993856236
20230626094026730,6.6,6.59,6.5989101054571515
20230626094026800,6.6,6.59,6.5989101054571515
20230626094026810,6.6,6.59,6.598910217035217
20230626094026820,6.6,6.59,6.598908848968729
20230626094028620,6.6,6.59,6.598910131888355
20230626094028630,6.6,6.59,6.598911467374656
20230626094029010,6.6,6.59,6.598911467374656
20230626094029020,6.6,6.59,6.598911467374656
20230626094029040,6.6,6.59,6.598923232323233
20230626094029050,6.61,6.6,6.598966753901328
20230626094029060,6.61,6.6,6.598966753901328
20230626094029070,6.61,6.6,6.598966753901328
20230626094029080,6.61,6.6,6.598966753901328
20230626094029090,6.61,6.6,6.598966753901328
20230626094029150,6.61,6.6,6.598966753901328
20230626094029160,6.61,6.6,6.598966753901328
20230626094029180,6.61,6.6,6.598966753901328
20230626094029190,6.61,6.6,6.598966753901328
20230626094029200,6.61,6.6,6.598966753901328
20230626094029210,6.61,6.6,6.598994005607658
20230626094029220,6.61,6.6,6.598994005607658
20230626094029230,6.61,6.6,6.598994005607658
20230626094029280,6.61,6.6,6.598994005607658
20230626094029350,6.61,6.6,6.598994005607658
20230626094029360,6.61,6.6,6.598994005607658
20230626094029390,6.61,6.6,6.598994005607658
20230626094029430,6.61,6.6,6.598994005607658
20230626094029530,6.61,6.6,6.598994005607658
20230626094029610,6.61,6.6,6.59899643132716
20230626094029620,6.61,6.6,6.59899643132716
20230626094029640,6.61,6.6,6.59899643132716
20230626094031130,6.61,6.6,6.59899643132716
20230626094031190,6.61,6.6,6.59899643132716
20230626094031210,6.61,6.6,6.59899643132716
20230626094031260,6.61,6.6,6.59899643132716
20230626094031350,6.61,6.6,6.59899643132716
20230626094031600,6.61,6.6,6.59899643132716
20230626094031700,6.61,6.6,6.59899643132716
20230626094032010,6.61,6.6,6.59899643132716
20230626094032030,6.61,6.6,6.59899643132716
20230626094032040,6.61,6.6,6.59899643132716
20230626094032050,6.61,6.6,6.59899643132716
20230626094032060,6.61,6.6,6.59899643132716
20230626094032100,6.61,6.6,6.59899643132716
20230626094032340,6.61,6.6,6.59899643132716
20230626094034080,6.61,6.6,6.59899643132716
20230626094034160,6.61,6.6,6.59899643132716
20230626094035020,6.61,6.6,6.59899643132716
20230626094035050,6.61,6.6,6.59899643132716
20230626094036770,6.61,6.6,6.599003894043555
20230626094036790,6.61,6.6,6.599003894043555
20230626094037090,6.61,6.6,6.599003894043555
20230626094037110,6.61,6.6,6.599003894043555
20230626094037150,6.61,6.6,6.599003894043555
20230626094039290,6.61,6.6,6.599023308483533
20230626094039310,6.61,6.6,6.599023308483533
20230626094040140,6.61,6.6,6.599023308483533
20230626094040260,6.61,6.6,6.599023308483533
20230626094040330,6.61,6.6,6.599023308483533
20230626094040340,6.61,6.6,6.599023308483533
20230626094042200,6.61,6.6,6.599023308483533
20230626094042220,6.61,6.6,6.599023308483533
20230626094042250,6.61,6.6,6.599023308483533
20230626094042780,6.61,6.6,6.599023308483533
20230626094042800,6.61,6.6,6.599023308483533
20230626094043110,6.61,6.6,6.599023308483533
20230626094044870,6.61,6.6,6.599023308483533
20230626094044930,6.61,6.6,6.599023308483533
20230626094045250,6.61,6.6,6.599023308483533
20230626094045380,6.61,6.6,6.599023308483533
20230626094047660,6.61,6.6,6.599023308483533
20230626094047900,6.61,6.6,6.599023308483533
20230626094048140,6.61,6.6,6.599023308483533
20230626094048310,6.61,6.6,6.599023308483533
20230626094048320,6.61,6.6,6.599023308483533
20230626094048450,6.61,6.6,6.599023308483533
20230626094048520,6.61,6.6,6.599023308483533
20230626094048540,6.61,6.6,6.599023308483533
20230626094050160,6.61,6.6,6.599023308483533
20230626094050780,6.61,6.6,6.599023308483533
20230626094050810,6.61,6.6,6.59914975980598
20230626094053010,6.61,6.61,6.59914975980598
20230626094053020,6.61,6.61,6.59914975980598
20230626094053040,6.61,6.61,6.59914975980598
20230626094053050,6.61,6.61,6.59914975980598
20230626094053060,6.61,6.61,6.59914975980598
20230626094053070,6.61,6.61,6.59914975980598
20230626094053080,6.61,6.61,6.59914975980598
20230626094053100,6.61,6.61,6.59914975980598
20230626094053110,6.61,6.61,6.59914975980598
20230626094053160,6.61,6.61,6.59914975980598
20230626094053230,6.61,6.61,6.59914975980598
20230626094053250,6.61,6.61,6.59914975980598
20230626094053260,6.61,6.61,6.59914975980598
20230626094053350,6.61,6.61,6.59914975980598
20230626094053360,6.61,6.61,6.59914975980598
20230626094053370,6.61,6.61,6.59914975980598
20230626094053380,6.61,6.61,6.59914975980598
20230626094053390,6.61,6.61,6.59914975980598
20230626094053520,6.61,6.61,6.59914975980598
20230626094055680,6.61,6.61,6.59914975980598
20230626094055690,6.61,6.61,6.59914975980598
20230626094055770,6.61,6.61,6.59914975980598
20230626094058320,6.61,6.61,6.59914975980598
20230626094058510,6.61,6.61,6.59914975980598
20230626094058520,6.61,6.61,6.59914975980598
20230626094058560,6.61,6.61,6.59914975980598
20230626094058580,6.61,6.61,6.59914975980598
20230626094058600,6.61,6.61,6.59914975980598
20230626094059360,6.61,6.61,6.59914975980598
20230626094059380,6.61,6.61,6.59914975980598
20230626094101090,6.61,6.61,6.59914975980598
20230626094101340,6.61,6.61,6.59914975980598
20230626094101890,6.61,6.61,6.59914975980598
20230626094102020,6.61,6.61,6.599223746408379
20230626094102030,6.61,6.61,6.599223746408379
20230626094102050,6.61,6.61,6.599223746408379
20230626094102060,6.61,6.61,6.599223746408379
20230626094102080,6.61,6.61,6.599223746408379
20230626094103620,6.61,6.61,6.599223746408379
20230626094103640,6.61,6.61,6.599223746408379
20230626094103690,6.61,6.61,6.599223746408379
20230626094103890,6.61,6.61,6.599223746408379
20230626094104100,6.61,6.61,6.599223746408379
20230626094104160,6.61,6.61,6.599223746408379
20230626094104250,6.61,6.61,6.599223746408379
20230626094104460,6.61,6.61,6.599223746408379
20230626094104710,6.61,6.61,6.599223746408379
20230626094104750,6.61,6.61,6.599223746408379
20230626094106690,6.61,6.62,6.599223746408379
20230626094107070,6.61,6.62,6.599223746408379
20230626094107140,6.61,6.62,6.599223746408379
20230626094107150,6.61,6.62,6.599223746408379
20230626094107170,6.61,6.62,6.599223746408379
20230626094107200,6.61,6.62,6.599223746408379
20230626094107220,6.61,6.62,6.599223746408379
20230626094107280,6.61,6.62,6.599223746408379
20230626094107330,6.61,6.62,6.599223746408379
20230626094109030,6.61,6.62,6.599223746408379
20230626094109510,6.61,6.62,6.599223746408379
20230626094109540,6.61,6.62,6.599223746408379
20230626094109570,6.61,6.62,6.599223746408379
20230626094109640,6.61,6.62,6.599223746408379
20230626094109740,6.61,6.62,6.599223746408379
20230626094110050,6.61,6.62,6.599223746408379
20230626094110090,6.61,6.62,6.599223746408379
20230626094110120,6.61,6.62,6.599223746408379
20230626094110140,6.61,6.62,6.599223746408379
20230626094111640,6.61,6.62,6.599223746408379
20230626094111660,6.61,6.62,6.599223746408379
20230626094111730,6.61,6.62,6.599223746408379
20230626094111930,6.61,6.62,6.599279441671289
20230626094112220,6.61,6.62,6.599304978295003
20230626094112240,6.61,6.62,6.599304978295003
20230626094112800,6.61,6.62,6.599304978295003
20230626094114360,6.61,6.62,6.599304978295003
20230626094114380,6.61,6.62,6.599304978295003
20230626094114440,6.61,6.62,6.599304978295003
20230626094114450,6.61,6.62,6.599304978295003
20230626094114500,6.61,6.62,6.599304978295003
20230626094114510,6.61,6.62,6.599304978295003
20230626094114540,6.61,6.62,6.599304978295003
20230626094114550,6.61,6.62,6.599304978295003
20230626094114580,6.61,6.62,6.599304978295003
20230626094114790,6.61,6.62,6.599304978295003
20230626094114800,6.61,6.62,6.599304978295003
20230626094114860,6.61,6.62,6.599304978295003
20230626094115000,6.61,6.62,6.599304978295003
20230626094115010,6.61,6.62,6.599304978295003
20230626094115040,6.61,6.62,6.599304978295003
20230626094115050,6.61,6.62,6.599304978295003
20230626094115400,6.61,6.62,6.599304978295003
20230626094115490,6.61,6.62,6.599304978295003
20230626094117020,6.61,6.62,6.599304978295003
20230626094117030,6.61,6.64,6.60010089584653
20230626094117050,6.61,6.64,6.60010089584653
20230626094117060,6.61,6.64,6.60010089584653
20230626094117070,6.61,6.64,6.60010089584653
20230626094117080,6.61,6.64,6.60010089584653
20230626094117200,6.61,6.64,6.60010089584653
20230626094117230,6.61,6.64,6.60010089584653
20230626094117240,6.61,6.64,6.60010089584653
20230626094117300,6.61,6.64,6.60010089584653
20230626094117360,6.61,6.64,6.60010089584653
20230626094117410,6.61,6.64,6.60010089584653
20230626094117420,6.61,6.64,6.60010089584653
20230626094117440,6.61,6.64,6.60010089584653
20230626094117450,6.61,6.64,6.60010089584653
20230626094117770,6.61,6.64,6.60010089584653
20230626094117790,6.61,6.64,6.60010089584653
20230626094118010,6.61,6.64,6.60010089584653
20230626094118090,6.61,6.64,6.60010089584653
20230626094118250,6.61,6.64,6.60010089584653
20230626094118280,6.61,6.64,6.60010089584653
20230626094119790,6.61,6.64,6.60010089584653
20230626094119870,6.61,6.64,6.60010089584653
20230626094119900,6.61,6.64,6.60010089584653
20230626094120040,6.61,6.64,6.60010089584653
20230626094120110,6.61,6.64,6.60010089584653
20230626094120430,6.61,6.64,6.60010089584653
20230626094120660,6.61,6.64,6.60010089584653
20230626094122510,6.61,6.64,6.60010089584653
20230626094122850,6.61,6.64,6.60010089584653
20230626094122950,6.61,6.64,6.60010089584653
20230626094123000,6.61,6.64,6.60010089584653
20230626094123010,6.61,6.64,6.60010089584653
20230626094123020,6.61,6.64,6.60010089584653
20230626094123030,6.61,6.64,6.60010089584653
20230626094123040,6.61,6.64,6.600136992494801
20230626094123050,6.61,6.64,6.6003658865886585
20230626094123060,6.61,6.64,6.600372586959456
20230626094123070,6.61,6.64,6.600372586959456
20230626094123080,6.61,6.64,6.600372586959456
20230626094123160,6.61,6.64,6.600963941132008
20230626094123200,6.61,6.64,6.600963941132008
20230626094123210,6.61,6.64,6.600963941132008
20230626094123390,6.61,6.64,6.600963941132008
20230626094123440,6.61,6.64,6.600963941132008
20230626094123450,6.61,6.64,6.600963941132008
20230626094123490,6.61,6.64,6.600963941132008
20230626094123510,6.61,6.64,6.600963941132008
20230626094123600,6.61,6.64,6.600963941132008
20230626094125130,6.61,6.64,6.600963941132008
20230626094125460,6.61,6.64,6.600963941132008
20230626094125480,6.61,6.64,6.600963941132008
20230626094125520,6.61,6.65,6.600963941132008
20230626094125540,6.61,6.65,6.600963941132008
20230626094125570,6.61,6.65,6.600963941132008
20230626094125680,6.61,6.65,6.600963941132008
20230626094125710,6.61,6.65,6.600963941132008
20230626094125730,6.61,6.65,6.601169360194819
20230626094125770,6.61,6.65,6.601169360194819
20230626094125810,6.61,6.65,6.601169360194819
20230626094125910,6.61,6.65,6.601169360194819
20230626094126010,6.61,6.65,6.601169360194819
20230626094126020,6.61,6.65,6.601169360194819
20230626094126030,6.61,6.65,6.601169360194819
20230626094126040,6.61,6.65,6.601169360194819
20230626094126310,6.61,6.65,6.601169360194819
20230626094126320,6.61,6.65,6.601169360194819
20230626094126340,6.61,6.65,6.601169360194819
20230626094126370,6.61,6.65,6.601169360194819
20230626094127900,6.61,6.65,6.601169360194819
20230626094128080,6.61,6.65,6.601169360194819
20230626094128100,6.61,6.65,6.601169360194819
20230626094128140,6.61,6.65,6.601169360194819
20230626094128200,6.65,6.64,6.603078624914908
20230626094128210,6.65,6.64,6.603078624914908
20230626094128300,6.65,6.65,6.603253645303493
20230626094128390,6.65,6.64,6.603330794295629
20230626094128420,6.65,6.64,6.603330794295629
20230626094128430,6.65,6.64,6.603330794295629
20230626094128460,6.65,6.64,6.603330794295629
20230626094128470,6.65,6.64,6.603366449649108
20230626094128520,6.65,6.64,6.603366449649108
20230626094128590,6.65,6.64,6.603366449649108
20230626094128650,6.65,6.64,6.603366449649108
20230626094128980,6.65,6.64,6.603392064900494
20230626094130620,6.65,6.64,6.603392064900494
20230626094130650,6.65,6.64,6.603392064900494
20230626094130680,6.65,6.64,6.603392064900494
20230626094130750,6.65,6.64,6.603397972116603
20230626094130830,6.65,6.64,6.603397972116603
20230626094130840,6.65,6.64,6.60340978205778
20230626094130870,6.65,6.64,6.60340978205778
20230626094130890,6.65,6.64,6.60340978205778
20230626094130940,6.65,6.64,6.60340978205778
20230626094131030,6.65,6.64,6.60340978205778
20230626094131080,6.65,6.64,6.60340978205778
20230626094131130,6.65,6.64,6.6034128727088435
20230626094131200,6.65,6.64,6.6034128727088435
20230626094131210,6.65,6.64,6.603439122177675
20230626094131260,6.65,6.64,6.603439122177675
20230626094131290,6.65,6.64,6.603439122177675
20230626094131390,6.65,6.64,6.603520717534108
20230626094131430,6.65,6.64,6.603520717534108
20230626094131510,6.65,6.64,6.603540281168448
20230626094131620,6.65,6.64,6.603540281168448
20230626094133430,6.65,6.64,6.603541815732985
20230626094133460,6.65,6.64,6.6035672219417805
20230626094133800,6.65,6.64,6.6035672219417805
20230626094133810,6.65,6.64,6.6035672219417805
20230626094133850,6.65,6.64,6.60357112812316
20230626094134220,6.65,6.64,6.603590649175916
20230626094134230,6.65,6.64,6.603590649175916
20230626094136790,6.65,6.64,6.603590649175916
20230626094137100,6.65,6.64,6.603590649175916
20230626094137140,6.65,6.64,6.603590649175916
20230626094137180,6.65,6.64,6.6035945514167995
20230626094138760,6.65,6.64,6.6035945514167995
20230626094138850,6.65,6.64,6.6035945514167995
20230626094139070,6.65,6.64,6.603668569509738
20230626094139090,6.65,6.64,6.603746228628897
20230626094139320,6.65,6.64,6.603752042569238
20230626094139530,6.65,6.64,6.603752042569238
20230626094139550,6.65,6.64,6.60376172922252
20230626094139680,6.65,6.64,6.60376172922252
20230626094139880,6.65,6.64,6.60376172922252
20230626094141490,6.65,6.64,6.603764765016336
20230626094141620,6.65,6.64,6.603764765016336
20230626094141630,6.65,6.64,6.603813130256496
20230626094141960,6.65,6.64,6.603851749655086
20230626094142020,6.65,6.64,6.6040022482201595
20230626094142050,6.65,6.64,6.6040022482201595
20230626094144090,6.65,6.64,6.604004163197335
20230626094144240,6.65,6.64,6.604011821511821
20230626094144830,6.65,6.64,6.604011821511821
20230626094145270,6.65,6.64,6.604011821511821
20230626094146720,6.65,6.64,6.604015649712811
20230626094146790,6.65,6.64,6.604017563574312
20230626094146990,6.65,6.64,6.604017563574312
20230626094147150,6.65,6.64,6.604017563574312
20230626094147210,6.65,6.64,6.604017563574312
20230626094147500,6.65,6.64,6.604017563574312
20230626094147580,6.65,6.64,6.604017563574312
20230626094149740,6.65,6.64,6.604113053951904
20230626094150020,6.65,6.64,6.60413020011625
20230626094150080,6.65,6.64,6.604206250518113
20230626094150110,6.65,6.64,6.604206250518113
20230626094150170,6.65,6.64,6.604244181230846
20230626094152170,6.65,6.64,6.604244181230846
20230626094152190,6.65,6.64,6.604244181230846
20230626094152200,6.65,6.64,6.604244181230846
20230626094152400,6.65,6.64,6.604244181230846
20230626094152460,6.65,6.64,6.604244181230846
20230626094152480,6.65,6.64,6.604682974719791
20230626094152590,6.65,6.64,6.604682974719791
20230626094152950,6.65,6.64,6.604701504743212
20230626094153270,6.65,6.64,6.604701504743212
20230626094153340,6.65,6.64,6.604701504743212
20230626094153350,6.65,6.64,6.604701504743212
20230626094153370,6.65,6.64,6.604701504743212
20230626094155100,6.65,6.64,6.604701504743212
20230626094155140,6.65,6.64,6.604720019619063
20230626094155150,6.65,6.64,6.604720019619063
20230626094155180,6.65,6.64,6.604722903384012
20230626094155280,6.65,6.64,6.604722903384012
20230626094155320,6.65,6.64,6.604741400441212
20230626094155400,6.65,6.64,6.604741400441212
20230626094155490,6.65,6.64,6.605059023974687
20230626094155570,6.65,6.64,6.605059023974687
20230626094155650,6.65,6.64,6.605059023974687
20230626094155720,6.65,6.64,6.605059023974687
20230626094155730,6.65,6.64,6.605059023974687
20230626094155770,6.65,6.64,6.605059023974687
20230626094155790,6.65,6.64,6.605059023974687
20230626094155880,6.65,6.65,6.60547266881029
20230626094155890,6.65,6.64,6.605485193072688
20230626094155910,6.65,6.64,6.605485193072688
20230626094155920,6.65,6.64,6.605485193072688
20230626094155930,6.65,6.64,6.605485193072688
20230626094157740,6.65,6.65,6.605485193072688
20230626094157790,6.65,6.65,6.605485193072688
20230626094158070,6.65,6.64,6.605507630522088
20230626094158340,6.65,6.64,6.605514555310179
20230626094200460,6.65,6.64,6.605514555310179
20230626094200640,6.65,6.64,6.605514555310179
20230626094200870,6.65,6.64,6.605514555310179
20230626094201090,6.65,6.64,6.605514555310179
20230626094201130,6.65,6.64,6.605514555310179
20230626094201150,6.65,6.64,6.605514555310179
20230626094201160,6.65,6.65,6.605525269961062
20230626094201180,6.65,6.65,6.605527055234425
20230626094201200,6.65,6.65,6.605530625351208
20230626094201270,6.65,6.65,6.605530625351208
