Timestamp,ask1,bid1,VWAP
20230707093000020,6.47,6.67,6.67
20230707093000030,6.66,6.67,6.6728985507246374
20230707093000040,6.67,6.65,6.6728985507246374
20230707093000060,6.67,6.65,6.6728985507246374
20230707093000250,6.67,6.65,6.6728985507246374
20230707093000260,6.67,6.65,6.6728985507246374
20230707093000270,6.67,6.65,6.6728985507246374
20230707093000280,6.67,6.65,6.6728985507246374
20230707093000290,6.67,6.65,6.6728985507246374
20230707093000300,6.67,6.65,6.6728985507246374
20230707093000310,6.67,6.65,6.6728985507246374
20230707093000320,6.67,6.65,6.6728985507246374
20230707093000330,6.67,6.65,6.6728985507246374
20230707093000340,6.67,6.64,6.6728985507246374
20230707093000350,6.67,6.64,6.6728985507246374
20230707093000370,6.67,6.64,6.6728985507246374
20230707093000380,6.67,6.64,6.6728985507246374
20230707093000410,6.67,6.64,6.6728985507246374
20230707093000430,6.67,6.64,6.6728985507246374
20230707093000440,6.67,6.64,6.6728985507246374
20230707093000450,6.67,6.64,6.6728985507246374
20230707093000460,6.67,6.64,6.6728985507246374
20230707093000470,6.67,6.64,6.6728985507246374
20230707093000480,6.67,6.64,6.6728985507246374
20230707093000490,6.67,6.64,6.6728985507246374
20230707093000510,6.67,6.64,6.6728985507246374
20230707093000530,6.67,6.64,6.6728985507246374
20230707093000540,6.67,6.64,6.6728985507246374
20230707093001000,6.67,6.64,6.6728985507246374
20230707093001010,6.67,6.64,6.6728985507246374
20230707093001030,6.67,6.64,6.6728985507246374
20230707093001040,6.67,6.64,6.6728985507246374
20230707093001050,6.67,6.64,6.6728985507246374
20230707093001070,6.67,6.64,6.6728985507246374
20230707093001080,6.67,6.64,6.6728985507246374
20230707093001100,6.65,6.64,6.6728985507246374
20230707093001110,6.65,6.64,6.6728985507246374
20230707093001120,6.65,6.64,6.6728985507246374
20230707093001130,6.65,6.64,6.6728985507246374
20230707093001140,6.65,6.64,6.6728985507246374
20230707093001150,6.65,6.64,6.6728985507246374
20230707093001160,6.65,6.64,6.6728985507246374
20230707093001170,6.65,6.64,6.6728985507246374
20230707093001180,6.65,6.64,6.6728985507246374
20230707093001190,6.65,6.64,6.6728985507246374
20230707093001240,6.65,6.64,6.6728985507246374
20230707093001250,6.65,6.64,6.6728985507246374
20230707093001300,6.65,6.64,6.6728985507246374
20230707093001320,6.65,6.64,6.6728985507246374
20230707093001360,6.65,6.64,6.6728985507246374
20230707093001400,6.65,6.64,6.6728985507246374
20230707093001410,6.65,6.64,6.6728985507246374
20230707093001420,6.65,6.64,6.6728985507246374
20230707093001480,6.65,6.64,6.6728985507246374
20230707093001490,6.65,6.64,6.6728985507246374
20230707093001510,6.65,6.64,6.6728985507246374
20230707093001530,6.65,6.64,6.6728985507246374
20230707093001540,6.65,6.64,6.6728985507246374
20230707093001550,6.65,6.64,6.6728985507246374
20230707093002500,6.65,6.64,6.6728985507246374
20230707093002530,6.65,6.64,6.6728985507246374
20230707093002550,6.65,6.64,6.6728985507246374
20230707093002570,6.65,6.64,6.6728985507246374
20230707093002580,6.65,6.64,6.6728985507246374
20230707093002600,6.65,6.64,6.6728985507246374
20230707093002610,6.65,6.64,6.6728985507246374
20230707093002630,6.65,6.64,6.6728985507246374
20230707093002640,6.65,6.64,6.6728985507246374
20230707093002650,6.65,6.64,6.6728985507246374
20230707093002660,6.65,6.64,6.663247232472325
20230707093002700,6.65,6.64,6.663247232472325
20230707093002720,6.65,6.64,6.663247232472325
20230707093002730,6.65,6.64,6.663247232472325
20230707093002750,6.65,6.64,6.654823529411765
20230707093002780,6.65,6.64,6.654823529411765
20230707093002790,6.65,6.65,6.654823529411765
20230707093002800,6.65,6.65,6.654823529411765
20230707093002890,6.65,6.65,6.654823529411765
20230707093002940,6.65,6.65,6.654823529411765
20230707093002970,6.65,6.65,6.654823529411765
20230707093002980,6.65,6.65,6.654756380510441
20230707093002990,6.65,6.65,6.654756380510441
20230707093003040,6.65,6.65,6.654756380510441
20230707093003060,6.65,6.65,6.654756380510441
20230707093003080,6.65,6.65,6.654756380510441
20230707093003090,6.65,6.65,6.654756380510441
20230707093003100,6.65,6.65,6.654756380510441
20230707093003110,6.65,6.65,6.654756380510441
20230707093003130,6.65,6.65,6.654756380510441
20230707093003140,6.65,6.65,6.654756380510441
20230707093003150,6.65,6.65,6.654756380510441
20230707093003160,6.65,6.65,6.654756380510441
20230707093003170,6.65,6.65,6.654756380510441
20230707093003190,6.65,6.65,6.654875283446712
20230707093003200,6.65,6.65,6.654875283446712
20230707093003220,6.65,6.65,6.654886877828054
20230707093003280,6.65,6.65,6.654886877828054
20230707093003310,6.65,6.65,6.654886877828054
20230707093003340,6.65,6.65,6.654886877828054
20230707093003350,6.65,6.65,6.654886877828054
20230707093003360,6.65,6.65,6.654886877828054
20230707093003370,6.65,6.65,6.6548
20230707093003390,6.65,6.65,6.654811529933482
20230707093003410,6.65,6.65,6.654978540772532
20230707093003440,6.65,6.65,6.654978540772532
20230707093003470,6.65,6.65,6.654978540772532
20230707093003480,6.65,6.65,6.655031847133758
20230707093003520,6.65,6.65,6.655031847133758
20230707093003530,6.65,6.64,6.654845360824742
20230707093003540,6.65,6.64,6.654457831325301
20230707093003550,6.65,6.64,6.65422090729783
20230707093004990,6.65,6.64,6.65422090729783
20230707093005010,6.65,6.64,6.65422090729783
20230707093005030,6.65,6.64,6.65422090729783
20230707093005040,6.65,6.64,6.65422090729783
20230707093005050,6.65,6.64,6.65422090729783
20230707093005110,6.65,6.64,6.65422090729783
20230707093005130,6.65,6.64,6.65422090729783
20230707093005140,6.65,6.64,6.65422090729783
20230707093005250,6.65,6.64,6.65422090729783
20230707093005280,6.65,6.64,6.65422090729783
20230707093005320,6.65,6.64,6.65422090729783
20230707093005440,6.65,6.64,6.65422090729783
20230707093005630,6.65,6.64,6.65422090729783
20230707093005740,6.65,6.64,6.65422090729783
20230707093005790,6.65,6.64,6.65422090729783
20230707093005810,6.65,6.64,6.65422090729783
20230707093005920,6.65,6.64,6.65422090729783
20230707093005940,6.65,6.64,6.65422090729783
20230707093006000,6.65,6.64,6.65422090729783
20230707093006010,6.65,6.64,6.65422090729783
20230707093006020,6.65,6.64,6.65422090729783
20230707093006060,6.65,6.64,6.65422090729783
20230707093006070,6.65,6.64,6.65422090729783
20230707093006080,6.65,6.64,6.65422090729783
20230707093006100,6.65,6.64,6.65422090729783
20230707093006130,6.65,6.64,6.65422090729783
20230707093006140,6.65,6.64,6.65422090729783
20230707093006150,6.65,6.64,6.65422090729783
20230707093006160,6.65,6.64,6.65422090729783
20230707093006170,6.65,6.63,6.65422090729783
20230707093006390,6.65,6.63,6.65422090729783
20230707093006780,6.65,6.63,6.65422090729783
20230707093006810,6.65,6.63,6.65422090729783
20230707093006820,6.65,6.63,6.65422090729783
20230707093007110,6.65,6.63,6.65422090729783
20230707093007120,6.65,6.63,6.65422090729783
20230707093007140,6.64,6.63,6.650083102493075
20230707093007180,6.64,6.63,6.6500275482093665
20230707093007190,6.64,6.63,6.6500275482093665
20230707093007220,6.64,6.63,6.6500275482093665
20230707093010740,6.64,6.63,6.6500275482093665
20230707093010860,6.64,6.63,6.6500275482093665
20230707093010970,6.64,6.63,6.6500275482093665
20230707093011030,6.64,6.63,6.6500275482093665
20230707093011190,6.63,6.63,6.6500275482093665
20230707093011600,6.63,6.63,6.6500275482093665
20230707093011720,6.63,6.63,6.6500275482093665
20230707093011970,6.63,6.63,6.6500275482093665
20230707093012370,6.63,6.63,6.6500275482093665
20230707093012400,6.63,6.64,6.6500275482093665
20230707093012480,6.63,6.64,6.6500275482093665
20230707093012650,6.63,6.63,6.649917808219178
20230707093013090,6.63,6.63,6.649890560875513
20230707093013140,6.63,6.63,6.649890560875513
20230707093013310,6.63,6.63,6.649890560875513
20230707093015610,6.63,6.63,6.649890560875513
20230707093015710,6.63,6.63,6.649890560875513
20230707093015840,6.63,6.63,6.649890560875513
20230707093015930,6.63,6.63,6.649890560875513
20230707093016020,6.63,6.63,6.649890560875513
20230707093016080,6.63,6.63,6.649890560875513
20230707093016090,6.63,6.63,6.649890560875513
20230707093016620,6.64,6.63,6.649890560875513
20230707093016650,6.64,6.63,6.649890560875513
20230707093016770,6.64,6.63,6.649890560875513
20230707093018380,6.64,6.63,6.649246031746031
20230707093018500,6.64,6.63,6.649246031746031
20230707093018870,6.64,6.63,6.649246031746031
20230707093019080,6.64,6.63,6.649246031746031
20230707093019090,6.64,6.63,6.649246031746031
20230707093019130,6.64,6.63,6.649246031746031
20230707093019260,6.64,6.63,6.649246031746031
20230707093019340,6.64,6.63,6.648653846153846
20230707093021200,6.64,6.63,6.648653846153846
20230707093021230,6.64,6.63,6.648653846153846
20230707093021580,6.64,6.63,6.648653846153846
20230707093021830,6.64,6.63,6.648653846153846
20230707093021850,6.64,6.63,6.648653846153846
20230707093022140,6.64,6.63,6.648653846153846
20230707093022150,6.64,6.63,6.648653846153846
20230707093022160,6.64,6.63,6.648653846153846
20230707093022180,6.64,6.63,6.648653846153846
20230707093022190,6.64,6.63,6.648653846153846
20230707093023910,6.64,6.63,6.648642765685019
20230707093023950,6.64,6.63,6.648642765685019
20230707093023970,6.64,6.63,6.648642765685019
20230707093024010,6.64,6.63,6.648642765685019
20230707093024230,6.64,6.63,6.648642765685019
20230707093024350,6.64,6.63,6.648642765685019
20230707093024360,6.64,6.63,6.648642765685019
20230707093026890,6.63,6.63,6.648642765685019
20230707093026930,6.63,6.63,6.648642765685019
20230707093027040,6.63,6.63,6.648642765685019
20230707093027050,6.63,6.63,6.648642765685019
20230707093027070,6.63,6.63,6.648642765685019
20230707093027370,6.63,6.63,6.648642765685019
20230707093029570,6.63,6.63,6.648642765685019
20230707093029770,6.63,6.63,6.648642765685019
20230707093029880,6.63,6.63,6.648642765685019
20230707093030300,6.63,6.63,6.648642765685019
20230707093031920,6.63,6.63,6.648642765685019
20230707093032000,6.63,6.63,6.648642765685019
20230707093032300,6.63,6.63,6.648642765685019
20230707093032320,6.63,6.63,6.648642765685019
20230707093032410,6.63,6.63,6.648642765685019
20230707093032420,6.63,6.63,6.648642765685019
20230707093032490,6.63,6.63,6.648642765685019
20230707093032990,6.63,6.63,6.648642765685019
20230707093035070,6.63,6.63,6.648642765685019
20230707093035390,6.63,6.63,6.648642765685019
20230707093035540,6.63,6.63,6.648642765685019
20230707093037240,6.63,6.63,6.648642765685019
20230707093037410,6.63,6.63,6.648642765685019
20230707093038020,6.63,6.63,6.648642765685019
20230707093038320,6.63,6.63,6.648642765685019
20230707093039900,6.63,6.63,6.648642765685019
20230707093040110,6.63,6.63,6.6482057716436636
20230707093040120,6.63,6.63,6.647891491985203
20230707093040720,6.63,6.63,6.647891491985203
20230707093040900,6.63,6.63,6.647891491985203
20230707093043110,6.63,6.63,6.647891491985203
20230707093043630,6.63,6.63,6.647891491985203
20230707093045260,6.63,6.63,6.647891491985203
20230707093045500,6.63,6.63,6.647891491985203
20230707093045690,6.63,6.63,6.647891491985203
20230707093045800,6.63,6.63,6.647891491985203
20230707093046070,6.63,6.63,6.647891491985203
20230707093046090,6.63,6.63,6.647891491985203
20230707093046250,6.63,6.63,6.647891491985203
20230707093046300,6.63,6.63,6.646832151300236
20230707093048030,6.63,6.63,6.646832151300236
20230707093048350,6.63,6.63,6.646800472255018
20230707093048570,6.63,6.63,6.646611957796014
20230707093048730,6.63,6.63,6.646611957796014
20230707093048890,6.63,6.63,6.646611957796014
20230707093049040,6.63,6.63,6.646611957796014
20230707093049080,6.63,6.63,6.646611957796014
20230707093051050,6.63,6.63,6.646611957796014
20230707093051120,6.63,6.63,6.645203862660944
20230707093051170,6.63,6.63,6.645203862660944
20230707093051190,6.63,6.63,6.645203862660944
20230707093051250,6.63,6.63,6.645203862660944
20230707093051840,6.63,6.63,6.645203862660944
20230707093051910,6.63,6.63,6.6449098621421
20230707093053870,6.63,6.63,6.6449098621421
20230707093053910,6.63,6.63,6.6449098621421
20230707093053950,6.63,6.63,6.6449098621421
20230707093054010,6.63,6.63,6.6449098621421
20230707093054110,6.63,6.63,6.6449098621421
20230707093054280,6.63,6.63,6.6449098621421
20230707093056530,6.63,6.63,6.644825765575502
20230707093056710,6.63,6.63,6.644825765575502
20230707093056820,6.63,6.63,6.644825765575502
20230707093057050,6.63,6.63,6.644825765575502
20230707093058900,6.63,6.63,6.644825765575502
20230707093059010,6.63,6.63,6.644825765575502
20230707093059930,6.63,6.63,6.644825765575502
20230707093059940,6.63,6.63,6.644825765575502
20230707093059960,6.63,6.63,6.644825765575502
20230707093102070,6.63,6.63,6.644825765575502
20230707093102140,6.63,6.63,6.644825765575502
20230707093102170,6.63,6.63,6.644825765575502
20230707093102270,6.63,6.63,6.644825765575502
20230707093102290,6.63,6.63,6.644659685863874
20230707093102560,6.63,6.63,6.644659685863874
20230707093102610,6.63,6.63,6.644659685863874
20230707093104140,6.63,6.63,6.644659685863874
20230707093105020,6.63,6.63,6.644659685863874
20230707093105220,6.63,6.63,6.644659685863874
20230707093107090,6.63,6.63,6.644659685863874
20230707093107290,6.63,6.63,6.644659685863874
20230707093107680,6.63,6.63,6.644659685863874
20230707093107800,6.63,6.63,6.644659685863874
20230707093107840,6.63,6.63,6.644659685863874
20230707093107980,6.63,6.63,6.644659685863874
20230707093109590,6.63,6.63,6.644227642276423
20230707093110080,6.63,6.63,6.644227642276423
20230707093110110,6.63,6.63,6.644227642276423
20230707093110190,6.63,6.62,6.64360396039604
20230707093110220,6.63,6.62,6.64360396039604
20230707093110240,6.63,6.62,6.64360396039604
20230707093110380,6.63,6.62,6.64360396039604
20230707093110440,6.63,6.62,6.643510848126232
20230707093110660,6.63,6.62,6.643510848126232
20230707093110750,6.63,6.62,6.6434611602753195
20230707093110760,6.63,6.62,6.643369140625
20230707093110790,6.63,6.62,6.643369140625
20230707093112420,6.63,6.62,6.643369140625
20230707093113070,6.63,6.62,6.643369140625
20230707093113080,6.63,6.62,6.643369140625
20230707093113090,6.63,6.62,6.643369140625
20230707093113110,6.63,6.62,6.643239845261122
20230707093115240,6.63,6.62,6.643125599232982
20230707093115250,6.63,6.62,6.643113026819924
20230707093115270,6.63,6.62,6.6431004784689
20230707093115310,6.63,6.62,6.6431004784689
20230707093115910,6.63,6.62,6.643013307984791
20230707093116070,6.63,6.62,6.643013307984791
20230707093116150,6.63,6.62,6.643013307984791
20230707093117870,6.63,6.62,6.643013307984791
20230707093117950,6.63,6.62,6.642559633027523
20230707093117960,6.64,6.62,6.641852813852814
20230707093118010,6.64,6.63,6.641832324978393
20230707093118020,6.64,6.63,6.641832324978393
20230707093118040,6.64,6.63,6.641832324978393
20230707093118050,6.64,6.63,6.641832324978393
20230707093118090,6.64,6.63,6.641832324978393
20230707093118250,6.64,6.63,6.641832324978393
20230707093118570,6.64,6.63,6.641832324978393
20230707093118670,6.64,6.63,6.641832324978393
20230707093120360,6.64,6.63,6.641832324978393
20230707093120450,6.64,6.63,6.641832324978393
20230707093120480,6.64,6.63,6.641832324978393
20230707093120540,6.64,6.63,6.641832324978393
20230707093120620,6.64,6.63,6.641832324978393
20230707093120630,6.64,6.63,6.641832324978393
20230707093120720,6.64,6.63,6.641832324978393
20230707093121360,6.64,6.63,6.641832324978393
20230707093121410,6.64,6.63,6.641832324978393
20230707093123530,6.64,6.63,6.641832324978393
20230707093125930,6.64,6.63,6.641832324978393
20230707093126030,6.64,6.63,6.641832324978393
20230707093126320,6.64,6.63,6.641631265930331
20230707093126450,6.64,6.63,6.641631265930331
20230707093126590,6.64,6.63,6.641631265930331
20230707093126890,6.64,6.63,6.641631265930331
20230707093126990,6.64,6.63,6.641631265930331
20230707093129670,6.64,6.63,6.641621392190153
20230707093131250,6.64,6.63,6.641621392190153
20230707093131290,6.64,6.63,6.641621392190153
20230707093131340,6.64,6.63,6.641601694915254
20230707093131720,6.64,6.63,6.641601694915254
20230707093133870,6.63,6.63,6.641601694915254
20230707093133890,6.63,6.63,6.641601694915254
20230707093133910,6.63,6.63,6.641601694915254
20230707093133960,6.63,6.63,6.641601694915254
20230707093134070,6.63,6.63,6.641601694915254
20230707093134090,6.63,6.63,6.641601694915254
20230707093134160,6.63,6.63,6.641601694915254
20230707093136740,6.63,6.63,6.641601694915254
20230707093136860,6.63,6.63,6.641601694915254
20230707093136890,6.63,6.63,6.641601694915254
20230707093136950,6.63,6.63,6.641601694915254
20230707093137400,6.63,6.63,6.641601694915254
20230707093137500,6.64,6.63,6.641601694915254
20230707093139260,6.64,6.63,6.641601694915254
20230707093139350,6.64,6.63,6.641601694915254
20230707093139560,6.64,6.63,6.641601694915254
20230707093140080,6.64,6.63,6.641601694915254
20230707093140110,6.64,6.63,6.641601694915254
20230707093140400,6.64,6.63,6.641601694915254
20230707093140410,6.64,6.63,6.641601694915254
20230707093143080,6.64,6.63,6.641601694915254
20230707093143120,6.64,6.63,6.641601694915254
20230707093143170,6.64,6.63,6.641601694915254
20230707093145500,6.64,6.63,6.641601694915254
20230707093145670,6.64,6.63,6.641601694915254
20230707093145730,6.64,6.63,6.641601694915254
20230707093145770,6.64,6.63,6.641601694915254
20230707093147360,6.64,6.63,6.641601694915254
20230707093147660,6.64,6.63,6.641601694915254
20230707093147680,6.64,6.63,6.641601694915254
20230707093147870,6.64,6.63,6.641601694915254
20230707093147900,6.64,6.63,6.641601694915254
20230707093148570,6.64,6.63,6.641601694915254
20230707093150100,6.64,6.63,6.641601694915254
20230707093150210,6.64,6.63,6.641601694915254
20230707093150310,6.64,6.63,6.641601694915254
20230707093150330,6.64,6.63,6.641601694915254
20230707093150490,6.64,6.63,6.641601694915254
20230707093150950,6.64,6.63,6.641601694915254
20230707093151160,6.64,6.63,6.641601694915254
20230707093153190,6.64,6.63,6.641601694915254
20230707093153660,6.64,6.63,6.641601694915254
20230707093156170,6.64,6.63,6.641601694915254
20230707093158320,6.64,6.63,6.640403587443946
20230707093158330,6.64,6.63,6.640403587443946
20230707093159400,6.64,6.63,6.640403587443946
20230707093201080,6.64,6.63,6.64033161385409
20230707093201090,6.64,6.63,6.6402261123267685
20230707093201100,6.64,6.63,6.6402261123267685
20230707093201180,6.64,6.63,6.6402261123267685
20230707093202030,6.64,6.63,6.6402261123267685
20230707093202040,6.64,6.63,6.6402261123267685
20230707093203640,6.64,6.63,6.6402261123267685
20230707093204060,6.64,6.63,6.6402261123267685
20230707093204710,6.64,6.63,6.6402261123267685
20230707093206650,6.64,6.63,6.6402261123267685
20230707093207140,6.64,6.63,6.6402261123267685
20230707093209300,6.64,6.63,6.6402261123267685
20230707093209510,6.64,6.63,6.6402261123267685
20230707093209870,6.64,6.63,6.6402261123267685
20230707093209940,6.64,6.63,6.6402261123267685
20230707093210090,6.64,6.63,6.6402261123267685
20230707093211800,6.64,6.63,6.6402261123267685
20230707093212120,6.64,6.63,6.6402261123267685
20230707093212240,6.64,6.63,6.6402261123267685
20230707093212330,6.64,6.63,6.6402261123267685
20230707093212540,6.64,6.63,6.6402261123267685
20230707093212780,6.64,6.63,6.6402261123267685
20230707093212860,6.64,6.63,6.6402261123267685
20230707093214590,6.64,6.63,6.6402261123267685
20230707093215080,6.64,6.63,6.6402261123267685
20230707093215290,6.64,6.63,6.640188953488372
20230707093215420,6.64,6.63,6.640188953488372
20230707093215490,6.64,6.63,6.640188953488372
20230707093217110,6.64,6.63,6.640188953488372
20230707093217410,6.64,6.63,6.640188953488372
20230707093217620,6.64,6.63,6.640188953488372
20230707093217700,6.64,6.63,6.640188953488372
20230707093217770,6.64,6.63,6.640188953488372
20230707093219730,6.64,6.63,6.640188953488372
20230707093220530,6.64,6.63,6.640188953488372
20230707093220850,6.64,6.63,6.640188953488372
20230707093220860,6.64,6.63,6.640188133140376
20230707093220930,6.64,6.63,6.640188133140376
20230707093222530,6.64,6.63,6.640158615717375
20230707093222640,6.64,6.63,6.640158615717375
20230707093222800,6.64,6.63,6.640158615717375
20230707093222880,6.64,6.63,6.640158615717375
20230707093222890,6.64,6.63,6.640158615717375
20230707093222930,6.64,6.63,6.640158615717375
20230707093222960,6.64,6.63,6.640158615717375
20230707093223250,6.64,6.63,6.640158615717375
20230707093223480,6.64,6.63,6.640158615717375
20230707093225200,6.64,6.63,6.640158387329014
20230707093225480,6.64,6.63,6.640158387329014
20230707093225560,6.64,6.63,6.640158387329014
20230707093225930,6.64,6.63,6.640158387329014
20230707093228590,6.64,6.63,6.640158387329014
20230707093228600,6.64,6.63,6.640158387329014
20230707093228620,6.64,6.63,6.640158387329014
20230707093228850,6.64,6.63,6.6401575931232095
20230707093228860,6.64,6.63,6.640135811293781
20230707093229020,6.64,6.63,6.640135520684736
20230707093230660,6.64,6.63,6.640135520684736
20230707093230780,6.64,6.63,6.640135520684736
20230707093231150,6.64,6.63,6.640135520684736
20230707093231190,6.64,6.63,6.640135520684736
20230707093231500,6.64,6.63,6.640135520684736
20230707093231790,6.64,6.63,6.640135520684736
20230707093233280,6.64,6.63,6.640135520684736
20230707093233310,6.64,6.63,6.640135520684736
20230707093233580,6.64,6.63,6.640135520684736
20230707093233650,6.64,6.63,6.640135520684736
20230707093234110,6.64,6.63,6.640135520684736
20230707093234180,6.64,6.63,6.640135520684736
20230707093234340,6.64,6.63,6.640132960111966
20230707093234360,6.64,6.63,6.640132867132867
20230707093234390,6.64,6.63,6.6401327742837175
20230707093236070,6.64,6.63,6.6401327742837175
20230707093236090,6.64,6.63,6.6401327742837175
20230707093236340,6.64,6.63,6.6401327742837175
20230707093236390,6.64,6.63,6.6401327742837175
20230707093236570,6.64,6.63,6.6401327742837175
20230707093236580,6.64,6.63,6.6401327742837175
20230707093236590,6.64,6.63,6.6401327742837175
20230707093236600,6.64,6.63,6.6401327742837175
20230707093236610,6.64,6.63,6.6401327742837175
20230707093236860,6.64,6.63,6.6401327742837175
20230707093237060,6.64,6.63,6.6401327742837175
20230707093237090,6.64,6.63,6.6401327742837175
20230707093239310,6.64,6.63,6.6401327742837175
20230707093239800,6.64,6.63,6.6401327742837175
20230707093241510,6.64,6.63,6.6401327742837175
20230707093242240,6.64,6.63,6.6401320361362055
20230707093244030,6.64,6.63,6.6401320361362055
20230707093247170,6.64,6.63,6.6401302261823165
20230707093247200,6.64,6.63,6.6401302261823165
20230707093247400,6.64,6.63,6.6401302261823165
20230707093247410,6.64,6.63,6.6401302261823165
20230707093247420,6.64,6.63,6.6401302261823165
20230707093247450,6.64,6.63,6.6401302261823165
20230707093247530,6.64,6.63,6.6401302261823165
20230707093247550,6.64,6.63,6.640102529049898
20230707093249760,6.64,6.63,6.640102389078498
20230707093250330,6.64,6.63,6.6399596231493945
20230707093252130,6.64,6.63,6.6399596231493945
20230707093252350,6.64,6.63,6.6399596231493945
20230707093252410,6.64,6.63,6.6399596231493945
20230707093253010,6.64,6.63,6.6399596231493945
20230707093255190,6.64,6.63,6.6399596231493945
20230707093255740,6.64,6.63,6.6399596231493945
20230707093257590,6.64,6.63,6.6399596231493945
20230707093258150,6.64,6.63,6.6399596231493945
20230707093258220,6.64,6.63,6.6399596231493945
20230707093258630,6.64,6.63,6.6399596231493945
20230707093300350,6.64,6.63,6.6399596231493945
20230707093300760,6.64,6.63,6.639960422163588
20230707093300880,6.64,6.63,6.64
20230707093301090,6.64,6.63,6.6399877974374615
20230707093301240,6.64,6.63,6.639993902439024
20230707093301360,6.64,6.63,6.639993902439024
20230707093301420,6.64,6.63,6.639993902439024
20230707093301470,6.64,6.63,6.639993902439024
20230707093302960,6.64,6.63,6.639993902439024
20230707093303790,6.64,6.63,6.639993902439024
20230707093303840,6.64,6.63,6.639993902439024
20230707093304090,6.64,6.63,6.639993902439024
20230707093305680,6.65,6.63,6.639993902439024
20230707093305720,6.65,6.63,6.639993902439024
20230707093308560,6.65,6.63,6.639993902439024
20230707093308730,6.65,6.63,6.639993902439024
20230707093308800,6.65,6.64,6.639993902439024
20230707093308820,6.65,6.64,6.639993902439024
20230707093308870,6.65,6.64,6.639993902439024
20230707093308880,6.65,6.64,6.639993902439024
20230707093308990,6.65,6.64,6.639993902439024
20230707093309020,6.65,6.64,6.639993902439024
20230707093311130,6.65,6.64,6.639993902439024
20230707093311310,6.65,6.64,6.639993943064809
20230707093311330,6.65,6.64,6.639993943064809
20230707093311980,6.65,6.64,6.639993943064809
20230707093314480,6.65,6.64,6.639993943064809
20230707093316470,6.65,6.64,6.639993972272453
20230707093316480,6.65,6.64,6.639993972272453
20230707093316640,6.65,6.64,6.639993972272453
20230707093317130,6.65,6.64,6.639993972272453
20230707093317640,6.65,6.64,6.639993972272453
20230707093319200,6.65,6.64,6.639993972272453
20230707093319290,6.65,6.64,6.639993972272453
20230707093319540,6.65,6.64,6.639993972272453
20230707093320050,6.65,6.64,6.639994008388256
20230707093321910,6.65,6.64,6.639994008388256
20230707093322060,6.65,6.64,6.640005984440455
20230707093322100,6.65,6.64,6.640005984440455
20230707093322280,6.64,6.64,6.640005984440455
20230707093322290,6.65,6.64,6.640005966587112
20230707093324960,6.65,6.64,6.640005966587112
20230707093325070,6.65,6.64,6.640023823704586
20230707093325080,6.65,6.64,6.640023823704586
20230707093325240,6.65,6.64,6.640023823704586
20230707093327290,6.65,6.64,6.640023823704586
20230707093327370,6.65,6.64,6.640023823704586
20230707093327550,6.65,6.64,6.640023823704586
20230707093327820,6.65,6.64,6.640023823704586
20230707093327990,6.65,6.64,6.640023823704586
20230707093328070,6.65,6.64,6.640023823704586
20230707093328080,6.65,6.64,6.640023823704586
20230707093328120,6.65,6.64,6.640023823704586
20230707093328350,6.65,6.64,6.640082547169811
20230707093328400,6.65,6.64,6.6400822561692125
20230707093330020,6.65,6.64,6.6400822561692125
20230707093330030,6.65,6.64,6.6400822561692125
20230707093330780,6.65,6.64,6.640527497194164
20230707093330840,6.64,6.64,6.640525727069352
20230707093330850,6.64,6.64,6.640525727069352
20230707093331020,6.64,6.64,6.640525727069352
20230707093331070,6.65,6.64,6.640521642619312
20230707093331080,6.65,6.64,6.640562603419746
20230707093331110,6.65,6.64,6.640562603419746
20230707093331130,6.65,6.64,6.640614371914427
20230707093332880,6.65,6.64,6.640614371914427
20230707093333040,6.65,6.64,6.640614371914427
20230707093333150,6.65,6.64,6.640614371914427
20230707093333600,6.65,6.64,6.640614371914427
20230707093335800,6.65,6.64,6.640614371914427
20230707093338450,6.65,6.64,6.640614371914427
20230707093338460,6.65,6.64,6.640614371914427
20230707093340890,6.65,6.64,6.640614371914427
20230707093343500,6.65,6.64,6.640614371914427
20230707093343930,6.65,6.64,6.640614371914427
20230707093346330,6.65,6.64,6.640614371914427
20230707093347020,6.65,6.64,6.640614371914427
20230707093347330,6.64,6.64,6.640614371914427
20230707093347370,6.64,6.64,6.6405919661733614
20230707093349080,6.64,6.64,6.6405919661733614
20230707093349210,6.64,6.64,6.6405919661733614
20230707093349960,6.64,6.64,6.6405919661733614
20230707093351640,6.64,6.64,6.6405919661733614
20230707093351820,6.64,6.64,6.6405919661733614
20230707093352080,6.64,6.64,6.640587926509187
20230707093352100,6.64,6.64,6.640587926509187
20230707093354620,6.64,6.64,6.640587926509187
20230707093354700,6.64,6.64,6.640587926509187
20230707093355120,6.64,6.64,6.640587926509187
20230707093355160,6.64,6.64,6.640587926509187
20230707093355300,6.64,6.64,6.640587926509187
20230707093355440,6.64,6.64,6.6405863874345545
20230707093357040,6.64,6.64,6.640596234309624
20230707093359650,6.64,6.64,6.640590979782271
20230707093400170,6.64,6.64,6.640590979782271
20230707093402500,6.64,6.64,6.640590979782271
20230707093402770,6.64,6.64,6.640590979782271
20230707093403020,6.64,6.64,6.640590979782271
20230707093403500,6.64,6.64,6.640590979782271
20230707093405280,6.64,6.64,6.640590979782271
20230707093405450,6.64,6.64,6.640590979782271
20230707093405510,6.64,6.64,6.640590979782271
20230707093405580,6.64,6.64,6.640590979782271
20230707093405680,6.64,6.64,6.640589451913133
20230707093410650,6.64,6.64,6.640589451913133
20230707093411460,6.64,6.64,6.640589451913133
20230707093413310,6.64,6.64,6.640589451913133
20230707093413350,6.64,6.64,6.640589451913133
20230707093414320,6.64,6.64,6.640582226762002
20230707093414380,6.64,6.64,6.640582226762002
20230707093415880,6.64,6.64,6.640582226762002
20230707093416000,6.64,6.64,6.640582226762002
20230707093416080,6.64,6.64,6.640576631259484
20230707093416110,6.64,6.64,6.640576631259484
20230707093416250,6.64,6.64,6.640576631259484
20230707093416280,6.64,6.64,6.640576631259484
20230707093419080,6.64,6.64,6.640576048509348
20230707093419270,6.64,6.64,6.6405748865355525
20230707093419780,6.64,6.64,6.6405748865355525
20230707093421440,6.64,6.64,6.6405748865355525
20230707093421480,6.64,6.64,6.6405748865355525
20230707093422240,6.64,6.64,6.6405748865355525
20230707093423990,6.64,6.64,6.6405748865355525
20230707093424550,6.64,6.64,6.6405748865355525
20230707093424690,6.64,6.64,6.6405748865355525
20230707093424700,6.64,6.64,6.6405748865355525
20230707093424980,6.64,6.64,6.640574596774194
20230707093427240,6.64,6.64,6.640584088620343
20230707093427390,6.64,6.64,6.640584088620343
20230707093427450,6.64,6.64,6.640584088620343
20230707093427550,6.64,6.64,6.640584088620343
20230707093429400,6.64,6.64,6.640584088620343
20230707093430150,6.64,6.64,6.640584088620343
20230707093430440,6.64,6.64,6.640584088620343
20230707093432090,6.64,6.64,6.640696517412936
20230707093432300,6.64,6.64,6.640696517412936
20230707093432710,6.64,6.64,6.640696517412936
20230707093432870,6.64,6.64,6.640696517412936
20230707093434720,6.65,6.64,6.6407333994053515
20230707093434860,6.65,6.64,6.6407333994053515
20230707093435050,6.65,6.64,6.6407333994053515
20230707093435360,6.65,6.64,6.640747154873825
20230707093438270,6.65,6.64,6.640747154873825
20230707093438420,6.65,6.64,6.640747154873825
20230707093438440,6.65,6.64,6.640747154873825
20230707093438450,6.65,6.64,6.640747154873825
20230707093438530,6.65,6.64,6.640745310957552
20230707093440520,6.65,6.64,6.640745310957552
20230707093441020,6.65,6.64,6.640745310957552
20230707093441070,6.65,6.64,6.640745310957552
20230707093443050,6.65,6.64,6.640745310957552
20230707093443100,6.65,6.64,6.640745310957552
20230707093443110,6.65,6.64,6.640745310957552
20230707093443250,6.65,6.64,6.640745310957552
20230707093443260,6.65,6.64,6.640745310957552
20230707093444030,6.65,6.64,6.640745310957552
20230707093446110,6.65,6.64,6.640745310957552
20230707093446120,6.65,6.64,6.640745310957552
20230707093446440,6.65,6.64,6.640745310957552
20230707093448580,6.65,6.64,6.640745310957552
20230707093448640,6.65,6.64,6.640745310957552
20230707093448700,6.65,6.64,6.640745310957552
20230707093448840,6.65,6.64,6.640745310957552
20230707093448940,6.65,6.64,6.640745310957552
20230707093448980,6.65,6.64,6.640745310957552
20230707093451250,6.65,6.64,6.640745310957552
20230707093451960,6.65,6.64,6.640745310957552
20230707093452110,6.65,6.64,6.640745310957552
20230707093453660,6.65,6.64,6.640745310957552
20230707093454840,6.65,6.64,6.640745310957552
20230707093454870,6.65,6.64,6.640745310957552
20230707093454880,6.65,6.64,6.640745310957552
20230707093456440,6.65,6.64,6.640745310957552
20230707093456450,6.65,6.64,6.640745310957552
20230707093456500,6.65,6.64,6.640745310957552
20230707093457040,6.65,6.64,6.640745310957552
20230707093459790,6.65,6.64,6.640745310957552
20230707093459960,6.65,6.64,6.640745310957552
20230707093500270,6.65,6.64,6.640745310957552
20230707093502510,6.65,6.64,6.640745310957552
20230707093502630,6.65,6.64,6.640745310957552
20230707093502720,6.65,6.64,6.640745310957552
20230707093504880,6.65,6.64,6.640745310957552
20230707093505040,6.65,6.64,6.640745310957552
20230707093505240,6.65,6.64,6.640745310957552
20230707093505290,6.65,6.64,6.640745310957552
20230707093507240,6.65,6.64,6.640745310957552
20230707093507280,6.65,6.64,6.640745310957552
20230707093507800,6.65,6.64,6.640745310957552
20230707093507860,6.65,6.64,6.640745310957552
20230707093509940,6.65,6.64,6.640745310957552
20230707093510080,6.65,6.64,6.640745310957552
20230707093510090,6.65,6.64,6.640745310957552
20230707093510120,6.65,6.64,6.640745310957552
20230707093510330,6.65,6.64,6.640745310957552
20230707093510780,6.65,6.64,6.640745310957552
20230707093511030,6.65,6.64,6.640745310957552
20230707093511050,6.65,6.63,6.640745310957552
20230707093513050,6.65,6.63,6.640613821138212
20230707093513060,6.65,6.63,6.6406133225020305
20230707093513080,6.65,6.63,6.640594722331627
20230707093513100,6.65,6.63,6.640594722331627
20230707093513550,6.65,6.63,6.640594722331627
20230707093515560,6.65,6.63,6.640594722331627
20230707093515760,6.65,6.63,6.640594722331627
20230707093516050,6.65,6.64,6.640594722331627
20230707093516080,6.65,6.64,6.640594722331627
20230707093516090,6.65,6.64,6.640594722331627
20230707093516100,6.65,6.64,6.640594722331627
20230707093516110,6.65,6.63,6.64058595265813
20230707093516120,6.65,6.63,6.640584591560201
20230707093516130,6.65,6.63,6.640584365325077
20230707093516210,6.65,6.63,6.64058413926499
20230707093516260,6.65,6.63,6.640583913379737
20230707093516420,6.65,6.63,6.640583687669115
20230707093517970,6.65,6.63,6.640582786568892
20230707093518250,6.65,6.64,6.640582786568892
20230707093518710,6.65,6.64,6.640582786568892
20230707093518990,6.65,6.64,6.640582786568892
20230707093519050,6.65,6.64,6.640708301599391
20230707093519060,6.64,6.63,6.640707493343476
20230707093519070,6.65,6.64,6.6407061503416855
20230707093519170,6.65,6.64,6.6407061503416855
20230707093523330,6.65,6.64,6.6407061503416855
20230707093523340,6.65,6.64,6.6407061503416855
20230707093523620,6.65,6.64,6.6407061503416855
20230707093524220,6.65,6.64,6.6407061503416855
20230707093524280,6.65,6.64,6.640705079605762
20230707093524330,6.65,6.64,6.640705079605762
20230707093524410,6.65,6.64,6.640705079605762
20230707093524480,6.65,6.64,6.640705079605762
20230707093526050,6.65,6.64,6.640712121212121
20230707093526060,6.65,6.64,6.640712121212121
20230707093526160,6.65,6.64,6.640711312902005
20230707093526170,6.65,6.64,6.640711312902005
20230707093526410,6.65,6.64,6.640710506424792
20230707093526730,6.65,6.64,6.640710506424792
20230707093527170,6.65,6.64,6.640710506424792
20230707093527190,6.65,6.64,6.640710506424792
20230707093529620,6.65,6.64,6.640710506424792
20230707093529960,6.65,6.64,6.640710506424792
20230707093531940,6.65,6.64,6.640710506424792
20230707093532160,6.65,6.64,6.640711328566052
20230707093532250,6.65,6.64,6.640711328566052
20230707093532290,6.65,6.64,6.640711328566052
20230707093532610,6.65,6.64,6.640711328566052
20230707093534970,6.65,6.64,6.640761762509335
20230707093535020,6.65,6.64,6.640761762509335
20230707093537220,6.65,6.64,6.640761762509335
20230707093537400,6.65,6.64,6.640761762509335
20230707093537750,6.65,6.64,6.640761762509335
20230707093539520,6.65,6.63,6.640745341614907
20230707093540090,6.65,6.63,6.640740740740741
20230707093540380,6.65,6.63,6.640740740740741
20230707093540630,6.65,6.63,6.6407380607814765
20230707093540640,6.65,6.63,6.640736196319018
20230707093540650,6.65,6.63,6.64073593073593
20230707093540660,6.65,6.63,6.640735665344392
20230707093540670,6.65,6.63,6.640735665344392
20230707093540690,6.65,6.64,6.640755254720342
20230707093540700,6.65,6.64,6.640761294912842
20230707093540710,6.65,6.64,6.640761024182077
20230707093540720,6.65,6.64,6.6407607536437965
20230707093540730,6.65,6.64,6.640760483297797
20230707093540740,6.65,6.64,6.6407602131438725
20230707093542270,6.65,6.64,6.6407602131438725
20230707093542910,6.65,6.64,6.6407602131438725
20230707093543080,6.65,6.64,6.6407602131438725
20230707093543110,6.65,6.64,6.6407602131438725
20230707093543250,6.65,6.64,6.6407602131438725
20230707093543260,6.65,6.64,6.6407602131438725
20230707093543290,6.65,6.64,6.640753786544558
20230707093545140,6.64,6.64,6.640753255895811
20230707093545150,6.65,6.64,6.64075114075114
20230707093545160,6.65,6.64,6.64075114075114
20230707093545170,6.65,6.64,6.64075114075114
20230707093545260,6.65,6.64,6.64075114075114
20230707093545650,6.65,6.64,6.64075114075114
20230707093545660,6.65,6.64,6.64075114075114
20230707093545670,6.65,6.64,6.64075114075114
20230707093545720,6.64,6.64,6.64075114075114
20230707093545730,6.65,6.64,6.640744865993735
20230707093545770,6.65,6.64,6.640744865993735
20230707093545840,6.65,6.64,6.640744865993735
20230707093545860,6.65,6.64,6.640744865993735
20230707093546080,6.65,6.64,6.640744347826087
20230707093546110,6.65,6.64,6.640744347826087
20230707093546120,6.65,6.64,6.640744347826087
20230707093546130,6.65,6.64,6.640744347826087
20230707093547620,6.65,6.64,6.640744347826087
20230707093547630,6.65,6.64,6.640743313650573
20230707093548180,6.65,6.64,6.640743313650573
20230707093548250,6.65,6.64,6.640740484429066
20230707093548620,6.65,6.64,6.640740484429066
20230707093548860,6.65,6.64,6.6407399723374825
20230707093550510,6.65,6.64,6.6407399723374825
20230707093550720,6.65,6.64,6.6407399723374825
20230707093550790,6.65,6.64,6.6407399723374825
20230707093550850,6.65,6.64,6.6407399723374825
20230707093550980,6.65,6.64,6.6407399723374825
20230707093551040,6.65,6.64,6.6407399723374825
20230707093551090,6.65,6.64,6.6407399723374825
20230707093553300,6.65,6.64,6.6407399723374825
20230707093553400,6.65,6.64,6.6407399723374825
20230707093554110,6.65,6.64,6.6407399723374825
20230707093555860,6.65,6.64,6.6407399723374825
20230707093556630,6.65,6.64,6.640738440303657
20230707093556870,6.65,6.64,6.640738440303657
20230707093559080,6.65,6.64,6.640738440303657
20230707093559140,6.65,6.64,6.640736914600551
20230707093559510,6.65,6.64,6.640736914600551
20230707093601230,6.65,6.64,6.640736914600551
20230707093601570,6.65,6.64,6.640736914600551
20230707093602090,6.65,6.64,6.64073489010989
20230707093602120,6.65,6.64,6.64073489010989
20230707093604070,6.65,6.64,6.640732876712328
20230707093604090,6.65,6.64,6.640731874145007
20230707093606880,6.65,6.64,6.640731874145007
20230707093607070,6.64,6.64,6.640731874145007
20230707093607080,6.65,6.64,6.6407222409719875
20230707093607090,6.64,6.64,6.640719086021505
20230707093607150,6.64,6.64,6.640719086021505
20230707093607180,6.64,6.64,6.640719086021505
20230707093607190,6.64,6.64,6.640719086021505
20230707093607220,6.64,6.64,6.640719086021505
20230707093607230,6.64,6.64,6.640718844474303
20230707093607280,6.64,6.64,6.640718844474303
20230707093607310,6.64,6.64,6.640718120805369
20230707093607440,6.64,6.64,6.640718120805369
20230707093607510,6.64,6.64,6.640716198125837
20230707093607520,6.65,6.64,6.640715958514553
20230707093607660,6.65,6.64,6.640715958514553
20230707093607670,6.65,6.64,6.640715958514553
20230707093609220,6.64,6.64,6.640715958514553
20230707093609230,6.64,6.64,6.640715958514553
20230707093609280,6.64,6.64,6.640715958514553
20230707093609450,6.64,6.64,6.640715958514553
20230707093610070,6.64,6.64,6.640714524207012
20230707093610080,6.64,6.64,6.640712858094604
20230707093610090,6.64,6.64,6.640712858094604
20230707093610100,6.64,6.64,6.640712858094604
20230707093610150,6.64,6.64,6.640709784411277
20230707093610190,6.64,6.64,6.640709784411277
20230707093610470,6.64,6.64,6.640709784411277
20230707093613120,6.64,6.64,6.640702330160814
20230707093613140,6.64,6.64,6.640702330160814
20230707093613150,6.64,6.64,6.640702099737533
20230707093615530,6.64,6.64,6.640702099737533
20230707093617920,6.64,6.64,6.640702099737533
20230707093618130,6.64,6.64,6.640701869465398
20230707093618140,6.64,6.64,6.640701639344262
20230707093618470,6.64,6.64,6.640701639344262
20230707093620330,6.64,6.64,6.640701639344262
20230707093620980,6.64,6.64,6.640361904761905
20230707093621210,6.64,6.64,6.640361904761905
20230707093621230,6.64,6.64,6.640361904761905
20230707093621270,6.64,6.64,6.640361904761905
20230707093625480,6.64,6.64,6.640361904761905
20230707093625750,6.64,6.64,6.640361904761905
20230707093625790,6.64,6.64,6.640361904761905
20230707093628120,6.64,6.64,6.640361904761905
20230707093628510,6.64,6.64,6.640361904761905
20230707093628640,6.64,6.64,6.640361904761905
20230707093629030,6.64,6.64,6.640361904761905
20230707093629040,6.64,6.64,6.640361904761905
20230707093629130,6.64,6.64,6.640361331220285
20230707093629140,6.64,6.64,6.640361102312322
20230707093629210,6.64,6.64,6.640361102312322
20230707093630970,6.64,6.64,6.640361102312322
20230707093631380,6.64,6.64,6.640361102312322
20230707093631400,6.64,6.64,6.640361102312322
20230707093632050,6.64,6.64,6.640361102312322
20230707093634070,6.64,6.64,6.640361102312322
20230707093634090,6.64,6.64,6.640361102312322
20230707093634460,6.64,6.64,6.640344718532575
20230707093634730,6.64,6.64,6.640344718532575
20230707093637260,6.64,6.64,6.640344174297442
20230707093637390,6.64,6.64,6.640344174297442
20230707093639130,6.64,6.64,6.640344174297442
20230707093639170,6.64,6.64,6.640344174297442
20230707093639530,6.64,6.64,6.640311614730878
20230707093639980,6.64,6.64,6.640311614730878
20230707093642780,6.64,6.64,6.640311614730878
20230707093644940,6.64,6.64,6.640311614730878
20230707093645080,6.64,6.64,6.640311516677156
20230707093645100,6.64,6.64,6.640311418685121
20230707093645120,6.64,6.64,6.640311222885885
20230707093645140,6.64,6.64,6.640310929648241
20230707093645300,6.64,6.63,6.640205160087038
20230707093647030,6.64,6.63,6.640205160087038
20230707093647130,6.64,6.63,6.640205096333126
20230707093647310,6.64,6.63,6.6401734820322185
20230707093647490,6.64,6.63,6.640129549660704
20230707093647980,6.64,6.63,6.640129549660704
20230707093648130,6.64,6.63,6.6401294697903825
20230707093649990,6.64,6.63,6.640116995073892
20230707093650110,6.64,6.63,6.640116995073892
20230707093650170,6.64,6.63,6.640116995073892
20230707093650440,6.64,6.63,6.640116995073892
20230707093650570,6.64,6.63,6.640116995073892
20230707093650820,6.64,6.63,6.640116995073892
20230707093652930,6.64,6.63,6.640116995073892
20230707093653190,6.64,6.63,6.640116959064327
20230707093653570,6.64,6.63,6.640116959064327
20230707093655790,6.64,6.63,6.640101413644745
20230707093656160,6.64,6.63,6.640101413644745
20230707093658050,6.64,6.63,6.640101413644745
20230707093659030,6.64,6.63,6.64008282208589
20230707093700950,6.64,6.63,6.6400797301441274
20230707093701110,6.64,6.63,6.6400797301441274
20230707093701220,6.64,6.63,6.6400797301441274
20230707093701270,6.64,6.63,6.6400797301441274
20230707093701280,6.64,6.63,6.6400642988364975
20230707093704140,6.64,6.63,6.6400642988364975
20230707093704160,6.64,6.63,6.640063713592233
20230707093704230,6.64,6.63,6.640063713592233
20230707093705940,6.64,6.63,6.640063713592233
20230707093709170,6.64,6.63,6.640063713592233
20230707093709490,6.64,6.63,6.640063713592233
20230707093709570,6.64,6.63,6.640063713592233
20230707093714010,6.64,6.63,6.640063713592233
20230707093714070,6.64,6.63,6.640063713592233
20230707093714300,6.64,6.63,6.640063138905592
20230707093715030,6.64,6.63,6.640063138905592
20230707093717700,6.64,6.63,6.640057091346153
20230707093720050,6.64,6.63,6.640057057057057
20230707093720170,6.64,6.63,6.640057022809124
20230707093720180,6.64,6.63,6.6400569886022796
20230707093720250,6.64,6.63,6.6400569886022796
20230707093720350,6.64,6.63,6.6400569886022796
20230707093722410,6.64,6.63,6.6400569886022796
20230707093725080,6.64,6.63,6.640056954436451
20230707093725120,6.64,6.63,6.64005690326445
20230707093725190,6.64,6.63,6.64005690326445
20230707093725290,6.64,6.63,6.640041866028708
20230707093725480,6.64,6.63,6.640041866028708
20230707093725970,6.64,6.63,6.640041866028708
20230707093727940,6.64,6.63,6.640041866028708
20230707093728460,6.64,6.63,6.640041866028708
20230707093728610,6.64,6.63,6.640041716328963
20230707093730280,6.64,6.63,6.640020814748736
20230707093730680,6.64,6.63,6.640020814748736
20230707093730710,6.64,6.63,6.640020814748736
20230707093730890,6.64,6.63,6.640020814748736
20230707093730920,6.64,6.63,6.640020814748736
20230707093731060,6.64,6.63,6.640020814748736
20230707093733190,6.64,6.63,6.640020814748736
20230707093733380,6.64,6.63,6.640020814748736
20230707093733650,6.64,6.63,6.64000891000891
20230707093733850,6.64,6.63,6.63999703352121
20230707093733980,6.64,6.63,6.639973364900858
20230707093736010,6.64,6.63,6.639973364900858
20230707093736030,6.64,6.63,6.639973364900858
20230707093736120,6.64,6.63,6.639973364900858
20230707093736520,6.64,6.63,6.639973364900858
20230707093738340,6.64,6.63,6.639973364900858
20230707093739340,6.64,6.63,6.639973630237328
20230707093739350,6.64,6.63,6.63997364568082
20230707093741280,6.64,6.63,6.63997364568082
20230707093741390,6.64,6.63,6.63997364568082
20230707093741400,6.64,6.63,6.63997364568082
20230707093741600,6.64,6.63,6.63997364568082
20230707093741670,6.64,6.63,6.63997364568082
20230707093741720,6.64,6.63,6.63997364568082
20230707093741780,6.64,6.63,6.639961977186312
20230707093744240,6.64,6.63,6.639961977186312
20230707093744260,6.64,6.63,6.639961977186312
20230707093744330,6.64,6.63,6.639895409645555
20230707093744940,6.64,6.63,6.639895409645555
20230707093746500,6.64,6.63,6.639895409645555
20230707093747340,6.64,6.63,6.639883923389437
20230707093747640,6.64,6.63,6.639883923389437
20230707093750340,6.64,6.63,6.639818391467282
20230707093750360,6.64,6.63,6.639818391467282
20230707093751860,6.64,6.63,6.639818391467282
20230707093751870,6.64,6.63,6.639818391467282
20230707093751900,6.64,6.63,6.639818391467282
20230707093752110,6.64,6.63,6.639818391467282
20230707093752220,6.64,6.63,6.639818391467282
20230707093752710,6.64,6.63,6.639828431372549
20230707093752720,6.64,6.63,6.639828431372549
20230707093752740,6.64,6.63,6.639828431372549
20230707093752820,6.64,6.63,6.639828431372549
20230707093754960,6.64,6.63,6.638454905616406
20230707093754990,6.64,6.63,6.638454905616406
20230707093755110,6.64,6.63,6.638454905616406
20230707093755290,6.64,6.63,6.638454905616406
20230707093757220,6.64,6.63,6.638454905616406
20230707093758110,6.64,6.63,6.638454905616406
20230707093758230,6.64,6.63,6.6384506387921025
20230707093758450,6.64,6.63,6.6384506387921025
20230707093800900,6.64,6.63,6.6384506387921025
20230707093801100,6.64,6.63,6.6384506387921025
20230707093802810,6.64,6.63,6.6384506387921025
20230707093803450,6.64,6.63,6.6384506387921025
20230707093803500,6.64,6.63,6.6384506387921025
20230707093803680,6.64,6.63,6.6384506387921025
20230707093805420,6.64,6.63,6.6384506387921025
20230707093808130,6.64,6.63,6.6384506387921025
20230707093808140,6.64,6.63,6.638468943387577
20230707093808320,6.64,6.63,6.638468943387577
20230707093808340,6.64,6.63,6.638468943387577
20230707093808350,6.64,6.63,6.638468943387577
20230707093808630,6.64,6.63,6.638468943387577
20230707093808810,6.64,6.63,6.638468943387577
20230707093808830,6.64,6.63,6.638468943387577
20230707093809180,6.64,6.63,6.638432222729348
20230707093810840,6.64,6.63,6.638432222729348
20230707093811080,6.64,6.63,6.638432222729348
20230707093811100,6.64,6.63,6.638432222729348
20230707093811130,6.64,6.63,6.638244087460955
20230707093811410,6.64,6.63,6.638244870651205
20230707093811420,6.64,6.63,6.638243512974052
20230707093811770,6.64,6.63,6.638243512974052
20230707093811820,6.64,6.63,6.638243512974052
20230707093814040,6.64,6.63,6.638243512974052
20230707093816160,6.64,6.63,6.638243512974052
20230707093816180,6.64,6.63,6.638243512974052
20230707093817020,6.64,6.63,6.638243512974052
20230707093817120,6.64,6.63,6.638243512974052
20230707093817170,6.64,6.63,6.638243512974052
20230707093817280,6.64,6.63,6.638243512974052
20230707093819040,6.64,6.63,6.638243512974052
20230707093819060,6.64,6.63,6.638243512974052
20230707093819170,6.64,6.63,6.638243512974052
20230707093821560,6.64,6.63,6.638243512974052
20230707093821580,6.64,6.63,6.638243512974052
20230707093821920,6.64,6.63,6.638243512974052
20230707093822110,6.64,6.63,6.638243512974052
20230707093822170,6.64,6.63,6.638243512974052
20230707093822190,6.64,6.63,6.638243512974052
20230707093822430,6.64,6.63,6.638243512974052
20230707093824480,6.64,6.63,6.638243512974052
20230707093824500,6.64,6.63,6.638243512974052
20230707093825070,6.64,6.63,6.638243512974052
20230707093825110,6.64,6.63,6.638243512974052
20230707093825130,6.64,6.63,6.638194230345738
20230707093825170,6.64,6.63,6.638194230345738
20230707093825380,6.64,6.63,6.638147580468579
20230707093827520,6.64,6.63,6.638147580468579
20230707093830470,6.64,6.63,6.638147580468579
20230707093830710,6.64,6.63,6.638147580468579
20230707093833250,6.64,6.63,6.638147580468579
20230707093833440,6.64,6.63,6.637998710232158
20230707093835060,6.64,6.63,6.637998710232158
20230707093835090,6.64,6.63,6.637998710232158
20230707093835330,6.64,6.63,6.637998710232158
20230707093835950,6.64,6.63,6.637998710232158
20230707093840900,6.64,6.63,6.637998710232158
20230707093841610,6.64,6.63,6.637998710232158
20230707093843460,6.64,6.63,6.637998710232158
20230707093846110,6.64,6.63,6.637998710232158
20230707093846150,6.64,6.63,6.637998710232158
20230707093846390,6.64,6.63,6.637998710232158
20230707093846410,6.64,6.63,6.637998710232158
20230707093846730,6.64,6.63,6.637998710232158
20230707093846810,6.64,6.63,6.637998710232158
20230707093846990,6.64,6.63,6.637998710232158
20230707093848570,6.64,6.63,6.637998710232158
20230707093849040,6.64,6.63,6.637998710232158
20230707093849180,6.64,6.63,6.637998710232158
20230707093849450,6.64,6.63,6.637998710232158
20230707093851230,6.64,6.63,6.637998710232158
20230707093851830,6.64,6.63,6.637998710232158
20230707093852100,6.64,6.63,6.637998710232158
20230707093852360,6.64,6.63,6.637998710232158
20230707093854370,6.64,6.63,6.637998710232158
20230707093854780,6.64,6.63,6.637998710232158
20230707093854970,6.64,6.63,6.637998710232158
20230707093854980,6.64,6.63,6.637970581965466
20230707093855110,6.64,6.63,6.637962569119524
20230707093856800,6.64,6.63,6.637962569119524
20230707093856880,6.64,6.63,6.637962569119524
20230707093857280,6.64,6.63,6.637955801104972
20230707093900150,6.64,6.63,6.637955801104972
20230707093900160,6.64,6.63,6.637955801104972
20230707093900340,6.64,6.63,6.637955801104972
20230707093902020,6.64,6.63,6.637955801104972
20230707093902990,6.64,6.63,6.637955801104972
20230707093903040,6.64,6.63,6.637955801104972
20230707093903240,6.64,6.63,6.637955801104972
20230707093905560,6.64,6.63,6.637955801104972
20230707093905570,6.64,6.63,6.637955801104972
20230707093908300,6.64,6.63,6.637955801104972
20230707093908330,6.64,6.63,6.637955801104972
20230707093910090,6.64,6.63,6.637955801104972
20230707093910110,6.64,6.63,6.637955801104972
20230707093910130,6.64,6.63,6.637955801104972
20230707093910230,6.64,6.63,6.637955801104972
20230707093910330,6.64,6.63,6.637955801104972
20230707093910340,6.64,6.63,6.637955801104972
20230707093910950,6.64,6.63,6.637955801104972
20230707093911020,6.64,6.63,6.637955801104972
20230707093913080,6.64,6.63,6.637955801104972
20230707093913090,6.64,6.63,6.637955801104972
20230707093913110,6.64,6.63,6.637955801104972
20230707093913250,6.64,6.63,6.637955801104972
20230707093913480,6.64,6.63,6.637955801104972
20230707093913540,6.64,6.63,6.637955801104972
20230707093913560,6.64,6.63,6.637955801104972
20230707093915570,6.64,6.63,6.637955801104972
20230707093916080,6.64,6.63,6.637827723186285
20230707093916100,6.64,6.63,6.637827723186285
20230707093916120,6.64,6.63,6.637827723186285
20230707093916260,6.64,6.63,6.637827723186285
20230707093916600,6.64,6.63,6.63779454319967
20230707093919030,6.64,6.63,6.63779454319967
20230707093919110,6.64,6.63,6.63779454319967
20230707093919160,6.64,6.63,6.63779454319967
20230707093919380,6.64,6.63,6.63779454319967
20230707093921450,6.64,6.63,6.637789712869242
20230707093922040,6.64,6.63,6.63779108175062
20230707093922080,6.64,6.63,6.637784653465347
20230707093922110,6.64,6.63,6.637783048051144
20230707093922140,6.64,6.63,6.6377814432989695
20230707093923590,6.64,6.63,6.637733606557377
20230707093923600,6.64,6.63,6.637737315875614
20230707093924020,6.64,6.63,6.637737315875614
20230707093924340,6.64,6.63,6.63772940936031
20230707093924350,6.64,6.63,6.63772940936031
20230707093924460,6.64,6.63,6.63772940936031
20230707093927020,6.64,6.63,6.637731264039208
20230707093927330,6.64,6.63,6.637731264039208
20230707093929600,6.64,6.63,6.637731264039208
20230707093930200,6.64,6.63,6.637731264039208
20230707093931710,6.64,6.63,6.637733578131375
20230707093932200,6.64,6.63,6.637736809940924
20230707093932370,6.64,6.63,6.637736809940924
20230707093932440,6.64,6.63,6.637736809940924
20230707093935510,6.64,6.63,6.637672727272728
20230707093935520,6.64,6.63,6.637672727272728
20230707093935530,6.64,6.63,6.637672727272728
20230707093935550,6.64,6.63,6.637672727272728
20230707093935610,6.64,6.63,6.637636071500301
20230707093937200,6.64,6.63,6.637636071500301
20230707093937930,6.64,6.63,6.637636071500301
20230707093938020,6.64,6.63,6.637636071500301
20230707093940090,6.64,6.63,6.637636071500301
20230707093940290,6.64,6.63,6.637636071500301
20230707093940350,6.64,6.63,6.637636071500301
20230707093942790,6.64,6.63,6.637636071500301
20230707093942820,6.64,6.63,6.637636071500301
20230707093943420,6.64,6.63,6.637636071500301
20230707093945250,6.64,6.63,6.637636071500301
20230707093945630,6.64,6.63,6.637636071500301
20230707093946090,6.64,6.63,6.637636071500301
20230707093946130,6.64,6.63,6.637598401598401
20230707093946300,6.64,6.63,6.637500986193294
20230707093947940,6.64,6.63,6.637500986193294
20230707093948500,6.64,6.63,6.637500986193294
20230707093948670,6.64,6.63,6.637500986193294
20230707093949090,6.64,6.63,6.637500986193294
20230707093949100,6.64,6.63,6.637500986193294
20230707093950670,6.64,6.63,6.637500986193294
20230707093950690,6.64,6.63,6.637500986193294
20230707093950750,6.64,6.63,6.637500986193294
20230707093950870,6.64,6.63,6.637500986193294
20230707093950970,6.64,6.63,6.637500986193294
20230707093951070,6.64,6.63,6.637500986193294
20230707093951330,6.64,6.63,6.637500986193294
20230707093953970,6.64,6.63,6.637500986193294
20230707093954210,6.64,6.63,6.637500986193294
20230707093954500,6.64,6.63,6.637500986193294
20230707093956360,6.64,6.63,6.637500986193294
20230707093956760,6.64,6.63,6.637500986193294
20230707093956780,6.64,6.63,6.637490760552422
20230707093957040,6.64,6.63,6.637490760552422
20230707094001560,6.64,6.63,6.637490760552422
20230707094001830,6.64,6.63,6.637490760552422
20230707094002220,6.64,6.63,6.637490760552422
20230707094002530,6.64,6.63,6.637490279937792
20230707094004280,6.64,6.63,6.637490279937792
20230707094004410,6.64,6.63,6.63748445998446
20230707094004490,6.64,6.63,6.63748445998446
20230707094005260,6.64,6.63,6.63748445998446
20230707094005340,6.64,6.63,6.63748445998446
20230707094007000,6.64,6.63,6.63748445998446
20230707094007070,6.64,6.63,6.63748445998446
20230707094007110,6.64,6.63,6.63748445998446
20230707094007160,6.64,6.63,6.63748445998446
20230707094007190,6.64,6.63,6.63748445998446
20230707094007340,6.64,6.63,6.63748445998446
20230707094007470,6.64,6.63,6.63748445998446
20230707094009750,6.64,6.63,6.63748445998446
20230707094009870,6.64,6.63,6.63748445998446
20230707094010080,6.64,6.63,6.63748445998446
20230707094010090,6.64,6.63,6.637489839365203
20230707094010340,6.64,6.63,6.637489839365203
20230707094010470,6.64,6.63,6.637489839365203
20230707094010490,6.64,6.63,6.637448036951501
20230707094010520,6.64,6.63,6.637448036951501
20230707094012850,6.64,6.63,6.637448036951501
20230707094015170,6.64,6.63,6.637448036951501
20230707094015590,6.64,6.63,6.637448036951501
20230707094016120,6.64,6.63,6.637448036951501
20230707094017620,6.64,6.63,6.637448036951501
20230707094017930,6.64,6.63,6.637448036951501
20230707094018690,6.64,6.63,6.637422324510932
20230707094020340,6.64,6.63,6.637416634725948
20230707094020810,6.64,6.63,6.637416634725948
20230707094022990,6.64,6.63,6.637410030627871
20230707094024070,6.64,6.63,6.637410030627871
20230707094026770,6.64,6.63,6.637410030627871
20230707094028490,6.64,6.63,6.637410030627871
20230707094028590,6.64,6.63,6.637410030627871
20230707094029000,6.64,6.63,6.637410030627871
20230707094031120,6.64,6.63,6.637410030627871
20230707094031260,6.64,6.63,6.637410030627871
20230707094031280,6.64,6.63,6.637410030627871
20230707094031660,6.64,6.63,6.637410030627871
20230707094032020,6.64,6.63,6.637410030627871
20230707094032120,6.64,6.63,6.637410030627871
20230707094033850,6.64,6.63,6.637410030627871
20230707094034060,6.64,6.63,6.637410030627871
20230707094034260,6.64,6.63,6.637410030627871
20230707094034570,6.64,6.63,6.637410030627871
20230707094034710,6.64,6.63,6.637410030627871
20230707094034820,6.64,6.63,6.637410030627871
20230707094034970,6.64,6.63,6.637410030627871
20230707094036500,6.64,6.63,6.637410030627871
20230707094036510,6.64,6.63,6.637410030627871
20230707094036520,6.64,6.63,6.637410030627871
20230707094036920,6.64,6.63,6.637410030627871
20230707094037090,6.64,6.63,6.637410030627871
20230707094037210,6.64,6.63,6.637410030627871
20230707094040000,6.64,6.63,6.637373333333334
20230707094040110,6.64,6.63,6.637366317792578
20230707094042090,6.64,6.63,6.637353723404256
20230707094042640,6.64,6.63,6.637353723404256
20230707094042650,6.64,6.63,6.637349534839567
20230707094043030,6.64,6.63,6.63734395750332
20230707094043090,6.64,6.63,6.637338388625593
20230707094043110,6.64,6.63,6.637338388625593
20230707094044610,6.64,6.63,6.63714074893931
20230707094044640,6.64,6.63,6.63714074893931
20230707094044690,6.64,6.63,6.636601296043656
20230707094044700,6.64,6.63,6.636589713121711
20230707094044710,6.64,6.63,6.6365474784955305
20230707094044720,6.64,6.63,6.6365474784955305
20230707094044740,6.64,6.63,6.6365474784955305
20230707094044910,6.63,6.63,6.6365474784955305
20230707094044920,6.63,6.63,6.6365474784955305
20230707094044940,6.63,6.63,6.6365474784955305
20230707094044950,6.63,6.63,6.6365474784955305
20230707094044960,6.63,6.63,6.6365474784955305
20230707094044970,6.63,6.63,6.6365474784955305
20230707094045010,6.63,6.63,6.6365474784955305
20230707094045020,6.63,6.63,6.6365474784955305
20230707094045030,6.63,6.63,6.6365474784955305
20230707094045060,6.63,6.63,6.6365474784955305
20230707094045110,6.63,6.63,6.636523273399429
20230707094045140,6.63,6.63,6.636523273399429
20230707094045150,6.63,6.63,6.636523273399429
20230707094045200,6.63,6.63,6.636523273399429
20230707094045360,6.63,6.63,6.636488613529806
20230707094045440,6.63,6.63,6.636488613529806
20230707094045510,6.63,6.63,6.636488613529806
20230707094045580,6.63,6.63,6.636488613529806
20230707094047320,6.63,6.63,6.636488613529806
20230707094047540,6.63,6.63,6.636488613529806
20230707094047740,6.63,6.63,6.636488613529806
20230707094048070,6.63,6.63,6.636469899665552
20230707094048260,6.63,6.63,6.636469899665552
20230707094050770,6.63,6.63,6.636468817923424
20230707094051150,6.63,6.63,6.636466655523985
20230707094051190,6.63,6.63,6.636466655523985
20230707094055400,6.63,6.63,6.636466655523985
20230707094058210,6.63,6.63,6.636466655523985
20230707094058250,6.63,6.63,6.636463903743316
20230707094058380,6.63,6.63,6.636463903743316
20230707094059020,6.63,6.63,6.636463903743316
20230707094101120,6.63,6.63,6.6364563511934564
20230707094101130,6.63,6.63,6.636455273698265
20230707094101250,6.63,6.63,6.636455273698265
20230707094101320,6.63,6.63,6.63644978311645
20230707094103470,6.63,6.63,6.63644978311645
20230707094104090,6.63,6.63,6.636447631754503
20230707094106470,6.63,6.63,6.636447631754503
20230707094106480,6.63,6.63,6.636447631754503
20230707094106810,6.63,6.63,6.636447631754503
20230707094107070,6.63,6.63,6.636446556611639
20230707094107130,6.63,6.63,6.636446556611639
20230707094107400,6.63,6.63,6.636443814604868
20230707094109640,6.63,6.63,6.636433089214381
20230707094109780,6.63,6.63,6.636433089214381
20230707094109790,6.63,6.63,6.636433089214381
20230707094111730,6.63,6.63,6.636433089214381
20230707094112280,6.63,6.63,6.636433089214381
20230707094114430,6.63,6.63,6.636433089214381
20230707094114770,6.63,6.63,6.636336029047698
20230707094114900,6.63,6.63,6.636336029047698
20230707094117030,6.63,6.63,6.636336029047698
20230707094117640,6.63,6.63,6.636336029047698
20230707094119980,6.63,6.63,6.636336029047698
20230707094120100,6.63,6.63,6.636336029047698
20230707094120130,6.63,6.63,6.636336029047698
20230707094120210,6.63,6.63,6.636336029047698
20230707094120420,6.63,6.63,6.636336029047698
20230707094122460,6.63,6.63,6.636336029047698
20230707094122870,6.63,6.63,6.636336029047698
20230707094125130,6.63,6.63,6.636336029047698
20230707094125220,6.63,6.63,6.636336029047698
20230707094125240,6.63,6.63,6.636336029047698
20230707094126020,6.63,6.63,6.636336029047698
20230707094126080,6.63,6.63,6.636171811203658
20230707094127860,6.63,6.63,6.636171811203658
20230707094128100,6.63,6.63,6.636171811203658
20230707094128180,6.63,6.63,6.636171811203658
20230707094128570,6.63,6.63,6.636171811203658
20230707094128870,6.63,6.63,6.636171811203658
20230707094131090,6.63,6.63,6.636171811203658
20230707094131230,6.63,6.63,6.636171811203658
20230707094131450,6.63,6.63,6.636171811203658
20230707094133180,6.63,6.63,6.636166530612245
20230707094133630,6.63,6.63,6.636166530612245
20230707094134250,6.63,6.63,6.636153344208809
20230707094135880,6.63,6.63,6.636153344208809
20230707094136510,6.63,6.63,6.636153344208809
20230707094136960,6.63,6.63,6.636153344208809
20230707094137120,6.63,6.63,6.636153344208809
20230707094139560,6.63,6.63,6.636153344208809
20230707094139570,6.63,6.63,6.636153344208809
20230707094139750,6.63,6.63,6.636153344208809
20230707094142440,6.63,6.63,6.636153344208809
20230707094143970,6.63,6.63,6.636153344208809
20230707094144470,6.63,6.63,6.636153344208809
20230707094144520,6.63,6.63,6.636153344208809
20230707094147210,6.63,6.63,6.636153344208809
20230707094150150,6.63,6.63,6.636122415757773
20230707094150160,6.63,6.63,6.636120423108218
20230707094152080,6.63,6.63,6.636116441697837
20230707094152090,6.63,6.63,6.636116441697837
20230707094152120,6.63,6.63,6.636116441697837
20230707094152980,6.63,6.63,6.636116441697837
20230707094153160,6.63,6.63,6.636116441697837
20230707094155050,6.63,6.63,6.636105964570128
20230707094155080,6.63,6.63,6.636105964570128
20230707094155220,6.63,6.63,6.636105964570128
20230707094155410,6.63,6.63,6.636105964570128
20230707094155440,6.63,6.63,6.636074614760746
20230707094155500,6.63,6.63,6.636074614760746
20230707094200960,6.63,6.63,6.636074614760746
20230707094201100,6.63,6.63,6.636074614760746
20230707094201120,6.63,6.63,6.636074614760746
20230707094201140,6.63,6.63,6.6359661835748796
20230707094203030,6.63,6.63,6.6359661835748796
20230707094204110,6.63,6.63,6.6359661835748796
20230707094206210,6.63,6.63,6.6359661835748796
20230707094206260,6.63,6.63,6.6359661835748796
20230707094208450,6.63,6.63,6.6359661835748796
20230707094209010,6.63,6.63,6.6359661835748796
20230707094211020,6.63,6.63,6.6359661835748796
20230707094211170,6.63,6.63,6.635941167014949
20230707094211780,6.63,6.63,6.635941167014949
20230707094212130,6.63,6.63,6.635941167014949
20230707094214080,6.63,6.63,6.63589139836617
20230707094216780,6.63,6.63,6.63589139836617
20230707094217180,6.63,6.63,6.63589139836617
20230707094217190,6.63,6.63,6.635879156010231
20230707094217340,6.63,6.63,6.635879156010231
20230707094219090,6.63,6.63,6.635879156010231
20230707094219100,6.63,6.63,6.635879156010231
20230707094219110,6.63,6.63,6.635872585023152
20230707094219120,6.63,6.63,6.635866028708134
20230707094219260,6.63,6.63,6.635866028708134
20230707094219450,6.63,6.63,6.635866028708134
20230707094219860,6.63,6.63,6.635866028708134
20230707094220020,6.63,6.63,6.635866028708134
20230707094220030,6.63,6.63,6.635866028708134
20230707094221890,6.63,6.63,6.635866028708134
20230707094222080,6.63,6.63,6.635851521427433
20230707094222090,6.63,6.63,6.635842214092572
20230707094222120,6.63,6.63,6.635842214092572
20230707094222140,6.63,6.63,6.635841284987277
20230707094222160,6.63,6.63,6.635841284987277
20230707094222210,6.63,6.63,6.635824734084776
20230707094222340,6.63,6.63,6.635824734084776
20230707094222360,6.63,6.63,6.635824734084776
20230707094222410,6.63,6.63,6.635823809523809
20230707094222660,6.63,6.63,6.635823809523809
20230707094223020,6.63,6.63,6.635823809523809
20230707094224750,6.63,6.63,6.635823809523809
20230707094225140,6.63,6.63,6.635823809523809
20230707094225230,6.63,6.63,6.635823809523809
20230707094225570,6.63,6.63,6.635823809523809
20230707094227270,6.63,6.63,6.63581192515065
20230707094227400,6.63,6.63,6.63581192515065
20230707094227890,6.63,6.63,6.635766803408015
20230707094228120,6.63,6.63,6.635765893674081
20230707094228160,6.63,6.63,6.635765893674081
20230707094228360,6.63,6.63,6.635764075067024
20230707094228420,6.63,6.63,6.635764075067024
20230707094230300,6.63,6.63,6.635764075067024
20230707094230430,6.63,6.63,6.635538628944505
20230707094230710,6.63,6.63,6.635538628944505
20230707094231130,6.63,6.63,6.635538628944505
20230707094232760,6.63,6.63,6.635538628944505
20230707094232790,6.63,6.63,6.635504885993486
20230707094233340,6.63,6.63,6.635504032258065
20230707094233640,6.63,6.63,6.635491257929754
20230707094233810,6.63,6.63,6.635491257929754
20230707094235450,6.63,6.63,6.635489559164733
20230707094235810,6.63,6.63,6.6354799814499925
20230707094236410,6.63,6.63,6.6354799814499925
20230707094238020,6.63,6.63,6.6354799814499925
20230707094238430,6.63,6.63,6.635420388050508
20230707094239140,6.63,6.63,6.635420388050508
20230707094240720,6.63,6.63,6.635420388050508
20230707094241540,6.63,6.63,6.635410895660203
20230707094241740,6.63,6.63,6.635407692307692
20230707094243430,6.63,6.63,6.635407692307692
20230707094244130,6.63,6.63,6.635407692307692
20230707094246260,6.63,6.63,6.635407692307692
20230707094246290,6.63,6.63,6.635407692307692
20230707094246830,6.63,6.63,6.635407692307692
20230707094246920,6.63,6.63,6.635407692307692
20230707094249070,6.63,6.63,6.635407692307692
20230707094249560,6.63,6.63,6.635407692307692
20230707094251930,6.63,6.63,6.635295284602472
20230707094252080,6.63,6.63,6.635295284602472
20230707094252100,6.63,6.63,6.635295284602472
20230707094252410,6.63,6.63,6.635295284602472
20230707094254320,6.63,6.63,6.635285953942351
20230707094254700,6.63,6.62,6.6346235774730085
20230707094255080,6.63,6.62,6.634602272727273
20230707094255090,6.63,6.62,6.634600145666424
20230707094255110,6.63,6.62,6.634600145666424
20230707094255320,6.63,6.62,6.634600145666424
20230707094257360,6.63,6.62,6.634583151462244
20230707094257370,6.63,6.62,6.63457255015993
20230707094257440,6.63,6.62,6.63457255015993
20230707094257850,6.63,6.62,6.63457255015993
20230707094258080,6.63,6.62,6.634541642567958
20230707094259630,6.63,6.62,6.63447883674057
20230707094259670,6.63,6.62,6.634474668969488
20230707094259700,6.63,6.62,6.634474668969488
20230707094300370,6.63,6.62,6.634474668969488
20230707094302490,6.63,6.62,6.634474668969488
20230707094303190,6.63,6.62,6.634474668969488
20230707094303530,6.63,6.62,6.634474668969488
20230707094304970,6.63,6.62,6.634474668969488
20230707094305330,6.63,6.62,6.634474668969488
20230707094305340,6.63,6.62,6.63446297627606
20230707094305480,6.63,6.62,6.63446297627606
20230707094305750,6.63,6.62,6.634454663026297
20230707094305790,6.63,6.62,6.634454663026297
20230707094305860,6.63,6.62,6.634454663026297
20230707094307810,6.63,6.62,6.634454663026297
20230707094308220,6.63,6.62,6.634454663026297
20230707094308600,6.63,6.62,6.634454663026297
20230707094311120,6.63,6.62,6.634454022988506
20230707094311150,6.63,6.62,6.634454022988506
20230707094313180,6.63,6.62,6.634454022988506
20230707094316070,6.63,6.62,6.634454022988506
20230707094316110,6.63,6.62,6.634454022988506
20230707094316320,6.63,6.62,6.634454022988506
20230707094316390,6.63,6.62,6.634454022988506
20230707094316460,6.63,6.62,6.634454022988506
20230707094318510,6.63,6.62,6.634445720850086
20230707094318990,6.63,6.62,6.634445720850086
20230707094321920,6.63,6.62,6.634445720850086
20230707094322030,6.63,6.62,6.634445720850086
20230707094322070,6.63,6.62,6.634445720850086
20230707094322380,6.63,6.62,6.634445720850086
20230707094324530,6.63,6.62,6.634445720850086
20230707094324780,6.63,6.62,6.634445720850086
20230707094325070,6.63,6.62,6.634445720850086
20230707094325090,6.63,6.62,6.634445720850086
20230707094327120,6.63,6.62,6.634445720850086
20230707094329290,6.63,6.62,6.634445720850086
20230707094329300,6.63,6.62,6.634445720850086
20230707094329560,6.63,6.62,6.634433448078027
20230707094329630,6.63,6.62,6.634433448078027
20230707094329670,6.63,6.62,6.634433448078027
20230707094329950,6.63,6.62,6.634433448078027
20230707094330300,6.63,6.62,6.634433448078027
20230707094330310,6.63,6.62,6.634433448078027
20230707094330430,6.63,6.62,6.634433448078027
20230707094332030,6.63,6.62,6.634433448078027
20230707094332190,6.63,6.62,6.634433448078027
20230707094332400,6.63,6.62,6.634433448078027
20230707094332720,6.63,6.62,6.634433448078027
20230707094332850,6.63,6.62,6.634433448078027
20230707094332860,6.63,6.62,6.634433448078027
20230707094332870,6.63,6.62,6.634427732416559
20230707094332920,6.63,6.62,6.634427732416559
20230707094333010,6.63,6.62,6.634427732416559
20230707094335780,6.63,6.62,6.634386516211969
20230707094335800,6.63,6.62,6.634386516211969
20230707094337560,6.63,6.62,6.634386516211969
20230707094337750,6.63,6.62,6.634386516211969
20230707094340850,6.63,6.62,6.6343480107603
20230707094340860,6.63,6.62,6.63434554973822
20230707094340870,6.63,6.62,6.634343091500495
20230707094341070,6.63,6.62,6.634343091500495
20230707094343070,6.63,6.62,6.634343091500495
20230707094343710,6.63,6.62,6.634343091500495
20230707094343950,6.63,6.62,6.634343091500495
20230707094345620,6.63,6.62,6.634343091500495
20230707094346060,6.63,6.62,6.634343091500495
20230707094346070,6.63,6.62,6.634341863424289
20230707094348480,6.63,6.62,6.634341863424289
20230707094348990,6.63,6.62,6.634341863424289
20230707094349140,6.63,6.62,6.634341863424289
20230707094351530,6.63,6.62,6.634341863424289
20230707094351540,6.63,6.62,6.634340636042403
20230707094351760,6.63,6.62,6.634340636042403
20230707094351800,6.63,6.62,6.634340636042403
20230707094352080,6.63,6.62,6.634340636042403
20230707094353640,6.63,6.62,6.634340636042403
20230707094354100,6.63,6.62,6.634313863476425
20230707094356440,6.63,6.62,6.634313863476425
20230707094359020,6.63,6.62,6.634313863476425
20230707094359090,6.63,6.62,6.634313863476425
20230707094359260,6.63,6.62,6.634301181102362
20230707094404520,6.63,6.62,6.6342911339047355
20230707094405210,6.63,6.62,6.6342911339047355
20230707094407100,6.63,6.62,6.6342911339047355
20230707094407120,6.63,6.62,6.6342911339047355
20230707094407740,6.63,6.62,6.6342911339047355
20230707094407870,6.63,6.62,6.6342911339047355
20230707094408060,6.63,6.62,6.6342911339047355
20230707094408100,6.63,6.62,6.6342911339047355
20230707094408200,6.63,6.62,6.6342911339047355
20230707094413240,6.63,6.62,6.634281100814378
20230707094418450,6.63,6.62,6.634278697726635
20230707094418530,6.63,6.62,6.634266722642037
20230707094418850,6.63,6.62,6.634252440725244
20230707094423680,6.63,6.62,6.634193947730399
20230707094423800,6.63,6.62,6.634193947730399
20230707094424050,6.63,6.62,6.634193947730399
20230707094424440,6.63,6.62,6.634193947730399
20230707094426230,6.63,6.62,6.634193947730399
20230707094426460,6.63,6.62,6.634193947730399
20230707094426630,6.63,6.62,6.634178345699368
20230707094426770,6.63,6.62,6.634178345699368
20230707094427000,6.63,6.62,6.634178345699368
20230707094428960,6.63,6.62,6.634178345699368
20230707094429110,6.63,6.62,6.634166666666666
20230707094431850,6.63,6.62,6.634166666666666
20230707094432170,6.63,6.62,6.634166666666666
20230707094432240,6.63,6.62,6.634158891328211
20230707094434150,6.63,6.62,6.634158891328211
20230707094434360,6.63,6.62,6.634158891328211
20230707094435020,6.63,6.62,6.634158891328211
20230707094435320,6.63,6.62,6.634158891328211
20230707094437080,6.63,6.62,6.634141427984103
20230707094437540,6.63,6.62,6.634141427984103
20230707094439560,6.63,6.62,6.634141427984103
20230707094443070,6.63,6.62,6.634141427984103
20230707094443080,6.63,6.62,6.634133680317765
20230707094443110,6.63,6.62,6.634133680317765
20230707094443210,6.63,6.62,6.634133114215284
20230707094444970,6.63,6.62,6.634133114215284
20230707094446080,6.63,6.62,6.634127310061602
20230707094446110,6.63,6.62,6.634127310061602
20230707094447780,6.63,6.62,6.634127310061602
20230707094448650,6.63,6.62,6.634127310061602
20230707094453140,6.63,6.62,6.634127310061602
20230707094453460,6.63,6.62,6.634126180374983
20230707094456170,6.63,6.62,6.634126180374983
20230707094458780,6.63,6.62,6.634126180374983
20230707094459140,6.63,6.62,6.634126180374983
20230707094459500,6.63,6.62,6.634126180374983
20230707094501130,6.63,6.62,6.634126180374983
20230707094501830,6.63,6.62,6.634126180374983
20230707094504090,6.63,6.62,6.634126180374983
20230707094504130,6.63,6.62,6.634126180374983
20230707094504570,6.63,6.62,6.634126180374983
20230707094504640,6.63,6.62,6.634118852459016
20230707094504760,6.63,6.62,6.634118852459016
20230707094504940,6.63,6.62,6.634118852459016
20230707094506490,6.63,6.62,6.634118852459016
20230707094506660,6.63,6.62,6.634118852459016
20230707094506820,6.63,6.62,6.633928042042851
20230707094507060,6.63,6.62,6.633928042042851
20230707094507070,6.63,6.62,6.633928042042851
20230707094507150,6.63,6.62,6.633926165454056
20230707094509150,6.63,6.62,6.633926165454056
20230707094510020,6.63,6.62,6.633926165454056
20230707094510070,6.63,6.62,6.633916140303723
20230707094510140,6.63,6.62,6.633908261802575
20230707094510160,6.63,6.62,6.633908261802575
20230707094510200,6.63,6.62,6.633897806313537
20230707094510300,6.63,6.62,6.6338874066168625
20230707094510310,6.63,6.62,6.6338874066168625
20230707094510370,6.63,6.62,6.6338874066168625
20230707094512400,6.63,6.62,6.6338874066168625
20230707094512630,6.63,6.62,6.633875515361085
20230707094513050,6.63,6.62,6.633875515361085
20230707094513080,6.63,6.62,6.633875515361085
20230707094513090,6.63,6.62,6.633875515361085
20230707094513110,6.63,6.62,6.633875515361085
20230707094514570,6.63,6.62,6.633875515361085
20230707094514610,6.63,6.62,6.633875515361085
20230707094514620,6.63,6.62,6.633875515361085
20230707094515170,6.63,6.62,6.633875515361085
20230707094517530,6.63,6.62,6.633875515361085
20230707094517770,6.63,6.62,6.633875515361085
20230707094520700,6.63,6.62,6.633875515361085
20230707094520720,6.63,6.62,6.633875515361085
20230707094523640,6.63,6.62,6.633875515361085
20230707094523730,6.63,6.62,6.633833706091304
20230707094523830,6.63,6.62,6.633833706091304
20230707094525380,6.63,6.62,6.633833706091304
20230707094525770,6.63,6.62,6.633833706091304
20230707094528070,6.63,6.62,6.633829675384413
20230707094528080,6.63,6.62,6.633776818419675
20230707094528150,6.63,6.62,6.633772376845681
20230707094528490,6.63,6.62,6.633772376845681
20230707094528840,6.63,6.62,6.633772376845681
20230707094529020,6.63,6.62,6.633772376845681
20230707094529180,6.63,6.62,6.633772376845681
20230707094531110,6.63,6.62,6.63377139124755
20230707094534120,6.63,6.62,6.63377139124755
20230707094534710,6.63,6.62,6.63377139124755
20230707094536260,6.63,6.62,6.63377139124755
20230707094536440,6.63,6.62,6.633762402088773
20230707094536750,6.63,6.62,6.633762402088773
20230707094541550,6.63,6.62,6.633762402088773
20230707094541640,6.63,6.62,6.633762402088773
20230707094542470,6.63,6.62,6.633762402088773
20230707094542590,6.63,6.62,6.633762402088773
20230707094544450,6.63,6.62,6.633762402088773
20230707094544760,6.63,6.62,6.633762402088773
20230707094544840,6.63,6.62,6.633762402088773
20230707094544880,6.63,6.62,6.633762402088773
20230707094550420,6.63,6.62,6.633734423676012
20230707094552670,6.63,6.62,6.633734423676012
20230707094556010,6.63,6.62,6.633734423676012
20230707094556020,6.63,6.62,6.633734423676012
20230707094556160,6.63,6.62,6.633734423676012
20230707094558100,6.63,6.62,6.633734423676012
20230707094600850,6.63,6.62,6.633716137394686
20230707094601030,6.63,6.62,6.633716137394686
20230707094603300,6.63,6.62,6.633716137394686
20230707094604030,6.63,6.62,6.633716137394686
20230707094605940,6.63,6.62,6.633704230818993
20230707094605970,6.63,6.62,6.633702457956016
20230707094606150,6.63,6.62,6.633702457956016
20230707094606320,6.63,6.62,6.633702457956016
20230707094606330,6.63,6.62,6.633702457956016
20230707094606480,6.63,6.62,6.633702457956016
20230707094606530,6.63,6.62,6.633702457956016
20230707094606560,6.63,6.62,6.633702457956016
20230707094607080,6.63,6.62,6.633702457956016
20230707094607090,6.63,6.62,6.633702457956016
20230707094609010,6.63,6.62,6.633702457956016
20230707094609400,6.63,6.62,6.633676413757568
20230707094609450,6.63,6.62,6.633676413757568
20230707094609520,6.63,6.62,6.633676413757568
20230707094609660,6.63,6.62,6.633676413757568
20230707094609770,6.63,6.62,6.633676413757568
20230707094611650,6.63,6.62,6.633676413757568
20230707094611960,6.63,6.62,6.633676413757568
20230707094612090,6.63,6.62,6.633676413757568
20230707094612400,6.63,6.62,6.633676413757568
20230707094614030,6.63,6.62,6.633676413757568
20230707094614340,6.63,6.62,6.633606305267205
20230707094614410,6.63,6.62,6.633606305267205
20230707094614490,6.63,6.62,6.633606305267205
20230707094616900,6.63,6.62,6.633606305267205
20230707094616920,6.63,6.62,6.633606305267205
20230707094617100,6.63,6.62,6.633606305267205
20230707094617200,6.63,6.62,6.633606305267205
20230707094617310,6.63,6.62,6.633571519877285
20230707094617340,6.63,6.62,6.633571519877285
20230707094617430,6.63,6.62,6.633571519877285
20230707094617470,6.63,6.62,6.633571519877285
20230707094617630,6.63,6.62,6.633571519877285
20230707094619620,6.63,6.62,6.633571519877285
20230707094619630,6.63,6.62,6.633571519877285
20230707094620240,6.63,6.62,6.633571519877285
20230707094622060,6.63,6.62,6.633571519877285
20230707094622070,6.63,6.62,6.633571519877285
20230707094623000,6.63,6.62,6.633571519877285
20230707094623020,6.63,6.62,6.633571519877285
20230707094623040,6.63,6.62,6.633571519877285
20230707094623060,6.63,6.62,6.633571519877285
20230707094623160,6.63,6.62,6.633571519877285
20230707094625140,6.63,6.62,6.633571519877285
20230707094627700,6.63,6.62,6.633571519877285
20230707094628120,6.63,6.62,6.633571519877285
20230707094628130,6.63,6.62,6.633571519877285
20230707094628260,6.63,6.62,6.633571519877285
20230707094630360,6.63,6.62,6.633571519877285
20230707094631160,6.63,6.62,6.633519172552977
20230707094632850,6.63,6.62,6.633519172552977
20230707094632900,6.63,6.62,6.633415915915916
20230707094633050,6.63,6.62,6.633415915915916
20230707094633090,6.63,6.62,6.633415915915916
20230707094633130,6.63,6.62,6.633415915915916
20230707094633150,6.63,6.62,6.633415915915916
20230707094633300,6.63,6.62,6.633415915915916
20230707094633720,6.63,6.62,6.633415915915916
20230707094633740,6.63,6.62,6.633415915915916
20230707094634060,6.63,6.62,6.633415915915916
20230707094634100,6.63,6.62,6.633415915915916
20230707094635690,6.63,6.62,6.633396884735203
20230707094635710,6.63,6.62,6.633396884735203
20230707094636060,6.63,6.62,6.633396884735203
20230707094636110,6.63,6.62,6.633396884735203
20230707094636150,6.63,6.62,6.633396884735203
20230707094636540,6.63,6.62,6.633396884735203
20230707094638430,6.63,6.62,6.633385611152601
20230707094638610,6.63,6.62,6.633385611152601
20230707094638770,6.63,6.62,6.633354029554203
20230707094638930,6.63,6.62,6.6333209463644245
20230707094641020,6.63,6.62,6.6333209463644245
20230707094641120,6.63,6.62,6.633302820385947
20230707094642150,6.63,6.62,6.633296241345203
20230707094644160,6.63,6.62,6.633296241345203
20230707094644180,6.63,6.62,6.633286384976526
20230707094646570,6.63,6.62,6.633286384976526
20230707094646810,6.63,6.62,6.633286384976526
20230707094646970,6.63,6.62,6.633286384976526
20230707094647100,6.63,6.62,6.633286384976526
20230707094647120,6.63,6.62,6.633286384976526
20230707094647400,6.63,6.62,6.633286384976526
20230707094649510,6.63,6.62,6.633286384976526
20230707094650020,6.63,6.62,6.633286384976526
20230707094650170,6.63,6.62,6.633286384976526
20230707094652050,6.63,6.62,6.633286384976526
20230707094652120,6.63,6.62,6.633286384976526
20230707094652310,6.63,6.62,6.633286384976526
20230707094652340,6.63,6.62,6.633286384976526
20230707094652580,6.63,6.62,6.633286384976526
20230707094652930,6.63,6.62,6.633286384976526
20230707094652990,6.63,6.62,6.633286384976526
20230707094653000,6.63,6.62,6.633286384976526
20230707094655060,6.63,6.62,6.633286384976526
20230707094655070,6.63,6.62,6.633286384976526
20230707094655440,6.63,6.62,6.633286384976526
20230707094655460,6.63,6.62,6.633286384976526
20230707094655580,6.63,6.62,6.633286384976526
20230707094655590,6.63,6.62,6.633286384976526
20230707094657230,6.63,6.62,6.633286384976526
20230707094657240,6.63,6.62,6.633243111436235
20230707094658090,6.63,6.62,6.633243111436235
20230707094658100,6.63,6.62,6.6332419256550885
20230707094658110,6.63,6.62,6.6332419256550885
20230707094702620,6.63,6.62,6.633233649404327
20230707094702630,6.63,6.62,6.633228939062879
20230707094702640,6.63,6.62,6.633228155339806
20230707094702970,6.63,6.62,6.633219169793053
20230707094702980,6.63,6.62,6.633218390804598
20230707094703070,6.63,6.62,6.633216833958157
20230707094703420,6.63,6.62,6.633216833958157
20230707094703640,6.63,6.62,6.633216833958157
20230707094705350,6.63,6.62,6.633216833958157
20230707094705360,6.63,6.63,6.6332032755298656
20230707094705370,6.63,6.63,6.6332032755298656
20230707094705570,6.63,6.63,6.6332032755298656
20230707094705620,6.63,6.63,6.6332032755298656
20230707094705630,6.63,6.63,6.6332032755298656
20230707094705870,6.63,6.63,6.6332032755298656
20230707094708120,6.63,6.63,6.6332032755298656
20230707094708130,6.63,6.63,6.6332032755298656
20230707094709090,6.63,6.63,6.633202166064982
20230707094709110,6.63,6.63,6.633202166064982
20230707094711130,6.63,6.63,6.633202166064982
20230707094711150,6.63,6.63,6.633202166064982
20230707094711450,6.63,6.63,6.633202166064982
20230707094713470,6.63,6.63,6.633199855699855
20230707094713660,6.63,6.63,6.633199855699855
20230707094713680,6.63,6.63,6.633199855699855
20230707094713980,6.63,6.63,6.633199855699855
20230707094713990,6.63,6.63,6.633199855699855
20230707094714090,6.63,6.63,6.633199855699855
20230707094714110,6.63,6.63,6.633199855699855
20230707094714130,6.63,6.63,6.633199855699855
20230707094714150,6.63,6.63,6.633199855699855
20230707094716090,6.63,6.63,6.633199855699855
20230707094716210,6.63,6.63,6.633199855699855
20230707094716220,6.63,6.63,6.633204758471521
20230707094716970,6.63,6.63,6.633204758471521
20230707094716990,6.63,6.63,6.633204758471521
20230707094719100,6.63,6.63,6.633204758471521
20230707094719330,6.63,6.63,6.633204758471521
20230707094719680,6.63,6.63,6.633204758471521
20230707094721870,6.63,6.63,6.633204758471521
20230707094721890,6.63,6.63,6.633204758471521
20230707094721900,6.63,6.63,6.633204758471521
20230707094722580,6.63,6.63,6.633209654178675
20230707094722690,6.63,6.63,6.633217798033101
20230707094724370,6.63,6.63,6.633215098861593
20230707094724380,6.63,6.63,6.633215098861593
20230707094724410,6.63,6.63,6.633215098861593
20230707094724970,6.63,6.63,6.633215098861593
20230707094725110,6.63,6.63,6.633215098861593
20230707094727050,6.63,6.63,6.633215098861593
20230707094727500,6.63,6.63,6.633215098861593
20230707094728060,6.63,6.63,6.633215098861593
20230707094728080,6.63,6.63,6.633215098861593
20230707094729680,6.63,6.63,6.633215098861593
20230707094729750,6.63,6.63,6.633215098861593
20230707094729800,6.63,6.63,6.633215098861593
20230707094730310,6.63,6.63,6.633215098861593
20230707094732560,6.63,6.63,6.633215098861593
20230707094733080,6.63,6.63,6.63322931611669
20230707094733200,6.63,6.63,6.63322931611669
20230707094735010,6.63,6.63,6.63322931611669
20230707094735410,6.63,6.63,6.633227001194743
20230707094735800,6.63,6.63,6.633227001194743
20230707094735820,6.63,6.63,6.633227001194743
20230707094735910,6.63,6.63,6.633227001194743
20230707094738220,6.63,6.63,6.633227001194743
20230707094738520,6.63,6.63,6.633227001194743
20230707094740780,6.63,6.63,6.633227001194743
20230707094743240,6.63,6.63,6.633227001194743
20230707094743340,6.63,6.63,6.633227001194743
20230707094744020,6.63,6.63,6.633227001194743
20230707094745900,6.63,6.63,6.633227001194743
20230707094745920,6.63,6.63,6.633227001194743
20230707094749120,6.63,6.63,6.633227001194743
20230707094751370,6.63,6.63,6.633224767358626
20230707094751550,6.63,6.63,6.633224767358626
20230707094751570,6.63,6.63,6.633224767358626
20230707094751710,6.63,6.63,6.633224767358626
20230707094752350,6.63,6.63,6.633224767358626
20230707094754300,6.63,6.63,6.633224382679232
20230707094754350,6.63,6.63,6.633224382679232
20230707094754860,6.63,6.63,6.633224382679232
20230707094754890,6.63,6.63,6.633224382679232
20230707094754990,6.63,6.63,6.633224382679232
20230707094755080,6.63,6.63,6.633224382679232
20230707094756590,6.63,6.63,6.633224382679232
20230707094756790,6.63,6.63,6.633224382679232
20230707094756800,6.63,6.63,6.633224382679232
20230707094757290,6.63,6.63,6.633224382679232
20230707094757300,6.63,6.63,6.633229228751937
20230707094759770,6.63,6.63,6.633229228751937
20230707094759780,6.63,6.63,6.633229228751937
20230707094759810,6.63,6.63,6.633229228751937
20230707094759980,6.63,6.63,6.633229228751937
20230707094759990,6.63,6.63,6.633229228751937
20230707094800020,6.63,6.63,6.633229228751937
20230707094800030,6.63,6.63,6.633229228751937
20230707094800100,6.63,6.63,6.633229228751937
20230707094800110,6.63,6.63,6.633229228751937
20230707094800140,6.63,6.63,6.633229228751937
20230707094800150,6.63,6.63,6.633229228751937
20230707094800160,6.63,6.63,6.633229228751937
20230707094800190,6.63,6.63,6.633229228751937
20230707094800380,6.63,6.63,6.633227689741451
20230707094800410,6.63,6.63,6.633227689741451
20230707094800450,6.63,6.63,6.633227689741451
20230707094800470,6.63,6.63,6.633227689741451
20230707094802740,6.63,6.63,6.633227689741451
20230707094802780,6.63,6.63,6.63322576804001
20230707094805030,6.63,6.63,6.633225383974283
20230707094805550,6.63,6.63,6.633224616117129
20230707094805620,6.63,6.63,6.633224616117129
20230707094807470,6.63,6.63,6.633224616117129
20230707094807670,6.63,6.63,6.633224616117129
20230707094807770,6.63,6.63,6.633224616117129
20230707094807920,6.63,6.63,6.633224616117129
20230707094810110,6.63,6.63,6.633224616117129
20230707094810320,6.63,6.63,6.633214285714286
20230707094810900,6.63,6.63,6.633214285714286
20230707094812870,6.63,6.63,6.633215090758097
20230707094813090,6.63,6.63,6.633211661531169
20230707094813490,6.63,6.63,6.6332067210980945
20230707094813800,6.63,6.63,6.633222760004722
20230707094813840,6.63,6.63,6.63321630537229
20230707094815610,6.63,6.63,6.63321630537229
20230707094815720,6.63,6.63,6.63321630537229
20230707094816060,6.63,6.63,6.633213276836158
20230707094816070,6.63,6.63,6.633212520593081
20230707094816090,6.63,6.63,6.63321138689566
20230707094816110,6.63,6.63,6.63321138689566
20230707094816160,6.63,6.63,6.633217769420614
20230707094816560,6.63,6.63,6.633217769420614
20230707094819090,6.63,6.63,6.633217769420614
20230707094819100,6.63,6.63,6.633217769420614
20230707094821070,6.63,6.63,6.633217769420614
20230707094821930,6.63,6.63,6.633217769420614
20230707094821950,6.63,6.63,6.633217769420614
20230707094824130,6.63,6.63,6.633217769420614
20230707094826240,6.63,6.63,6.633217769420614
20230707094826460,6.63,6.63,6.633213615023474
20230707094827330,6.63,6.63,6.633213615023474
20230707094827360,6.63,6.63,6.633213615023474
20230707094827380,6.63,6.63,6.633213615023474
20230707094829050,6.63,6.63,6.633213615023474
20230707094829350,6.63,6.63,6.633213615023474
20230707094829840,6.63,6.63,6.633213615023474
20230707094832670,6.63,6.63,6.633213615023474
20230707094832720,6.63,6.63,6.633213615023474
20230707094834360,6.63,6.63,6.633213615023474
20230707094834970,6.63,6.63,6.633202339181286
20230707094835430,6.63,6.63,6.633202339181286
20230707094837090,6.63,6.63,6.633202339181286
20230707094837170,6.63,6.63,6.633202339181286
20230707094837380,6.63,6.63,6.633202339181286
20230707094837840,6.63,6.63,6.633202339181286
20230707094838140,6.63,6.63,6.633202339181286
20230707094839800,6.63,6.63,6.633202339181286
20230707094840110,6.63,6.63,6.633201590271281
20230707094840150,6.63,6.63,6.633201590271281
20230707094840460,6.63,6.63,6.633201590271281
20230707094842800,6.63,6.63,6.633201590271281
20230707094842950,6.63,6.63,6.633199719527872
20230707094843170,6.63,6.63,6.633199719527872
20230707094843190,6.63,6.63,6.633166416098069
20230707094843570,6.63,6.63,6.633166416098069
20230707094845210,6.63,6.63,6.633166416098069
20230707094845240,6.63,6.63,6.63316129777162
20230707094845630,6.63,6.63,6.63316129777162
20230707094846070,6.63,6.63,6.63316129777162
20230707094846100,6.63,6.63,6.63316129777162
20230707094846310,6.63,6.63,6.63316129777162
20230707094849090,6.63,6.63,6.633159838430467
20230707094850650,6.63,6.63,6.633159838430467
20230707094853420,6.63,6.63,6.633159838430467
20230707094853480,6.63,6.63,6.63315328803409
20230707094853540,6.63,6.63,6.63315328803409
20230707094853880,6.63,6.63,6.63315328803409
20230707094853920,6.63,6.63,6.63315328803409
20230707094854060,6.63,6.63,6.63315328803409
20230707094854140,6.63,6.63,6.63315328803409
20230707094856180,6.63,6.63,6.633148936170213
20230707094856190,6.63,6.63,6.633146764739685
20230707094856950,6.63,6.63,6.6331449575005745
20230707094859470,6.63,6.63,6.6331449575005745
20230707094859520,6.63,6.63,6.6331449575005745
20230707094901400,6.63,6.63,6.6331449575005745
20230707094902160,6.63,6.63,6.6331449575005745
20230707094902190,6.63,6.63,6.6331449575005745
20230707094902250,6.63,6.63,6.633142430850453
20230707094902330,6.63,6.63,6.633140988872318
20230707094902360,6.63,6.63,6.633140988872318
20230707094904230,6.63,6.63,6.633140988872318
20230707094904380,6.63,6.63,6.633140988872318
20230707094904610,6.63,6.63,6.633140988872318
20230707094905010,6.63,6.63,6.633140988872318
20230707094905120,6.63,6.63,6.633140628584537
20230707094907080,6.63,6.63,6.633140628584537
20230707094907090,6.63,6.63,6.633092736925336
20230707094907100,6.63,6.63,6.633092736925336
20230707094907110,6.63,6.63,6.633092736925336
20230707094907120,6.63,6.63,6.633092736925336
20230707094907170,6.63,6.63,6.633092736925336
20230707094907330,6.63,6.63,6.633092736925336
20230707094910070,6.63,6.63,6.633092736925336
20230707094910080,6.63,6.63,6.633092736925336
20230707094910300,6.63,6.63,6.633092736925336
20230707094910560,6.63,6.63,6.633092736925336
20230707094912210,6.63,6.63,6.63305286588759
20230707094912450,6.63,6.63,6.63305286588759
20230707094913010,6.63,6.63,6.63305286588759
20230707094913070,6.63,6.63,6.63305286588759
20230707094913100,6.63,6.63,6.63305286588759
20230707094913170,6.63,6.63,6.63305286588759
20230707094913230,6.63,6.63,6.63305286588759
20230707094913290,6.63,6.63,6.63305286588759
20230707094913380,6.63,6.63,6.63305286588759
20230707094916080,6.63,6.63,6.63305286588759
20230707094916090,6.63,6.63,6.63305286588759
20230707094918230,6.63,6.63,6.63305286588759
20230707094918350,6.63,6.63,6.63305286588759
20230707094918460,6.63,6.63,6.632991713911906
20230707094918750,6.63,6.63,6.632991713911906
20230707094921310,6.63,6.63,6.632991713911906
20230707094923550,6.63,6.63,6.632991713911906
20230707094923560,6.63,6.62,6.632740984916592
20230707094923570,6.63,6.62,6.632740984916592
20230707094923580,6.63,6.62,6.632740984916592
20230707094923600,6.63,6.62,6.632740984916592
20230707094923610,6.63,6.62,6.632740984916592
20230707094923660,6.63,6.62,6.632738796287055
20230707094923770,6.63,6.62,6.632738796287055
20230707094924030,6.63,6.62,6.632738796287055
20230707094928460,6.63,6.62,6.632738796287055
20230707094928540,6.63,6.62,6.632738796287055
20230707094928630,6.63,6.62,6.632738796287055
20230707094928920,6.63,6.62,6.632738796287055
20230707094928990,6.63,6.62,6.632731172069826
20230707094929010,6.63,6.62,6.632731172069826
20230707094929380,6.63,6.62,6.632728450423517
20230707094929450,6.63,6.62,6.6327279067450435
20230707094931100,6.63,6.62,6.6327279067450435
20230707094931230,6.63,6.62,6.632726548496316
20230707094931270,6.63,6.62,6.632726548496316
20230707094931550,6.63,6.62,6.632726005575468
20230707094931790,6.63,6.62,6.632726005575468
20230707094932120,6.63,6.62,6.632726005575468
20230707094932280,6.63,6.62,6.632726005575468
20230707094934110,6.63,6.62,6.632726005575468
20230707094934560,6.63,6.62,6.632718407960199
20230707094934610,6.63,6.62,6.632718407960199
20230707094934780,6.63,6.62,6.632716245774508
20230707094937080,6.63,6.62,6.632716245774508
20230707094937160,6.63,6.62,6.632716245774508
20230707094940200,6.63,6.62,6.6327086645469
20230707094942800,6.63,6.62,6.6327086645469
20230707094944620,6.63,6.62,6.6327086645469
20230707094944640,6.63,6.62,6.6327086645469
20230707094944750,6.63,6.62,6.6327086645469
20230707094944880,6.63,6.62,6.6327086645469
20230707094944900,6.63,6.62,6.6327086645469
20230707094944940,6.63,6.62,6.6327086645469
20230707094945390,6.63,6.62,6.6327086645469
20230707094945760,6.63,6.62,6.6327086645469
20230707094948200,6.63,6.62,6.632702353759062
20230707094949940,6.63,6.62,6.632702353759062
20230707094949980,6.63,6.62,6.632702353759062
20230707094950170,6.63,6.62,6.632702353759062
20230707094950700,6.63,6.62,6.632702353759062
20230707094953700,6.63,6.62,6.632693529178245
20230707094958170,6.63,6.62,6.632693529178245
20230707094958420,6.63,6.62,6.632655848011082
20230707094958570,6.63,6.62,6.632655848011082
20230707094958680,6.63,6.62,6.632655848011082
20230707094959020,6.63,6.62,6.632655848011082
20230707095001300,6.63,6.62,6.632655848011082
20230707095001700,6.63,6.62,6.632647087906655
20230707095004100,6.63,6.62,6.632646564508156
20230707095004160,6.63,6.62,6.632646564508156
20230707095004440,6.63,6.62,6.632646564508156
20230707095006140,6.63,6.62,6.632646564508156
20230707095006400,6.63,6.62,6.632646564508156
20230707095006830,6.63,6.62,6.632646564508156
20230707095006860,6.63,6.62,6.632643167456556
20230707095007040,6.63,6.62,6.632636928846344
20230707095007080,6.63,6.62,6.632636928846344
20230707095007100,6.63,6.62,6.632636928846344
20230707095009060,6.63,6.62,6.632636408485446
20230707095009170,6.63,6.62,6.632636408485446
20230707095012070,6.63,6.62,6.632635368379525
20230707095012240,6.63,6.62,6.632631734462721
20230707095012330,6.63,6.62,6.632631475280678
20230707095012380,6.63,6.62,6.63263121614968
20230707095012390,6.63,6.62,6.63263069804076
20230707095014860,6.63,6.62,6.63263069804076
20230707095015030,6.63,6.62,6.632630439062807
20230707095017060,6.63,6.62,6.632629921259842
20230707095018040,6.63,6.62,6.632627335299902
20230707095019930,6.63,6.62,6.632577906415823
20230707095019980,6.63,6.62,6.632577657727185
20230707095020250,6.63,6.62,6.632570466570467
20230707095020300,6.63,6.62,6.632570219315121
20230707095020410,6.63,6.62,6.632569972107339
20230707095020440,6.63,6.62,6.632565284178187
20230707095020470,6.63,6.62,6.632560858731072
20230707095020500,6.63,6.62,6.632560858731072
20230707095020630,6.63,6.62,6.632558406740713
20230707095020690,6.63,6.62,6.632556203960585
20230707095020700,6.63,6.62,6.632555714968914
20230707095020880,6.63,6.62,6.632555714968914
20230707095022390,6.63,6.62,6.63255498183209
20230707095022400,6.63,6.62,6.63255498183209
20230707095022660,6.63,6.62,6.63255498183209
20230707095022690,6.63,6.62,6.63255473754661
20230707095022780,6.63,6.62,6.63255449330784
20230707095022790,6.63,6.62,6.632553516819572
20230707095022980,6.63,6.62,6.632548645555132
20230707095025060,6.63,6.62,6.632548159450696
20230707095025110,6.63,6.62,6.632548159450696
20230707095025330,6.63,6.62,6.632548159450696
20230707095025340,6.63,6.62,6.6325421790105805
20230707095025860,6.63,6.62,6.632541694462975
20230707095025930,6.63,6.62,6.632541694462975
20230707095026200,6.63,6.62,6.632541694462975
20230707095028040,6.63,6.62,6.63253879105188
20230707095028920,6.63,6.62,6.632534018460367
20230707095028930,6.63,6.62,6.632534018460367
20230707095030410,6.63,6.62,6.632534018460367
20230707095031330,6.63,6.62,6.632534018460367
20230707095031490,6.63,6.62,6.632534018460367
20230707095033200,6.63,6.62,6.632534018460367
20230707095033840,6.63,6.62,6.632532572515454
20230707095034070,6.63,6.62,6.632532572515454
20230707095037070,6.63,6.62,6.632532572515454
20230707095037080,6.63,6.62,6.632532572515454
20230707095039200,6.63,6.62,6.632532572515454
20230707095041870,6.63,6.62,6.632532572515454
20230707095042180,6.63,6.63,6.632532572515454
20230707095042400,6.63,6.63,6.632532572515454
20230707095044330,6.63,6.63,6.632532572515454
20230707095044540,6.63,6.63,6.632532572515454
20230707095044660,6.63,6.63,6.632532572515454
20230707095047330,6.63,6.63,6.632532572515454
20230707095047580,6.63,6.63,6.632532572515454
20230707095049420,6.63,6.63,6.632539184952978
20230707095049640,6.63,6.63,6.632539184952978
20230707095052390,6.63,6.63,6.632539184952978
20230707095052900,6.63,6.63,6.632539184952978
20230707095055100,6.63,6.63,6.632539184952978
20230707095055600,6.63,6.63,6.632539184952978
20230707095100550,6.63,6.63,6.632542018801633
20230707095103030,6.63,6.63,6.632542018801633
20230707095103180,6.63,6.63,6.632542018801633
20230707095103250,6.63,6.63,6.632542018801633
20230707095106050,6.63,6.63,6.632542018801633
20230707095106350,6.63,6.63,6.632542018801633
20230707095106620,6.63,6.63,6.632570239334027
20230707095108400,6.63,6.63,6.632577962577963
20230707095114460,6.63,6.63,6.632577962577963
20230707095116680,6.63,6.63,6.632577962577963
20230707095117100,6.63,6.63,6.632577962577963
20230707095119040,6.63,6.63,6.632583569405099
20230707095119460,6.63,6.63,6.632583569405099
20230707095121770,6.63,6.63,6.632583569405099
20230707095121790,6.63,6.63,6.632583569405099
20230707095122060,6.63,6.63,6.632583569405099
20230707095122120,6.63,6.63,6.632585232623846
20230707095122420,6.63,6.63,6.632585232623846
20230707095128220,6.63,6.63,6.632585232623846
20230707095130060,6.63,6.63,6.6325894201807225
20230707095130170,6.63,6.63,6.6325908149821196
20230707095130310,6.63,6.63,6.6325908149821196
20230707095130600,6.63,6.63,6.6325908149821196
20230707095130930,6.63,6.63,6.632594996237772
20230707095130950,6.63,6.63,6.632594996237772
20230707095131060,6.63,6.63,6.632594996237772
20230707095131070,6.63,6.63,6.632596388941132
20230707095133320,6.63,6.63,6.632596388941132
20230707095135840,6.63,6.63,6.632596388941132
20230707095138010,6.63,6.63,6.632596388941132
20230707095138110,6.63,6.63,6.632596388941132
20230707095138200,6.63,6.63,6.632596388941132
20230707095138220,6.63,6.63,6.632596388941132
20230707095141020,6.63,6.63,6.632596388941132
20230707095141250,6.63,6.63,6.632596388941132
20230707095141280,6.63,6.63,6.632596388941132
20230707095141290,6.63,6.63,6.632596388941132
20230707095141420,6.63,6.63,6.632598462115529
20230707095144050,6.63,6.63,6.632598462115529
20230707095144450,6.63,6.63,6.632598462115529
20230707095146020,6.63,6.63,6.632608166323282
20230707095146030,6.63,6.63,6.63261093428197
20230707095146060,6.63,6.63,6.63261093428197
20230707095146090,6.63,6.63,6.632613008890969
20230707095146100,6.63,6.64,6.632613008890969
20230707095146110,6.63,6.64,6.632613008890969
20230707095146120,6.63,6.64,6.632613008890969
20230707095146130,6.63,6.64,6.632613008890969
20230707095146160,6.63,6.64,6.632613008890969
20230707095146170,6.63,6.64,6.632613008890969
20230707095146900,6.63,6.64,6.632613008890969
20230707095146930,6.63,6.64,6.632613008890969
20230707095147020,6.63,6.64,6.632617154616032
20230707095147030,6.63,6.64,6.632617154616032
20230707095147040,6.63,6.64,6.632617154616032
20230707095147050,6.63,6.64,6.632617154616032
20230707095147200,6.63,6.64,6.632619915848528
20230707095149080,6.63,6.64,6.632646730016769
20230707095149130,6.63,6.64,6.632646730016769
20230707095149180,6.63,6.64,6.632646730016769
20230707095149190,6.63,6.64,6.632646730016769
20230707095149200,6.63,6.64,6.632646730016769
20230707095149480,6.63,6.64,6.63266288160834
20230707095149740,6.63,6.64,6.632701523031203
20230707095151720,6.63,6.64,6.632701523031203
20230707095152090,6.63,6.64,6.632713027352805
20230707095152140,6.63,6.64,6.632713027352805
20230707095152270,6.63,6.64,6.632713027352805
20230707095154140,6.63,6.64,6.632713027352805
20230707095154160,6.63,6.64,6.632713027352805
20230707095154190,6.63,6.64,6.632713027352805
20230707095155000,6.63,6.64,6.632713027352805
20230707095155220,6.63,6.64,6.632713027352805
20230707095155310,6.63,6.64,6.632725842280637
20230707095155340,6.63,6.64,6.632725842280637
20230707095157040,6.63,6.64,6.632725842280637
20230707095157090,6.63,6.64,6.632725842280637
20230707095157770,6.63,6.64,6.632725842280637
20230707095159600,6.63,6.64,6.632725842280637
20230707095159770,6.63,6.64,6.632727440999537
20230707095200260,6.63,6.64,6.632727440999537
20230707095200370,6.63,6.64,6.632727440999537
20230707095200540,6.63,6.64,6.632730804810361
20230707095202540,6.63,6.64,6.632730804810361
