Timestamp,ask1,bid1,VWAP
20230830093000020,5.66,6.92,6.31
20230830093000030,5.66,6.92,6.309166666666667
20230830093000040,5.66,6.92,6.309166666666667
20230830093000060,5.66,6.92,6.309166666666667
20230830093000070,5.66,6.92,6.309166666666667
20230830093000100,5.66,6.92,6.309166666666667
20230830093000110,5.66,6.92,6.309166666666667
20230830093000120,5.66,6.46,6.307142857142857
20230830093000130,6.11,6.44,6.307142857142857
20230830093000150,6.11,6.44,6.307142857142857
20230830093000160,6.11,6.44,6.307142857142857
20230830093000170,6.11,6.44,6.307142857142857
20230830093000180,6.11,6.44,6.307142857142857
20230830093000190,6.11,6.44,6.307142857142857
20230830093000200,6.11,6.44,6.307142857142857
20230830093000210,6.11,6.44,6.307142857142857
20230830093000220,6.11,6.44,6.307142857142857
20230830093000230,6.14,6.44,6.307142857142857
20230830093000240,6.14,6.44,6.307142857142857
20230830093000250,6.14,6.44,6.307142857142857
20230830093000280,6.14,6.44,6.307142857142857
20230830093000290,6.14,6.44,6.307142857142857
20230830093000300,6.14,6.44,6.307142857142857
20230830093000310,6.14,6.44,6.307142857142857
20230830093000330,6.14,6.44,6.307142857142857
20230830093000340,6.14,6.44,6.307142857142857
20230830093000360,6.14,6.44,6.307142857142857
20230830093000390,6.14,6.44,6.307142857142857
20230830093000410,6.14,6.34,6.307142857142857
20230830093000430,6.14,6.34,6.307142857142857
20230830093000440,6.14,6.34,6.307142857142857
20230830093000460,6.14,6.34,6.307142857142857
20230830093000470,6.14,6.34,6.307142857142857
20230830093000520,6.14,6.34,6.307142857142857
20230830093000530,6.14,6.34,6.307142857142857
20230830093000540,6.14,6.34,6.307142857142857
20230830093000550,6.14,6.34,6.307142857142857
20230830093000580,6.14,6.34,6.307142857142857
20230830093000590,6.14,6.32,6.307142857142857
20230830093000680,6.14,6.32,6.307142857142857
20230830093000720,6.3,6.32,6.307142857142857
20230830093000730,6.3,6.32,6.307142857142857
20230830093000760,6.3,6.32,6.307142857142857
20230830093000800,6.3,6.32,6.307142857142857
20230830093000810,6.3,6.32,6.307142857142857
20230830093000880,6.3,6.32,6.307142857142857
20230830093000890,6.3,6.32,6.307142857142857
20230830093000900,6.3,6.32,6.307142857142857
20230830093000920,6.3,6.32,6.307142857142857
20230830093000950,6.3,6.32,6.307142857142857
20230830093000960,6.3,6.32,6.307142857142857
20230830093000980,6.3,6.32,6.307142857142857
20230830093001000,6.3,6.32,6.307142857142857
20230830093001010,6.3,6.32,6.307142857142857
20230830093001030,6.3,6.32,6.307142857142857
20230830093001040,6.3,6.32,6.307142857142857
20230830093001060,6.3,6.32,6.307142857142857
20230830093001090,6.3,6.32,6.307142857142857
20230830093001100,6.3,6.32,6.307142857142857
20230830093001110,6.3,6.32,6.307142857142857
20230830093001120,6.3,6.32,6.307142857142857
20230830093001140,6.3,6.29,6.307142857142857
20230830093001200,6.3,6.29,6.3004980842911875
20230830093001210,6.3,6.3,6.3004980842911875
20230830093001240,6.3,6.3,6.3004980842911875
20230830093001250,6.3,6.29,6.3004980842911875
20230830093001440,6.3,6.3,6.300428134556575
20230830093001470,6.3,6.3,6.300428134556575
20230830093001500,6.3,6.3,6.300428134556575
20230830093001520,6.3,6.3,6.300428134556575
20230830093001550,6.3,6.3,6.300428134556575
20230830093001710,6.3,6.3,6.300428134556575
20230830093001730,6.3,6.3,6.300428134556575
20230830093001760,6.3,6.3,6.300428134556575
20230830093001780,6.3,6.3,6.300428134556575
20230830093001810,6.3,6.3,6.300428134556575
20230830093001830,6.3,6.3,6.300428134556575
20230830093001860,6.3,6.3,6.300428134556575
20230830093001930,6.3,6.3,6.300428134556575
20230830093001990,6.3,6.3,6.300428134556575
20230830093002000,6.3,6.3,6.300428134556575
20230830093002050,6.3,6.3,6.300428134556575
20230830093002110,6.3,6.3,6.300428134556575
20230830093002160,6.3,6.3,6.300428134556575
20230830093002170,6.3,6.3,6.300428134556575
20230830093002210,6.3,6.3,6.300428134556575
20230830093002250,6.3,6.3,6.300867052023121
20230830093002260,6.3,6.3,6.300867052023121
20230830093002290,6.3,6.3,6.300867052023121
20230830093002480,6.3,6.3,6.300867052023121
20230830093002490,6.3,6.3,6.300867052023121
20230830093002560,6.3,6.3,6.300867052023121
20230830093002570,6.3,6.3,6.300867052023121
20230830093002630,6.3,6.3,6.301123595505618
20230830093002640,6.3,6.3,6.301123595505618
20230830093002660,6.3,6.3,6.301123595505618
20230830093002700,6.3,6.3,6.301123595505618
20230830093002730,6.3,6.3,6.301123595505618
20230830093002740,6.3,6.3,6.301123595505618
20230830093002750,6.3,6.3,6.301123595505618
20230830093002880,6.3,6.3,6.301123595505618
20230830093002920,6.3,6.3,6.301123595505618
20230830093002960,6.3,6.3,6.301123595505618
20230830093003000,6.3,6.3,6.301123595505618
20230830093003040,6.3,6.3,6.301123595505618
20230830093003100,6.3,6.3,6.301123595505618
20230830093003270,6.3,6.3,6.301123595505618
20230830093003340,6.3,6.3,6.301123595505618
20230830093003770,6.3,6.3,6.301123595505618
20230830093003780,6.3,6.3,6.301123595505618
20230830093003800,6.3,6.3,6.301123595505618
20230830093003880,6.3,6.3,6.301123595505618
20230830093004070,6.3,6.3,6.301123595505618
20230830093004150,6.3,6.3,6.301318681318682
20230830093004160,6.3,6.3,6.301318681318682
20230830093004180,6.3,6.3,6.301318681318682
20230830093004230,6.3,6.3,6.301318681318682
20230830093004320,6.3,6.3,6.301318681318682
20230830093004470,6.3,6.3,6.301318681318682
20230830093004500,6.3,6.3,6.301366120218579
20230830093004570,6.3,6.3,6.301366120218579
20230830093004660,6.3,6.3,6.301366120218579
20230830093004900,6.3,6.3,6.301366120218579
20230830093005060,6.3,6.3,6.301366120218579
20230830093005330,6.3,6.3,6.301436314363143
20230830093005380,6.3,6.3,6.301436314363143
20230830093005590,6.3,6.3,6.301436314363143
20230830093005620,6.3,6.3,6.301436314363143
20230830093005670,6.3,6.29,6.301108786610879
20230830093005790,6.3,6.3,6.301108786610879
20230830093005810,6.3,6.3,6.301108786610879
20230830093005940,6.3,6.3,6.301108786610879
20230830093006050,6.3,6.3,6.301108786610879
20230830093006090,6.3,6.3,6.301108786610879
20230830093006270,6.3,6.3,6.301108786610879
20230830093006330,6.3,6.3,6.301108786610879
20230830093006340,6.3,6.29,6.301038461538462
20230830093006380,6.3,6.29,6.301038461538462
20230830093006490,6.3,6.3,6.301038461538462
20230830093006680,6.3,6.3,6.301038461538462
20230830093006900,6.3,6.29,6.300995106035889
20230830093006990,6.3,6.29,6.300995106035889
20230830093007020,6.3,6.29,6.30099025974026
20230830093007140,6.3,6.3,6.30099025974026
20230830093007150,6.3,6.3,6.30099025974026
20230830093007160,6.3,6.3,6.30099025974026
20230830093007280,6.3,6.3,6.30099025974026
20230830093007650,6.3,6.3,6.30099025974026
20230830093007660,6.3,6.3,6.30099025974026
20230830093008010,6.3,6.3,6.30099025974026
20230830093008040,6.3,6.3,6.30099025974026
20230830093008090,6.3,6.3,6.30099025974026
20230830093008170,6.3,6.3,6.30099025974026
20230830093008940,6.3,6.3,6.30099025974026
20230830093009990,6.3,6.3,6.30099025974026
20230830093010010,6.3,6.3,6.30099025974026
20230830093010080,6.3,6.3,6.30099025974026
20230830093010100,6.3,6.3,6.301395348837209
20230830093010110,6.3,6.3,6.301395348837209
20230830093010120,6.3,6.3,6.301395348837209
20230830093010130,6.3,6.3,6.301395348837209
20230830093010150,6.3,6.3,6.301448382126348
20230830093010160,6.3,6.3,6.301448382126348
20230830093010190,6.3,6.3,6.301448382126348
20230830093010200,6.3,6.3,6.301448382126348
20230830093010390,6.3,6.3,6.301448382126348
20230830093010410,6.3,6.3,6.301448382126348
20230830093010420,6.3,6.3,6.301448382126348
20230830093010480,6.3,6.3,6.301448382126348
20230830093010510,6.3,6.3,6.301448382126348
20230830093010590,6.3,6.3,6.301448382126348
20230830093010610,6.3,6.3,6.301448382126348
20230830093010630,6.3,6.3,6.301448382126348
20230830093010700,6.3,6.3,6.3021499292786425
20230830093011090,6.3,6.3,6.3021499292786425
20230830093011270,6.3,6.3,6.3021499292786425
20230830093011290,6.3,6.3,6.3021499292786425
20230830093011740,6.3,6.3,6.3021499292786425
20230830093011800,6.3,6.3,6.302140845070422
20230830093011810,6.3,6.3,6.302119944211994
20230830093011870,6.3,6.3,6.302119944211994
20230830093012900,6.3,6.3,6.302119944211994
20230830093012920,6.3,6.3,6.302119944211994
20230830093013050,6.3,6.3,6.301989528795811
20230830093013090,6.3,6.3,6.302202304737516
20230830093013280,6.3,6.3,6.302202304737516
20230830093013380,6.3,6.3,6.302202304737516
20230830093013860,6.3,6.3,6.302202304737516
20230830093014100,6.3,6.3,6.302202304737516
20230830093014410,6.3,6.3,6.302202304737516
20230830093014430,6.3,6.3,6.302202304737516
20230830093014620,6.3,6.3,6.302202304737516
20230830093014870,6.3,6.3,6.302202304737516
20230830093015020,6.3,6.3,6.302202304737516
20230830093015110,6.3,6.3,6.302202304737516
20230830093015410,6.3,6.3,6.302202304737516
20230830093016080,6.3,6.3,6.302202304737516
20230830093016090,6.3,6.3,6.302202304737516
20230830093016180,6.3,6.3,6.302202304737516
20230830093016220,6.3,6.3,6.302202304737516
20230830093016530,6.3,6.3,6.302202304737516
20230830093016540,6.3,6.3,6.302202304737516
20230830093017510,6.3,6.3,6.302202304737516
20230830093017810,6.3,6.3,6.302202304737516
20230830093017850,6.3,6.31,6.302202304737516
20230830093017860,6.3,6.31,6.302202304737516
20230830093017870,6.3,6.31,6.302202304737516
20230830093017950,6.3,6.31,6.302202304737516
20230830093017960,6.3,6.31,6.302202304737516
20230830093018020,6.3,6.31,6.302202304737516
20230830093018030,6.3,6.31,6.302202304737516
20230830093018070,6.3,6.31,6.302202304737516
20230830093018190,6.3,6.31,6.302202304737516
20230830093018330,6.3,6.31,6.302202304737516
20230830093018530,6.3,6.31,6.302202304737516
20230830093018760,6.3,6.31,6.302202304737516
20230830093019100,6.3,6.31,6.302202304737516
20230830093019200,6.3,6.31,6.302202304737516
20230830093019310,6.3,6.31,6.302202304737516
20230830093019350,6.3,6.31,6.302202304737516
20230830093020180,6.3,6.31,6.302202304737516
20230830093020630,6.3,6.31,6.302202304737516
20230830093020640,6.3,6.31,6.302202304737516
20230830093020830,6.3,6.31,6.302202304737516
20230830093020910,6.3,6.31,6.302202304737516
20230830093021770,6.3,6.31,6.302202304737516
20230830093021790,6.3,6.31,6.302202304737516
20230830093022080,6.3,6.31,6.302202304737516
20230830093022100,6.3,6.31,6.302202304737516
20230830093023180,6.3,6.31,6.302202304737516
20230830093023680,6.3,6.31,6.302496894409938
20230830093023800,6.3,6.31,6.302598039215686
20230830093024040,6.3,6.31,6.302661782661783
20230830093024050,6.3,6.31,6.302661782661783
20230830093024090,6.3,6.31,6.302661782661783
20230830093024210,6.3,6.31,6.302661782661783
20230830093024440,6.3,6.31,6.3027128953771285
20230830093024500,6.3,6.31,6.3027128953771285
20230830093024750,6.3,6.31,6.3027128953771285
20230830093024800,6.3,6.31,6.3027128953771285
20230830093025080,6.3,6.31,6.3027128953771285
20230830093025100,6.3,6.31,6.3027128953771285
20230830093025360,6.3,6.31,6.3027128953771285
20230830093025770,6.3,6.31,6.3025427594070695
20230830093026550,6.3,6.31,6.302551252847381
20230830093026590,6.3,6.31,6.302551252847381
20230830093026760,6.3,6.31,6.3026268320180385
20230830093026900,6.3,6.31,6.3026268320180385
20230830093027590,6.3,6.31,6.3026268320180385
20230830093027720,6.3,6.31,6.3026268320180385
20230830093027800,6.3,6.31,6.3026268320180385
20230830093027820,6.3,6.31,6.3026268320180385
20230830093028020,6.3,6.31,6.3026268320180385
20230830093028540,6.3,6.31,6.3026268320180385
20230830093028760,6.3,6.31,6.302725250278087
20230830093028860,6.3,6.31,6.302757475083056
20230830093029080,6.3,6.31,6.302773480662983
20230830093029190,6.3,6.31,6.302773480662983
20230830093030110,6.3,6.31,6.303072033898305
20230830093030150,6.3,6.31,6.303550295857988
20230830093030510,6.3,6.31,6.303550295857988
20230830093030540,6.3,6.31,6.303550295857988
20230830093030660,6.3,6.31,6.303550295857988
20230830093030700,6.3,6.31,6.303550295857988
20230830093030930,6.3,6.31,6.303550295857988
20230830093030980,6.3,6.31,6.303562992125984
20230830093031080,6.3,6.31,6.3037548638132295
20230830093031720,6.3,6.31,6.303766990291262
20230830093031800,6.3,6.31,6.303766990291262
20230830093031810,6.3,6.31,6.303829787234043
20230830093032040,6.3,6.31,6.303829787234043
20230830093032220,6.3,6.31,6.3038610038610035
20230830093032460,6.3,6.31,6.3038610038610035
20230830093032600,6.3,6.31,6.3038610038610035
20230830093032900,6.3,6.31,6.3038610038610035
20230830093033440,6.3,6.31,6.3038610038610035
20230830093034080,6.31,6.31,6.3046323529411765
20230830093034270,6.31,6.31,6.3046323529411765
20230830093034440,6.31,6.31,6.304762331838565
20230830093034450,6.31,6.31,6.305465838509317
20230830093034470,6.31,6.31,6.305465838509317
20230830093034540,6.31,6.31,6.305465838509317
20230830093034670,6.31,6.31,6.305465838509317
20230830093034740,6.31,6.31,6.305465838509317
20230830093034760,6.31,6.31,6.305465838509317
20230830093034800,6.31,6.31,6.305465838509317
20230830093034810,6.31,6.31,6.305465838509317
20230830093035630,6.31,6.31,6.305604900459418
20230830093036480,6.31,6.31,6.3056269113149845
20230830093037170,6.31,6.31,6.3056269113149845
20230830093037360,6.31,6.31,6.3056269113149845
20230830093037380,6.31,6.31,6.3056269113149845
20230830093037650,6.31,6.31,6.3056269113149845
20230830093037670,6.31,6.31,6.3056269113149845
20230830093037720,6.31,6.31,6.3056269113149845
20230830093038170,6.31,6.31,6.3056269113149845
20230830093038360,6.31,6.31,6.3056269113149845
20230830093039570,6.31,6.31,6.3056269113149845
20230830093039660,6.31,6.31,6.3056269113149845
20230830093039890,6.31,6.31,6.305692541856925
20230830093039910,6.31,6.32,6.305692541856925
20230830093039930,6.31,6.32,6.305692541856925
20230830093039950,6.31,6.32,6.305692541856925
20230830093040070,6.31,6.32,6.306039009752438
20230830093040080,6.31,6.32,6.306181953765846
20230830093040090,6.32,6.33,6.310908547519426
20230830093040100,6.32,6.33,6.310908547519426
20230830093040110,6.32,6.33,6.310908547519426
20230830093040140,6.32,6.33,6.310908547519426
20230830093040860,6.32,6.33,6.310908547519426
20230830093040880,6.32,6.33,6.310908547519426
20230830093040900,6.32,6.33,6.310908547519426
20230830093040910,6.32,6.33,6.310908547519426
20230830093041030,6.32,6.33,6.310908547519426
20230830093041070,6.32,6.33,6.310908547519426
20230830093041130,6.32,6.33,6.31159445407279
20230830093041140,6.32,6.33,6.31159445407279
20230830093041740,6.32,6.33,6.312319644839068
20230830093041980,6.32,6.33,6.312319644839068
20230830093042030,6.32,6.33,6.312319644839068
20230830093042230,6.32,6.33,6.312319644839068
20230830093042600,6.32,6.33,6.312319644839068
20230830093042710,6.32,6.33,6.312319644839068
20230830093042820,6.32,6.33,6.312319644839068
20230830093043070,6.35,6.34,6.316843082636955
20230830093043080,6.35,6.34,6.316843082636955
20230830093043110,6.35,6.34,6.317171624713959
20230830093043160,6.35,6.34,6.317171624713959
20230830093043530,6.35,6.34,6.317171624713959
20230830093043580,6.35,6.34,6.317171624713959
20230830093043710,6.35,6.34,6.317171624713959
20230830093043830,6.35,6.34,6.317171624713959
20230830093043870,6.35,6.34,6.317171624713959
20230830093044010,6.35,6.34,6.317171624713959
20230830093044060,6.35,6.34,6.317171624713959
20230830093044070,6.35,6.34,6.317171624713959
20230830093044120,6.35,6.34,6.317171624713959
20230830093044130,6.35,6.34,6.317171624713959
20230830093044270,6.35,6.34,6.317171624713959
20230830093044280,6.35,6.34,6.317171624713959
20230830093044390,6.35,6.34,6.317171624713959
20230830093044540,6.35,6.34,6.317171624713959
20230830093044580,6.35,6.34,6.317171624713959
20230830093044700,6.35,6.34,6.317171624713959
20230830093044780,6.35,6.34,6.317171624713959
20230830093044830,6.35,6.34,6.317761925991975
20230830093045010,6.35,6.34,6.317761925991975
20230830093045100,6.35,6.34,6.318246838203227
20230830093045110,6.35,6.34,6.318246838203227
20230830093045120,6.35,6.34,6.318246838203227
20230830093045130,6.35,6.34,6.318246838203227
20230830093045590,6.35,6.34,6.318246838203227
20230830093045740,6.35,6.34,6.318246838203227
20230830093045830,6.35,6.34,6.318246838203227
20230830093046090,6.35,6.34,6.318246838203227
20230830093046370,6.35,6.34,6.318246838203227
20230830093046660,6.35,6.34,6.318246838203227
20230830093047050,6.35,6.34,6.318246838203227
20230830093047820,6.35,6.34,6.318275261324041
20230830093047830,6.35,6.34,6.318275261324041
20230830093048110,6.35,6.34,6.318490728762398
20230830093048200,6.35,6.34,6.318490728762398
20230830093048570,6.35,6.34,6.3185370051635115
20230830093049070,6.35,6.34,6.31854623655914
20230830093049320,6.35,6.34,6.31854623655914
20230830093049680,6.35,6.34,6.31854623655914
20230830093050020,6.35,6.34,6.318583082868184
20230830093050240,6.35,6.34,6.318730769230769
20230830093050250,6.35,6.34,6.318730769230769
20230830093050270,6.35,6.34,6.318730769230769
20230830093050590,6.35,6.34,6.3187670648464165
20230830093050650,6.35,6.34,6.3187670648464165
20230830093050720,6.35,6.34,6.3187670648464165
20230830093051670,6.35,6.34,6.3187670648464165
20230830093051690,6.35,6.34,6.318776119402985
20230830093051950,6.35,6.34,6.318842553191489
20230830093053010,6.35,6.34,6.318842553191489
20230830093053610,6.35,6.34,6.318842553191489
20230830093053820,6.35,6.34,6.318842553191489
20230830093054510,6.35,6.34,6.318842553191489
20230830093056470,6.35,6.34,6.318842553191489
20230830093057110,6.35,6.34,6.318842553191489
20230830093057360,6.35,6.34,6.320501960784314
20230830093057570,6.35,6.34,6.32118092354277
20230830093057670,6.35,6.34,6.32118092354277
20230830093057860,6.35,6.34,6.32118092354277
20230830093057960,6.35,6.34,6.32118092354277
20230830093058090,6.35,6.34,6.32118092354277
20230830093058760,6.35,6.34,6.32118092354277
20230830093059320,6.34,6.34,6.32118092354277
20230830093059330,6.34,6.34,6.32118092354277
20230830093059340,6.34,6.34,6.32118092354277
20230830093059410,6.34,6.34,6.32118092354277
20230830093059800,6.34,6.34,6.32118092354277
20230830093059810,6.34,6.34,6.32118092354277
20230830093059870,6.34,6.34,6.32118092354277
20230830093059980,6.34,6.34,6.32118092354277
20230830093100140,6.34,6.34,6.321234010534236
20230830093100160,6.34,6.34,6.321234010534236
20230830093101080,6.35,6.34,6.321234010534236
20230830093101130,6.35,6.34,6.321234010534236
20230830093101990,6.35,6.34,6.321234010534236
20230830093102270,6.34,6.34,6.321234010534236
20230830093102400,6.34,6.34,6.321234010534236
20230830093102530,6.34,6.34,6.321234010534236
20230830093102950,6.35,6.34,6.321234010534236
20230830093102960,6.35,6.34,6.321234010534236
20230830093102970,6.35,6.34,6.321234010534236
20230830093103000,6.35,6.34,6.321828822238478
20230830093103160,6.35,6.34,6.321828822238478
20230830093103360,6.35,6.34,6.321828822238478
20230830093104080,6.35,6.35,6.321828822238478
20230830093104130,6.35,6.35,6.321828822238478
20230830093104480,6.35,6.35,6.321828822238478
20230830093104600,6.35,6.35,6.321828822238478
20230830093105360,6.35,6.35,6.321828822238478
20230830093105390,6.35,6.35,6.321828822238478
20230830093105900,6.35,6.35,6.321828822238478
20230830093106100,6.35,6.35,6.321828822238478
20230830093106220,6.35,6.35,6.321828822238478
20230830093106800,6.35,6.35,6.321828822238478
20230830093106870,6.35,6.35,6.321828822238478
20230830093108680,6.35,6.35,6.321828822238478
20230830093109150,6.35,6.35,6.321828822238478
20230830093109250,6.35,6.35,6.321828822238478
20230830093109960,6.35,6.35,6.321828822238478
20230830093109990,6.35,6.35,6.321828822238478
20230830093110020,6.35,6.35,6.321828822238478
20230830093110030,6.35,6.35,6.321828822238478
20230830093110040,6.35,6.35,6.321828822238478
20230830093110070,6.35,6.35,6.321828822238478
20230830093110080,6.35,6.35,6.321828822238478
20230830093110100,6.35,6.35,6.321828822238478
20230830093110110,6.35,6.35,6.323003855590606
20230830093110140,6.35,6.35,6.323003855590606
20230830093110170,6.35,6.35,6.323003855590606
20230830093110200,6.35,6.35,6.323003855590606
20230830093110230,6.35,6.35,6.323003855590606
20230830093110360,6.35,6.35,6.323003855590606
20230830093110410,6.35,6.35,6.323003855590606
20230830093110770,6.35,6.35,6.323003855590606
20230830093110820,6.35,6.35,6.323003855590606
20230830093110850,6.35,6.35,6.323003855590606
20230830093110950,6.35,6.35,6.323003855590606
20230830093110960,6.35,6.35,6.323003855590606
20230830093111380,6.35,6.35,6.323003855590606
20230830093111470,6.35,6.35,6.323003855590606
20230830093111800,6.35,6.35,6.323032212885154
20230830093111810,6.35,6.35,6.323107541899441
20230830093112340,6.35,6.35,6.323107541899441
20230830093112440,6.35,6.35,6.323107541899441
20230830093112590,6.35,6.35,6.323107541899441
20230830093112870,6.35,6.35,6.323699897225077
20230830093113130,6.35,6.35,6.323699897225077
20230830093113140,6.35,6.35,6.323699897225077
20230830093113310,6.35,6.35,6.323726899383984
20230830093113380,6.35,6.35,6.323726899383984
20230830093113650,6.35,6.35,6.323726899383984
20230830093114500,6.35,6.34,6.325705696202531
20230830093114510,6.35,6.34,6.3262321981424146
20230830093114610,6.35,6.34,6.3262321981424146
20230830093114680,6.35,6.34,6.3262321981424146
20230830093114860,6.35,6.34,6.3262321981424146
20230830093114870,6.35,6.34,6.32633477188656
20230830093114880,6.35,6.34,6.32633477188656
20230830093115240,6.35,6.34,6.32633477188656
20230830093115340,6.35,6.34,6.32633477188656
20230830093116080,6.35,6.34,6.326701062215478
20230830093117260,6.35,6.34,6.326701062215478
20230830093117580,6.35,6.34,6.326701062215478
20230830093117670,6.35,6.34,6.326701062215478
20230830093117880,6.35,6.34,6.326701062215478
20230830093118120,6.35,6.34,6.326701062215478
20230830093118360,6.35,6.34,6.326701062215478
20230830093118680,6.35,6.34,6.326701062215478
20230830093118950,6.35,6.34,6.326701062215478
20230830093119130,6.35,6.34,6.326701062215478
20230830093119220,6.35,6.34,6.326701062215478
20230830093119470,6.35,6.34,6.326701062215478
20230830093119490,6.35,6.34,6.326708131067961
20230830093120060,6.35,6.34,6.326708131067961
20230830093120070,6.35,6.34,6.326708131067961
20230830093120140,6.35,6.34,6.326708131067961
20230830093120220,6.35,6.34,6.326708131067961
20230830093120480,6.35,6.34,6.326708131067961
20230830093120600,6.35,6.34,6.326708131067961
20230830093120880,6.35,6.34,6.326708131067961
20230830093120890,6.35,6.34,6.326708131067961
20230830093121180,6.35,6.34,6.326708131067961
20230830093121470,6.35,6.34,6.326708131067961
20230830093121710,6.35,6.34,6.326736363636364
20230830093122860,6.35,6.34,6.326736363636364
20230830093122880,6.35,6.34,6.326736363636364
20230830093123050,6.35,6.34,6.326736363636364
20230830093123320,6.35,6.34,6.326736363636364
20230830093123520,6.35,6.34,6.326736363636364
20230830093123600,6.35,6.34,6.326743411087549
20230830093123770,6.35,6.34,6.326743411087549
20230830093123800,6.35,6.34,6.32677546086431
20230830093124000,6.35,6.34,6.3268454353721
20230830093124440,6.35,6.34,6.3268454353721
20230830093124490,6.35,6.34,6.3268454353721
20230830093124650,6.35,6.34,6.3268454353721
20230830093124820,6.35,6.34,6.3268454353721
20230830093124890,6.35,6.34,6.3268454353721
20230830093125000,6.35,6.34,6.326884950435566
20230830093125120,6.35,6.34,6.326912470023981
20230830093125230,6.35,6.34,6.326912470023981
20230830093125460,6.35,6.34,6.326912470023981
20230830093125660,6.35,6.34,6.326939874364343
20230830093125790,6.35,6.34,6.326939874364343
20230830093126450,6.35,6.34,6.326939874364343
20230830093126660,6.35,6.34,6.326939874364343
20230830093126800,6.35,6.34,6.327077014570324
20230830093126900,6.35,6.34,6.327077014570324
20230830093126920,6.35,6.34,6.327077014570324
20230830093127190,6.35,6.34,6.327077014570324
20230830093127350,6.35,6.34,6.327077014570324
20230830093127610,6.35,6.34,6.327077014570324
20230830093127690,6.35,6.34,6.327077014570324
20230830093127740,6.35,6.34,6.327153414129471
20230830093127770,6.35,6.34,6.327153414129471
20230830093127870,6.35,6.34,6.327153414129471
20230830093128090,6.35,6.34,6.327168585769117
20230830093128110,6.35,6.34,6.327176158158749
20230830093128120,6.35,6.34,6.3271799410029494
20230830093128190,6.35,6.34,6.327183721616042
20230830093128200,6.35,6.34,6.327190448113208
20230830093128440,6.35,6.34,6.327190448113208
20230830093128720,6.35,6.34,6.327190448113208
20230830093129100,6.35,6.34,6.327190448113208
20230830093129520,6.35,6.34,6.327190448113208
20230830093129730,6.35,6.34,6.327190448113208
20230830093129820,6.35,6.34,6.327190448113208
20230830093129930,6.35,6.34,6.327190448113208
20230830093130710,6.35,6.34,6.327190448113208
20230830093130800,6.35,6.34,6.327257495590829
20230830093130890,6.35,6.34,6.327257495590829
20230830093130940,6.35,6.34,6.327257495590829
20230830093131020,6.35,6.34,6.327257495590829
20230830093131040,6.35,6.34,6.327257495590829
20230830093131110,6.35,6.34,6.327270857814336
20230830093131490,6.35,6.34,6.327270857814336
20230830093131810,6.35,6.34,6.327270857814336
20230830093132080,6.35,6.34,6.327270857814336
20230830093132980,6.34,6.34,6.328304993252361
20230830093132990,6.34,6.34,6.328317605823672
20230830093133100,6.34,6.34,6.328317605823672
20230830093134090,6.35,6.34,6.32890112704918
20230830093134200,6.35,6.34,6.32890112704918
20230830093134420,6.35,6.34,6.329145791583167
20230830093134440,6.35,6.34,6.329145791583167
20230830093135500,6.35,6.34,6.329145791583167
20230830093135550,6.35,6.34,6.329145791583167
20230830093135800,6.35,6.34,6.329153942428035
20230830093135810,6.35,6.34,6.3291756182862855
20230830093135910,6.35,6.34,6.3291756182862855
20230830093136030,6.35,6.34,6.3291756182862855
20230830093136570,6.35,6.34,6.3291756182862855
20230830093136830,6.35,6.34,6.3291756182862855
20230830093136880,6.35,6.34,6.3291756182862855
20230830093137000,6.35,6.34,6.3291756182862855
20230830093137640,6.35,6.34,6.3291756182862855
20230830093138120,6.35,6.34,6.3291756182862855
20230830093138410,6.35,6.34,6.3291756182862855
20230830093138570,6.35,6.34,6.3291756182862855
20230830093138700,6.35,6.34,6.3291756182862855
20230830093138940,6.35,6.34,6.3291756182862855
20230830093139020,6.35,6.34,6.3291756182862855
20230830093139210,6.35,6.34,6.3291756182862855
20230830093139230,6.35,6.34,6.3291756182862855
20230830093140010,6.35,6.34,6.329210657370518
20230830093140090,6.35,6.34,6.329210657370518
20230830093140550,6.35,6.34,6.329210657370518
20230830093140840,6.35,6.34,6.329210657370518
20230830093141050,6.35,6.34,6.329210657370518
20230830093141060,6.35,6.34,6.329210657370518
20230830093141130,6.35,6.34,6.329210657370518
20230830093141940,6.35,6.34,6.329210657370518
20230830093142220,6.34,6.34,6.329210657370518
20230830093142400,6.34,6.34,6.329210657370518
20230830093142780,6.35,6.34,6.329210657370518
20230830093142890,6.35,6.34,6.329210657370518
20230830093143070,6.35,6.34,6.329314426633785
20230830093143080,6.35,6.34,6.329314426633785
20230830093143100,6.35,6.34,6.329314426633785
20230830093143310,6.35,6.34,6.329314426633785
20230830093143640,6.35,6.34,6.329314426633785
20230830093144240,6.35,6.34,6.329314426633785
20230830093144320,6.35,6.34,6.329314426633785
20230830093144410,6.35,6.34,6.329314426633785
20230830093144640,6.35,6.34,6.329338090551181
20230830093144950,6.35,6.34,6.329338090551181
20230830093145680,6.35,6.34,6.329338090551181
20230830093145700,6.35,6.34,6.329338090551181
20230830093145710,6.35,6.34,6.329338090551181
20230830093145840,6.35,6.34,6.329338090551181
20230830093146170,6.35,6.34,6.329338090551181
20230830093146330,6.35,6.34,6.329338090551181
20230830093146390,6.35,6.34,6.329338090551181
20230830093146730,6.35,6.34,6.329338090551181
20230830093146740,6.34,6.34,6.329655502392344
20230830093146750,6.34,6.34,6.329655502392344
20230830093146760,6.34,6.34,6.329655502392344
20230830093147060,6.34,6.34,6.3296678614097965
20230830093147510,6.34,6.34,6.3296678614097965
20230830093147810,6.34,6.34,6.329670329670329
20230830093148190,6.34,6.34,6.329670329670329
20230830093148230,6.34,6.34,6.329670329670329
20230830093148240,6.34,6.34,6.329709662065683
20230830093148810,6.34,6.34,6.329709662065683
20230830093149140,6.34,6.34,6.329709662065683
20230830093149930,6.34,6.34,6.329709662065683
20230830093150790,6.34,6.34,6.3297121103973355
20230830093150970,6.34,6.34,6.329726775956284
20230830093151420,6.34,6.34,6.329727229601518
20230830093151450,6.34,6.34,6.329727229601518
20230830093151480,6.34,6.34,6.329727229601518
20230830093151490,6.34,6.34,6.329727229601518
20230830093151550,6.34,6.34,6.329727229601518
20230830093151630,6.34,6.34,6.329727229601518
20230830093151810,6.34,6.34,6.329727229601518
20230830093152140,6.34,6.34,6.329727229601518
20230830093152300,6.34,6.34,6.329727229601518
20230830093152660,6.34,6.34,6.329727229601518
20230830093152670,6.34,6.34,6.329727229601518
20230830093152760,6.34,6.34,6.329727229601518
20230830093153410,6.34,6.34,6.329727229601518
20230830093153480,6.34,6.34,6.329727229601518
20230830093153730,6.34,6.34,6.329727229601518
20230830093154020,6.34,6.34,6.329732930794241
20230830093154070,6.34,6.34,6.329732930794241
20230830093154220,6.34,6.34,6.329732930794241
20230830093154260,6.34,6.34,6.329732930794241
20230830093154910,6.34,6.34,6.329732930794241
20230830093154940,6.34,6.34,6.329732930794241
20230830093155090,6.34,6.34,6.329732930794241
20230830093155130,6.34,6.34,6.329732930794241
20230830093155140,6.34,6.34,6.329732930794241
20230830093155520,6.34,6.34,6.329737697307335
20230830093155870,6.34,6.34,6.329737697307335
20230830093156240,6.34,6.34,6.329737697307335
20230830093156350,6.34,6.34,6.329737697307335
20230830093156390,6.34,6.34,6.329737697307335
20230830093156650,6.34,6.34,6.329841452205883
20230830093156880,6.34,6.34,6.329841452205883
20230830093157020,6.34,6.34,6.329841452205883
20230830093157100,6.34,6.34,6.329841452205883
20230830093157140,6.34,6.34,6.329841452205883
20230830093157910,6.34,6.34,6.329841452205883
20230830093157940,6.34,6.34,6.329841452205883
20230830093157990,6.34,6.34,6.329841452205883
20230830093158180,6.34,6.34,6.329841452205883
20230830093158210,6.34,6.34,6.329841452205883
20230830093158540,6.34,6.34,6.329841452205883
20230830093159050,6.34,6.34,6.329841452205883
20230830093159400,6.34,6.34,6.329841452205883
20230830093159540,6.34,6.34,6.329841452205883
20230830093159800,6.34,6.34,6.329841851936741
20230830093159850,6.34,6.34,6.329841851936741
20230830093200170,6.34,6.34,6.329841851936741
20230830093200520,6.34,6.34,6.329841851936741
20230830093200550,6.34,6.34,6.329841851936741
20230830093201080,6.34,6.34,6.329841851936741
20230830093201090,6.34,6.34,6.329841851936741
20230830093201460,6.34,6.34,6.329841851936741
20230830093201690,6.34,6.34,6.329841851936741
20230830093202020,6.34,6.34,6.329841851936741
20230830093202410,6.34,6.34,6.329841851936741
20230830093202460,6.34,6.34,6.329841851936741
20230830093202890,6.34,6.34,6.329841851936741
20230830093202910,6.34,6.34,6.329841851936741
20230830093202980,6.34,6.34,6.329841851936741
20230830093203010,6.34,6.34,6.329841851936741
20230830093203060,6.34,6.34,6.329841851936741
20230830093203110,6.34,6.34,6.329841851936741
20230830093203550,6.34,6.34,6.329841851936741
20230830093203570,6.34,6.34,6.329841851936741
20230830093203630,6.34,6.34,6.329841851936741
20230830093203700,6.34,6.34,6.329841851936741
20230830093203870,6.34,6.34,6.329841851936741
20230830093206000,6.34,6.34,6.329841851936741
20230830093206320,6.34,6.34,6.329841851936741
20230830093206610,6.34,6.34,6.329841851936741
20230830093207210,6.34,6.34,6.329841851936741
20230830093208000,6.34,6.34,6.329841851936741
20230830093208060,6.34,6.34,6.329841851936741
20230830093208110,6.34,6.34,6.329841851936741
20230830093208120,6.34,6.34,6.329841851936741
20230830093208310,6.34,6.34,6.329841851936741
20230830093208460,6.34,6.34,6.329841851936741
20230830093208680,6.34,6.34,6.329841851936741
20230830093208930,6.34,6.34,6.329841851936741
20230830093208970,6.34,6.34,6.329841851936741
20230830093209110,6.34,6.34,6.329841851936741
20230830093209490,6.34,6.34,6.329841851936741
20230830093209690,6.34,6.34,6.329908925318762
20230830093209720,6.34,6.34,6.329908925318762
20230830093209770,6.34,6.34,6.329908925318762
20230830093209830,6.34,6.34,6.330082792571045
20230830093209870,6.34,6.34,6.330082792571045
20230830093210070,6.34,6.34,6.330413151633139
20230830093210600,6.34,6.34,6.330413151633139
20230830093210840,6.34,6.34,6.330413151633139
20230830093211200,6.34,6.34,6.330417297297298
20230830093211310,6.34,6.34,6.330417297297298
20230830093211460,6.34,6.34,6.330417297297298
20230830093211530,6.34,6.34,6.330421439377567
20230830093211610,6.34,6.34,6.330421439377567
20230830093211620,6.34,6.34,6.330421439377567
20230830093211780,6.34,6.34,6.330421439377567
20230830093211800,6.34,6.34,6.33042071197411
20230830093212120,6.34,6.34,6.33042071197411
20230830093212140,6.34,6.34,6.3304289717611555
20230830093212150,6.34,6.34,6.330431034482759
20230830093212170,6.34,6.34,6.330431034482759
20230830093212210,6.34,6.34,6.330431034482759
20230830093212230,6.34,6.34,6.330433096315449
20230830093212270,6.34,6.34,6.330433096315449
20230830093212280,6.34,6.34,6.330433096315449
20230830093212290,6.34,6.34,6.3304372173163905
20230830093212300,6.34,6.34,6.330441334768568
20230830093212330,6.34,6.34,6.330445448676565
20230830093213080,6.34,6.34,6.330445448676565
20230830093213130,6.34,6.34,6.3304700579523505
20230830093213140,6.34,6.34,6.330486393829013
20230830093213220,6.34,6.34,6.330490469051188
20230830093213260,6.34,6.34,6.3304986090306015
20230830093213280,6.34,6.34,6.330502673796792
20230830093213300,6.34,6.34,6.330510792904467
20230830093213440,6.34,6.34,6.330510792904467
20230830093213470,6.34,6.34,6.330510792904467
20230830093213590,6.34,6.34,6.330526989545551
20230830093213620,6.34,6.34,6.330526989545551
20230830093213720,6.34,6.34,6.330526989545551
20230830093214290,6.34,6.34,6.330526989545551
20230830093214450,6.34,6.34,6.330526989545551
20230830093214710,6.34,6.34,6.330526989545551
20230830093214840,6.34,6.34,6.330526989545551
20230830093214900,6.34,6.34,6.330526989545551
20230830093215030,6.34,6.34,6.330529010238908
20230830093215050,6.34,6.34,6.330531030070378
20230830093215070,6.34,6.34,6.330531030070378
20230830093215260,6.34,6.34,6.330559217520731
20230830093215310,6.34,6.34,6.330771149449179
20230830093215710,6.34,6.34,6.330771149449179
20230830093216090,6.34,6.34,6.3307998342312475
20230830093216200,6.34,6.34,6.3307998342312475
20230830093216220,6.34,6.34,6.3307998342312475
20230830093216230,6.34,6.34,6.330852904820766
20230830093216430,6.34,6.34,6.330852904820766
20230830093216730,6.34,6.34,6.330852904820766
20230830093216770,6.34,6.34,6.330852904820766
20230830093217110,6.34,6.34,6.331341653666146
20230830093217140,6.34,6.34,6.331341653666146
20230830093217180,6.34,6.34,6.331341653666146
20230830093217190,6.34,6.34,6.331341653666146
20230830093217200,6.34,6.34,6.331341653666146
20230830093217210,6.34,6.34,6.331341653666146
20230830093217220,6.34,6.34,6.331341653666146
20230830093217230,6.34,6.34,6.331341653666146
20230830093217300,6.34,6.34,6.331341653666146
20230830093217410,6.34,6.34,6.331341653666146
20230830093217430,6.34,6.34,6.331341653666146
20230830093217530,6.34,6.34,6.331341653666146
20230830093217910,6.34,6.34,6.3315193264447
20230830093218060,6.34,6.34,6.3315193264447
20230830093218100,6.34,6.34,6.3315193264447
20230830093218110,6.34,6.34,6.3315193264447
20230830093218190,6.34,6.34,6.3315193264447
20230830093218310,6.34,6.34,6.3315193264447
20230830093218320,6.34,6.34,6.3315193264447
20230830093218340,6.34,6.34,6.3315193264447
20230830093218350,6.34,6.34,6.3315193264447
20230830093218490,6.34,6.34,6.3315193264447
20230830093218520,6.34,6.34,6.3315193264447
20230830093219060,6.34,6.34,6.3315193264447
20230830093219100,6.34,6.34,6.3315193264447
20230830093219140,6.34,6.34,6.3315193264447
20230830093219190,6.34,6.34,6.3315193264447
20230830093219230,6.34,6.34,6.3315193264447
20230830093219270,6.34,6.34,6.3315193264447
20230830093219570,6.34,6.34,6.3315193264447
20230830093219580,6.34,6.34,6.3315193264447
20230830093219980,6.34,6.34,6.3315193264447
20230830093220020,6.34,6.34,6.3315193264447
20230830093220200,6.34,6.34,6.3315193264447
20230830093220300,6.34,6.34,6.3315193264447
20230830093220860,6.34,6.34,6.3315193264447
20230830093220930,6.34,6.34,6.3315193264447
20230830093221090,6.34,6.34,6.3315193264447
20230830093221490,6.34,6.34,6.3315193264447
20230830093221560,6.34,6.34,6.3315193264447
20230830093222080,6.34,6.34,6.3315193264447
20230830093222100,6.34,6.34,6.3315193264447
20230830093222190,6.34,6.34,6.3315193264447
20230830093222410,6.34,6.34,6.3315193264447
20230830093222590,6.34,6.34,6.3315193264447
20230830093223240,6.34,6.34,6.3315193264447
20230830093223420,6.34,6.34,6.3315193264447
20230830093223430,6.34,6.34,6.3315193264447
20230830093223690,6.34,6.34,6.3315193264447
20230830093223800,6.34,6.34,6.3315193264447
20230830093224360,6.34,6.34,6.3315193264447
20230830093224470,6.34,6.34,6.3315193264447
20230830093224480,6.34,6.34,6.3315193264447
20230830093224800,6.34,6.34,6.3315193264447
20230830093225200,6.34,6.34,6.3315193264447
20230830093225210,6.34,6.34,6.3315193264447
20230830093225220,6.34,6.34,6.3315193264447
20230830093225500,6.34,6.34,6.3315193264447
20230830093225590,6.34,6.34,6.3315193264447
20230830093226420,6.34,6.34,6.3315193264447
20230830093226850,6.34,6.34,6.3315193264447
20230830093227330,6.34,6.34,6.331781179985064
20230830093227590,6.34,6.34,6.331781179985064
20230830093228310,6.34,6.34,6.331781179985064
20230830093228630,6.34,6.34,6.331781179985064
20230830093228740,6.34,6.34,6.331781179985064
20230830093229720,6.34,6.34,6.331781179985064
20230830093230120,6.34,6.34,6.331781179985064
20230830093230190,6.34,6.34,6.331781179985064
20230830093230470,6.34,6.34,6.331781179985064
20230830093230690,6.34,6.34,6.331781179985064
20230830093230910,6.34,6.34,6.331781179985064
20230830093230940,6.34,6.34,6.331781179985064
20230830093231290,6.34,6.34,6.33182088442958
20230830093231600,6.34,6.34,6.33182088442958
20230830093232170,6.34,6.34,6.33182088442958
20230830093232350,6.34,6.34,6.33182088442958
20230830093232830,6.34,6.34,6.33183908045977
20230830093233210,6.34,6.34,6.33183908045977
20230830093233770,6.34,6.34,6.33183908045977
20230830093233960,6.34,6.34,6.33183908045977
20230830093234040,6.34,6.34,6.33183908045977
20230830093235470,6.34,6.34,6.33183908045977
20230830093235960,6.34,6.34,6.33183908045977
20230830093236210,6.34,6.34,6.33183908045977
20230830093236640,6.34,6.34,6.33183908045977
20230830093236750,6.34,6.34,6.331925898752751
20230830093237000,6.34,6.34,6.331925898752751
20230830093237930,6.34,6.34,6.331925898752751
20230830093239290,6.34,6.34,6.331925898752751
20230830093239530,6.34,6.34,6.331925898752751
20230830093240160,6.34,6.34,6.331925898752751
20230830093240410,6.34,6.34,6.331925898752751
20230830093240500,6.34,6.34,6.331925898752751
20230830093241350,6.34,6.34,6.331925898752751
20230830093241440,6.34,6.34,6.331925898752751
20230830093242590,6.34,6.34,6.331925898752751
20230830093242620,6.34,6.34,6.331925898752751
20230830093242690,6.34,6.34,6.331925898752751
20230830093242700,6.34,6.34,6.331925898752751
20230830093242710,6.34,6.34,6.331925898752751
20230830093242720,6.34,6.34,6.331925898752751
20230830093242730,6.34,6.34,6.331925898752751
20230830093242740,6.34,6.34,6.331925898752751
20230830093242750,6.34,6.34,6.331925898752751
20230830093242760,6.34,6.34,6.331925898752751
20230830093243020,6.34,6.34,6.331925898752751
20230830093243100,6.34,6.34,6.331925898752751
20230830093243180,6.34,6.34,6.331925898752751
20230830093243670,6.34,6.34,6.331925898752751
20230830093243720,6.34,6.34,6.331925898752751
20230830093244400,6.34,6.34,6.331925898752751
20230830093245130,6.34,6.34,6.331925898752751
20230830093245720,6.34,6.34,6.331925898752751
20230830093246140,6.34,6.34,6.33199671172817
20230830093246260,6.34,6.34,6.332002555677255
20230830093246440,6.34,6.34,6.332002555677255
20230830093246720,6.34,6.34,6.332002555677255
20230830093246910,6.34,6.34,6.332002555677255
20230830093247110,6.34,6.34,6.332002555677255
20230830093247170,6.34,6.34,6.332002555677255
20230830093247270,6.34,6.34,6.332002555677255
20230830093247810,6.34,6.34,6.332014218009479
20230830093247920,6.34,6.34,6.332014218009479
20230830093247980,6.34,6.34,6.332014218009479
20230830093248000,6.34,6.34,6.332014218009479
20230830093248520,6.34,6.34,6.332014218009479
20230830093248750,6.34,6.34,6.332014218009479
20230830093248880,6.34,6.33,6.332185704022988
20230830093249010,6.34,6.33,6.332185704022988
20230830093249190,6.34,6.33,6.332185704022988
20230830093249350,6.34,6.33,6.332185704022988
20230830093249460,6.34,6.34,6.332185704022988
20230830093249900,6.34,6.34,6.332185704022988
20230830093250320,6.34,6.34,6.332185704022988
20230830093250410,6.34,6.34,6.332185704022988
20230830093250440,6.34,6.34,6.332185704022988
20230830093250540,6.34,6.34,6.332185704022988
20230830093250900,6.34,6.34,6.332185704022988
20230830093251090,6.34,6.34,6.332185704022988
20230830093251100,6.34,6.34,6.332185704022988
20230830093251310,6.34,6.34,6.332185704022988
20230830093251720,6.34,6.34,6.332185704022988
20230830093252080,6.34,6.34,6.332185704022988
20230830093252280,6.34,6.34,6.332185704022988
20230830093252540,6.34,6.34,6.332185704022988
20230830093252810,6.34,6.34,6.332185704022988
20230830093253060,6.34,6.34,6.332185704022988
20230830093254040,6.34,6.34,6.332185704022988
20230830093254110,6.34,6.34,6.332185704022988
20230830093254210,6.34,6.34,6.332185704022988
20230830093254260,6.34,6.34,6.332185704022988
20230830093254300,6.34,6.34,6.332185704022988
20230830093254800,6.34,6.34,6.332185704022988
20230830093254970,6.34,6.34,6.332185704022988
20230830093255050,6.34,6.34,6.332185704022988
20230830093255100,6.34,6.34,6.332185704022988
20230830093255170,6.34,6.34,6.332215065306853
20230830093255230,6.34,6.34,6.332215065306853
20230830093255450,6.34,6.34,6.332215065306853
20230830093256480,6.34,6.34,6.332215065306853
20230830093257250,6.34,6.34,6.332227581279028
20230830093257590,6.34,6.34,6.332227581279028
20230830093257770,6.34,6.34,6.332227581279028
20230830093257900,6.34,6.34,6.332248352039907
20230830093258990,6.34,6.34,6.332248352039907
20230830093259380,6.34,6.34,6.332248352039907
20230830093259420,6.34,6.34,6.332256629293469
20230830093259800,6.34,6.34,6.332252220248668
20230830093259810,6.34,6.34,6.332252220248668
20230830093300140,6.34,6.34,6.332252220248668
20230830093300890,6.34,6.34,6.332252220248668
20230830093301040,6.34,6.34,6.332252220248668
20230830093301760,6.34,6.34,6.332252220248668
20230830093301800,6.34,6.34,6.332252220248668
20230830093302050,6.34,6.34,6.332254971590909
20230830093302520,6.34,6.34,6.332254971590909
20230830093302900,6.34,6.34,6.332254971590909
20230830093302910,6.34,6.33,6.33229736888575
20230830093302930,6.34,6.33,6.33229736888575
20230830093303270,6.34,6.33,6.33229736888575
20230830093303620,6.34,6.33,6.33229736888575
20230830093304090,6.34,6.33,6.33229736888575
20230830093304690,6.34,6.33,6.33229736888575
20230830093304720,6.34,6.33,6.33229736888575
20230830093304930,6.34,6.33,6.33229736888575
20230830093305030,6.34,6.33,6.33229736888575
20230830093305250,6.34,6.33,6.33229736888575
20230830093305600,6.34,6.33,6.33229736888575
20230830093306720,6.34,6.33,6.33229736888575
20230830093306970,6.34,6.33,6.33229736888575
20230830093307160,6.34,6.33,6.33229736888575
20230830093308480,6.34,6.33,6.33229736888575
20230830093308500,6.34,6.33,6.33229736888575
20230830093308540,6.34,6.33,6.33229736888575
20230830093309310,6.34,6.33,6.33229736888575
20230830093309540,6.34,6.33,6.33229736888575
20230830093309660,6.34,6.33,6.33229736888575
20230830093309920,6.34,6.33,6.33229736888575
20230830093310080,6.34,6.33,6.33229736888575
20230830093310300,6.34,6.33,6.33229736888575
20230830093311010,6.34,6.33,6.33229736888575
20230830093311100,6.34,6.33,6.3323000882612535
20230830093311280,6.34,6.33,6.3323000882612535
20230830093311800,6.34,6.33,6.332295630725863
20230830093311970,6.34,6.33,6.332295630725863
20230830093312350,6.34,6.33,6.332295630725863
20230830093312560,6.34,6.33,6.332263724808895
20230830093314520,6.34,6.33,6.3322519875561705
20230830093314740,6.34,6.33,6.3322519875561705
20230830093315110,6.34,6.33,6.3322519875561705
20230830093315720,6.34,6.33,6.332270689655172
20230830093315930,6.34,6.33,6.332270689655172
20230830093315990,6.34,6.33,6.332270689655172
20230830093316090,6.34,6.33,6.332270689655172
20230830093316760,6.34,6.33,6.332270689655172
20230830093317420,6.34,6.33,6.332270689655172
20230830093317440,6.34,6.33,6.332270689655172
20230830093317720,6.34,6.33,6.332270689655172
20230830093318040,6.34,6.33,6.332270689655172
20230830093318720,6.34,6.33,6.332270689655172
20230830093318820,6.34,6.33,6.332270689655172
20230830093319600,6.34,6.33,6.3322814865794905
20230830093320000,6.34,6.33,6.3322814865794905
20230830093320130,6.34,6.33,6.3322814865794905
20230830093320930,6.34,6.33,6.3322814865794905
20230830093321210,6.34,6.33,6.3322814865794905
20230830093321360,6.34,6.33,6.3322814865794905
20230830093321540,6.34,6.33,6.3322814865794905
20230830093322260,6.34,6.33,6.3322761578044595
20230830093322310,6.34,6.33,6.3322761578044595
20230830093322930,6.34,6.33,6.3322761578044595
20230830093323120,6.34,6.33,6.3322761578044595
20230830093323300,6.34,6.33,6.3322761578044595
20230830093323420,6.34,6.33,6.3322761578044595
20230830093323720,6.34,6.33,6.3322761578044595
20230830093323800,6.34,6.33,6.3322761578044595
20230830093323960,6.34,6.33,6.3322761578044595
20230830093324050,6.34,6.33,6.3322761578044595
20230830093324160,6.34,6.33,6.3322761578044595
20230830093324400,6.34,6.33,6.3322761578044595
20230830093324440,6.34,6.33,6.3322761578044595
20230830093324900,6.34,6.33,6.3322761578044595
20230830093325040,6.34,6.33,6.3322761578044595
20230830093325090,6.34,6.33,6.3322761578044595
20230830093325720,6.34,6.33,6.3322761578044595
20230830093325880,6.34,6.33,6.3322761578044595
20230830093325930,6.34,6.33,6.3322761578044595
20230830093326560,6.34,6.33,6.3322761578044595
20230830093327160,6.34,6.33,6.3322761578044595
20230830093327320,6.34,6.33,6.3322761578044595
20230830093327350,6.34,6.33,6.3322761578044595
20230830093327570,6.34,6.33,6.3322761578044595
20230830093327660,6.34,6.33,6.3322761578044595
20230830093327700,6.34,6.33,6.3322761578044595
20230830093327940,6.34,6.33,6.3322761578044595
20230830093328170,6.34,6.33,6.3322761578044595
20230830093328470,6.34,6.33,6.3322761578044595
20230830093328930,6.34,6.33,6.3322761578044595
20230830093328970,6.34,6.33,6.3322761578044595
20230830093329270,6.34,6.33,6.3322761578044595
20230830093330010,6.34,6.33,6.3322761578044595
20230830093330680,6.34,6.33,6.3322761578044595
20230830093330960,6.34,6.33,6.3322761578044595
20230830093331680,6.34,6.33,6.3322761578044595
20230830093332370,6.34,6.33,6.3322761578044595
20230830093332720,6.34,6.33,6.3322761578044595
20230830093333390,6.34,6.33,6.3322761578044595
20230830093333980,6.34,6.33,6.3322761578044595
20230830093334320,6.34,6.33,6.3322761578044595
20230830093334420,6.34,6.33,6.3322761578044595
20230830093334770,6.34,6.33,6.3322761578044595
20230830093335800,6.34,6.33,6.3322828488866225
20230830093335850,6.34,6.33,6.3322828488866225
20230830093336850,6.34,6.33,6.3322828488866225
20230830093337030,6.34,6.33,6.3322828488866225
20230830093337040,6.34,6.33,6.3322828488866225
20230830093337790,6.34,6.33,6.3322828488866225
20230830093337800,6.34,6.33,6.3322828488866225
20230830093338010,6.34,6.33,6.3322828488866225
20230830093338400,6.34,6.33,6.3322828488866225
20230830093338420,6.34,6.33,6.3322828488866225
20230830093338510,6.34,6.33,6.3322828488866225
20230830093338650,6.34,6.33,6.3322828488866225
20230830093339200,6.34,6.33,6.3322828488866225
20230830093339720,6.34,6.33,6.3322828488866225
20230830093339830,6.34,6.33,6.3322828488866225
20230830093340180,6.34,6.33,6.3322828488866225
20230830093340490,6.34,6.33,6.332277927321669
20230830093341720,6.34,6.33,6.332277927321669
20230830093341990,6.34,6.33,6.332294779251301
20230830093342220,6.34,6.33,6.332294779251301
20230830093342690,6.34,6.33,6.332294779251301
20230830093343340,6.34,6.33,6.332294779251301
20230830093343490,6.34,6.33,6.332294779251301
20230830093344140,6.34,6.33,6.332294779251301
20230830093344520,6.34,6.33,6.332294779251301
20230830093344540,6.34,6.33,6.332294779251301
20230830093345320,6.34,6.33,6.332294779251301
20230830093345480,6.34,6.33,6.332440711462451
20230830093345650,6.34,6.33,6.332440711462451
20230830093347170,6.34,6.33,6.332440711462451
20230830093347600,6.34,6.33,6.332440711462451
20230830093347620,6.34,6.33,6.332440711462451
20230830093347810,6.34,6.33,6.332437541091387
20230830093348050,6.34,6.33,6.332437541091387
20230830093348070,6.34,6.33,6.332437541091387
20230830093348220,6.34,6.33,6.332437541091387
20230830093348780,6.34,6.33,6.332437541091387
20230830093348930,6.34,6.33,6.332437541091387
20230830093349120,6.34,6.34,6.332437541091387
20230830093349510,6.34,6.34,6.332437541091387
20230830093350720,6.34,6.34,6.332437541091387
20230830093350840,6.34,6.34,6.332437541091387
20230830093352290,6.34,6.33,6.332440867279895
20230830093352760,6.34,6.33,6.332440867279895
20230830093353310,6.34,6.33,6.332440867279895
20230830093353510,6.34,6.33,6.332440867279895
20230830093353940,6.34,6.33,6.332440867279895
20230830093353950,6.34,6.33,6.332440867279895
20230830093354940,6.34,6.33,6.332440867279895
20230830093355680,6.34,6.33,6.332443266726006
20230830093356490,6.34,6.33,6.332443266726006
20230830093356510,6.34,6.33,6.332443266726006
20230830093356680,6.34,6.33,6.332443266726006
20230830093357060,6.34,6.33,6.332443266726006
20230830093357550,6.34,6.33,6.332443266726006
20230830093357680,6.34,6.33,6.332443266726006
20230830093357750,6.34,6.33,6.332443266726006
20230830093358200,6.34,6.33,6.332443266726006
20230830093358650,6.34,6.33,6.332443266726006
20230830093359100,6.34,6.33,6.332443266726006
20230830093359800,6.34,6.33,6.332443702609392
20230830093400160,6.34,6.33,6.332443702609392
20230830093400390,6.34,6.33,6.332443702609392
20230830093400490,6.34,6.33,6.332443702609392
20230830093400790,6.34,6.33,6.332443702609392
20230830093400890,6.34,6.33,6.332443702609392
20230830093400930,6.34,6.33,6.332443702609392
20230830093400940,6.34,6.33,6.332443702609392
20230830093401090,6.34,6.33,6.332443702609392
20230830093401250,6.34,6.33,6.332443702609392
20230830093402540,6.34,6.33,6.332443702609392
20230830093402860,6.34,6.33,6.332443702609392
20230830093402870,6.34,6.33,6.332443702609392
20230830093403000,6.34,6.33,6.332443702609392
20230830093403500,6.34,6.33,6.332443702609392
20230830093404380,6.34,6.33,6.332443702609392
20230830093404940,6.34,6.33,6.332443702609392
20230830093405450,6.34,6.33,6.332443702609392
20230830093405520,6.34,6.33,6.332443702609392
20230830093406470,6.34,6.33,6.332443702609392
20230830093406770,6.34,6.33,6.332443702609392
20230830093407100,6.34,6.33,6.332443702609392
20230830093407390,6.34,6.33,6.332443702609392
20230830093407440,6.34,6.33,6.332443702609392
20230830093408340,6.34,6.33,6.332443702609392
20230830093408500,6.34,6.33,6.332443702609392
20230830093408990,6.34,6.33,6.332443702609392
20230830093409020,6.34,6.33,6.332443702609392
20230830093409330,6.34,6.33,6.332443702609392
20230830093409680,6.34,6.33,6.332496359812328
20230830093409900,6.34,6.33,6.332496359812328
20230830093410140,6.34,6.33,6.332496359812328
20230830093410620,6.34,6.33,6.332483932464064
20230830093410650,6.34,6.33,6.332483932464064
20230830093411400,6.34,6.33,6.332483932464064
20230830093411490,6.34,6.33,6.332483932464064
20230830093411570,6.34,6.33,6.332483932464064
20230830093412720,6.34,6.33,6.332483932464064
20230830093413130,6.34,6.33,6.332483932464064
20230830093413140,6.34,6.33,6.332483932464064
20230830093413180,6.34,6.33,6.332483932464064
20230830093413270,6.34,6.33,6.332483932464064
20230830093413280,6.34,6.33,6.332483932464064
20230830093413700,6.34,6.33,6.332483932464064
20230830093415420,6.34,6.33,6.332481916090661
20230830093415440,6.34,6.33,6.332481916090661
20230830093415520,6.34,6.33,6.332481916090661
20230830093415830,6.34,6.33,6.332481916090661
20230830093416510,6.34,6.33,6.332481916090661
20230830093416530,6.34,6.33,6.332481916090661
20230830093417840,6.34,6.33,6.332481916090661
20230830093418900,6.34,6.33,6.332481916090661
20230830093419150,6.34,6.33,6.332481916090661
20230830093419290,6.34,6.33,6.332479557691845
20230830093419460,6.34,6.33,6.332479557691845
20230830093419580,6.34,6.33,6.332479557691845
20230830093420300,6.34,6.33,6.332479557691845
20230830093420730,6.34,6.33,6.332475981378056
20230830093420900,6.34,6.33,6.332475188042198
20230830093421190,6.34,6.33,6.332475188042198
20230830093421200,6.34,6.33,6.332475188042198
20230830093421210,6.34,6.33,6.332474395214568
20230830093421230,6.34,6.33,6.332472019776159
20230830093421290,6.34,6.33,6.332472019776159
20230830093421320,6.34,6.33,6.332472019776159
20230830093421970,6.34,6.33,6.332472019776159
20230830093421980,6.34,6.33,6.332472019776159
20230830093422150,6.34,6.33,6.332472019776159
20230830093422240,6.34,6.33,6.332472019776159
20230830093422720,6.34,6.33,6.332472019776159
20230830093422740,6.34,6.33,6.332472019776159
20230830093422790,6.34,6.33,6.332472019776159
20230830093422970,6.34,6.33,6.332482844566581
20230830093423930,6.34,6.33,6.332482844566581
20230830093424120,6.34,6.33,6.332506788555412
20230830093424250,6.34,6.33,6.332506788555412
20230830093424280,6.34,6.33,6.332506788555412
20230830093424400,6.34,6.33,6.332506788555412
20230830093424670,6.34,6.33,6.332506788555412
20230830093425120,6.34,6.33,6.332506788555412
20230830093425130,6.34,6.33,6.332506788555412
20230830093425160,6.34,6.33,6.332519892844935
20230830093425230,6.34,6.33,6.332519892844935
20230830093425270,6.34,6.33,6.332519892844935
20230830093425290,6.34,6.33,6.332519892844935
20230830093425890,6.34,6.33,6.332519892844935
20230830093426010,6.34,6.33,6.332519892844935
20230830093426780,6.34,6.33,6.332519892844935
20230830093427030,6.34,6.33,6.332519892844935
20230830093427310,6.34,6.33,6.332519892844935
20230830093427320,6.34,6.33,6.332519892844935
20230830093427410,6.34,6.33,6.33251629239794
20230830093427620,6.34,6.33,6.33251629239794
20230830093427930,6.34,6.33,6.332528154447254
20230830093428080,6.34,6.33,6.33250786163522
20230830093428210,6.34,6.33,6.33250786163522
20230830093428220,6.34,6.33,6.332505514172011
20230830093428230,6.34,6.33,6.332505514172011
20230830093428270,6.34,6.33,6.332505514172011
20230830093428310,6.34,6.33,6.332503549047444
20230830093428720,6.34,6.33,6.332503549047444
20230830093428930,6.33,6.33,6.332472885032538
20230830093428940,6.33,6.33,6.332472885032538
20230830093428950,6.33,6.33,6.332472885032538
20230830093428960,6.33,6.33,6.332472885032538
20230830093428970,6.33,6.33,6.332472885032538
20230830093428980,6.33,6.33,6.332472885032538
20230830093429020,6.33,6.33,6.3324721189591076
20230830093429050,6.34,6.33,6.332473777846535
20230830093429330,6.34,6.33,6.332473777846535
20230830093429360,6.34,6.33,6.332473777846535
20230830093429540,6.34,6.33,6.332473777846535
20230830093429720,6.33,6.33,6.332435719725819
20230830093429730,6.33,6.33,6.332435719725819
20230830093429740,6.33,6.33,6.332435719725819
20230830093429770,6.33,6.33,6.332435719725819
20230830093429780,6.33,6.33,6.332435719725819
20230830093429800,6.33,6.33,6.332434607186358
20230830093429810,6.33,6.33,6.332434607186358
20230830093429820,6.33,6.33,6.332427584636405
20230830093429920,6.33,6.33,6.3324272161505775
20230830093429940,6.33,6.33,6.332425743325243
20230830093430090,6.33,6.33,6.332423537435587
20230830093430180,6.33,6.33,6.3324224359945465
20230830093430510,6.33,6.33,6.3324224359945465
20230830093430580,6.33,6.33,6.3324224359945465
20230830093431050,6.33,6.33,6.3324224359945465
20230830093431070,6.34,6.33,6.332416943772673
20230830093431080,6.34,6.33,6.332396657673862
20230830093431090,6.34,6.33,6.332394145830215
20230830093431100,6.34,6.33,6.33239271285351
20230830093431110,6.34,6.33,6.332391281591148
20230830093431130,6.34,6.33,6.332389852040055
20230830093431140,6.34,6.33,6.332389494919307
20230830093431150,6.34,6.33,6.332389494919307
20230830093431160,6.34,6.33,6.332389137905276
20230830093431180,6.34,6.33,6.332387354434161
20230830093431190,6.34,6.33,6.332386998059413
20230830093431210,6.34,6.33,6.332386285629012
20230830093431240,6.34,6.33,6.332386285629012
20230830093431280,6.34,6.33,6.332386285629012
20230830093431290,6.34,6.33,6.332386285629012
20230830093431300,6.34,6.33,6.332383795468099
20230830093431320,6.34,6.33,6.332383795468099
20230830093431340,6.34,6.33,6.332383795468099
20230830093431370,6.34,6.33,6.332383795468099
20230830093431450,6.34,6.33,6.332383795468099
20230830093431750,6.34,6.33,6.332383795468099
20230830093431770,6.34,6.33,6.332383795468099
20230830093432110,6.34,6.33,6.332401918500893
20230830093432340,6.34,6.33,6.332401918500893
20230830093432430,6.34,6.33,6.332401918500893
20230830093432500,6.34,6.33,6.332397639548694
20230830093432680,6.34,6.33,6.332397639548694
20230830093433200,6.34,6.33,6.332397639548694
20230830093433540,6.34,6.34,6.332397639548694
20230830093433590,6.34,6.34,6.332397639548694
20230830093433940,6.34,6.34,6.332397639548694
20230830093434450,6.34,6.34,6.332397639548694
20230830093434700,6.34,6.34,6.332397639548694
20230830093434720,6.34,6.34,6.332397639548694
20230830093434770,6.34,6.34,6.332397639548694
20230830093435130,6.34,6.34,6.332401023890786
20230830093435390,6.34,6.34,6.332401023890786
20230830093436280,6.34,6.33,6.33239569144211
20230830093436440,6.34,6.33,6.33239569144211
20230830093437200,6.34,6.33,6.33239569144211
20230830093437350,6.34,6.33,6.33239569144211
20230830093437390,6.34,6.33,6.33239569144211
20230830093437720,6.34,6.33,6.3323928571428585
20230830093438100,6.34,6.33,6.33239398196067
20230830093438130,6.34,6.33,6.33239398196067
20230830093438180,6.34,6.33,6.33239398196067
20230830093438720,6.34,6.33,6.33239398196067
20230830093438780,6.34,6.33,6.33239398196067
20230830093439560,6.34,6.33,6.33239398196067
20230830093439690,6.34,6.33,6.33239398196067
20230830093439990,6.34,6.33,6.33239398196067
20230830093440190,6.34,6.33,6.33239398196067
20230830093440690,6.34,6.33,6.33239398196067
20230830093441470,6.34,6.33,6.33239398196067
20230830093441860,6.34,6.33,6.33239398196067
20230830093442340,6.34,6.33,6.332389389020072
20230830093442680,6.34,6.33,6.332389389020072
20230830093443060,6.34,6.33,6.332389389020072
20230830093443170,6.34,6.33,6.332389389020072
20230830093443760,6.34,6.33,6.332389389020072
20230830093443980,6.34,6.33,6.332389389020072
20230830093444110,6.34,6.33,6.332390512025971
20230830093444130,6.34,6.33,6.332390512025971
20230830093444190,6.34,6.33,6.332390512025971
20230830093444720,6.34,6.33,6.332390512025971
20230830093445040,6.34,6.33,6.332390512025971
20230830093445590,6.34,6.33,6.332390512025971
20230830093445610,6.34,6.33,6.332388045400944
20230830093446110,6.34,6.33,6.332390288829945
20230830093446190,6.34,6.33,6.332391410048624
20230830093447100,6.34,6.33,6.332391410048624
20230830093447390,6.34,6.33,6.332391410048624
20230830093447880,6.34,6.33,6.332362862134227
20230830093448800,6.34,6.33,6.332362862134227
20230830093448960,6.34,6.33,6.332362862134227
20230830093449090,6.34,6.33,6.332363918223568
20230830093449270,6.34,6.33,6.332363918223568
20230830093449310,6.34,6.33,6.332363918223568
20230830093449570,6.34,6.33,6.332363918223568
20230830093449660,6.34,6.33,6.3323602759622375
20230830093449670,6.34,6.33,6.3323602759622375
20230830093449730,6.34,6.33,6.3323602759622375
20230830093449960,6.34,6.33,6.332340558836239
20230830093449980,6.34,6.33,6.332340558836239
20230830093450070,6.34,6.33,6.332340558836239
20230830093450220,6.34,6.33,6.332340558836239
20230830093450580,6.34,6.33,6.332340558836239
20230830093450740,6.34,6.33,6.332340558836239
20230830093451120,6.34,6.33,6.332340558836239
20230830093451250,6.34,6.33,6.332340221774195
20230830093451440,6.34,6.33,6.332340221774195
20230830093451530,6.34,6.33,6.332340221774195
20230830093452100,6.34,6.33,6.332340221774195
20230830093452200,6.34,6.33,6.332340221774195
20230830093453000,6.34,6.33,6.332340221774195
20230830093453140,6.34,6.33,6.332340221774195
20230830093453220,6.34,6.33,6.332340221774195
20230830093453260,6.34,6.33,6.332340221774195
20230830093453280,6.34,6.33,6.332340221774195
20230830093453390,6.34,6.33,6.332340221774195
20230830093454090,6.34,6.33,6.332340221774195
20230830093454550,6.34,6.33,6.332340221774195
20230830093454640,6.34,6.33,6.332340221774195
20230830093454720,6.34,6.33,6.332340221774195
20230830093455050,6.34,6.33,6.332340221774195
20230830093455080,6.34,6.33,6.332340221774195
20230830093455100,6.34,6.33,6.332340221774195
20230830093455120,6.34,6.33,6.332340221774195
20230830093455190,6.34,6.33,6.332340221774195
20230830093455500,6.34,6.33,6.332340221774195
20230830093456190,6.34,6.33,6.332312686673305
20230830093456200,6.34,6.33,6.332312686673305
20230830093458040,6.34,6.33,6.332312686673305
20230830093458070,6.34,6.33,6.332312686673305
20230830093458120,6.34,6.33,6.332312686673305
20230830093458130,6.34,6.33,6.332312686673305
20230830093458530,6.34,6.33,6.332312686673305
20230830093458550,6.34,6.33,6.332296356446831
20230830093458890,6.34,6.33,6.332296356446831
20230830093458920,6.34,6.33,6.332296356446831
20230830093459120,6.34,6.33,6.332296356446831
20230830093459250,6.34,6.33,6.332259030286192
20230830093459640,6.33,6.33,6.332259030286192
20230830093459810,6.33,6.33,6.332259030286192
20230830093459820,6.33,6.33,6.332259030286192
20230830093459970,6.33,6.33,6.332259030286192
20230830093500070,6.33,6.33,6.332259030286192
20230830093500150,6.33,6.33,6.332259030286192
20230830093500160,6.33,6.33,6.332259030286192
20230830093500280,6.33,6.33,6.332259030286192
20230830093500340,6.33,6.33,6.332259030286192
20230830093500420,6.33,6.33,6.332259030286192
20230830093500900,6.33,6.33,6.332259030286192
20230830093501070,6.34,6.33,6.332258716488402
20230830093501080,6.34,6.33,6.332258716488402
20230830093501090,6.34,6.33,6.332258716488402
20230830093501160,6.34,6.33,6.332294000275218
20230830093501230,6.34,6.33,6.332294000275218
20230830093501260,6.34,6.33,6.332290533113493
20230830093501270,6.34,6.33,6.332290533113493
20230830093501390,6.34,6.33,6.332275525525526
20230830093501400,6.34,6.33,6.332260100325381
20230830093501490,6.34,6.33,6.332260100325381
20230830093501510,6.34,6.33,6.332260100325381
20230830093501520,6.34,6.33,6.3322579574698645
20230830093501590,6.34,6.33,6.3322579574698645
20230830093501730,6.34,6.33,6.3322579574698645
20230830093501910,6.34,6.33,6.332250945179585
20230830093502040,6.34,6.33,6.332250945179585
20230830093502110,6.34,6.33,6.3322561732559715
20230830093502150,6.34,6.33,6.3322561732559715
20230830093502290,6.34,6.33,6.3322561732559715
20230830093502510,6.34,6.33,6.3322561732559715
20230830093502550,6.34,6.33,6.3322561732559715
20230830093503150,6.34,6.33,6.3322561732559715
20230830093503680,6.34,6.33,6.3322561732559715
20230830093503700,6.34,6.33,6.3322561732559715
20230830093503990,6.34,6.33,6.332266608273819
20230830093504050,6.34,6.33,6.332266608273819
20230830093504060,6.34,6.33,6.332266608273819
20230830093504070,6.34,6.33,6.332266608273819
20230830093504090,6.34,6.33,6.332269733297415
20230830093504820,6.34,6.33,6.332269733297415
20230830093505120,6.34,6.33,6.332277015206568
20230830093505150,6.34,6.33,6.332277015206568
20230830093505700,6.34,6.33,6.332277015206568
20230830093505810,6.34,6.33,6.332277015206568
20230830093506200,6.34,6.33,6.332277015206568
20230830093506680,6.34,6.33,6.332277015206568
20230830093506800,6.34,6.33,6.332277015206568
20230830093507390,6.34,6.33,6.332277015206568
20230830093507510,6.34,6.33,6.332277015206568
20230830093507570,6.34,6.33,6.332277015206568
20230830093508240,6.34,6.33,6.332275484131254
20230830093508780,6.34,6.33,6.332275484131254
20230830093508930,6.34,6.33,6.332275484131254
20230830093509250,6.34,6.33,6.332275484131254
20230830093509290,6.34,6.33,6.332275178163239
20230830093509350,6.34,6.33,6.332275178163239
20230830093509470,6.34,6.33,6.332275178163239
20230830093509620,6.34,6.33,6.332275178163239
20230830093509670,6.34,6.33,6.332275178163239
20230830093509720,6.34,6.33,6.332275178163239
20230830093509820,6.34,6.33,6.332263309256287
20230830093510090,6.34,6.33,6.332265378443435
20230830093510570,6.34,6.33,6.332265378443435
20230830093510920,6.34,6.33,6.332232832476605
20230830093511110,6.34,6.33,6.332225059070623
20230830093511130,6.34,6.33,6.332225059070623
20230830093511700,6.34,6.33,6.332225059070623
20230830093512230,6.34,6.33,6.332220104780617
20230830093512400,6.34,6.33,6.332220104780617
20230830093512790,6.34,6.33,6.332239845892648
20230830093513370,6.34,6.33,6.332239845892648
20230830093513430,6.34,6.33,6.332239845892648
20230830093513460,6.29,6.33,6.332228784925277
20230830093513530,6.29,6.33,6.332228784925277
20230830093513570,6.29,6.33,6.332228784925277
20230830093513690,6.29,6.33,6.332228784925277
20230830093514120,6.29,6.33,6.332234839631218
20230830093514530,6.29,6.33,6.332234839631218
20230830093515480,6.29,6.33,6.332234839631218
20230830093515540,6.29,6.33,6.332234839631218
20230830093515650,6.29,6.33,6.332234839631218
20230830093516070,6.29,6.33,6.332234839631218
20230830093516080,6.29,6.33,6.332235847831733
20230830093516320,6.29,6.33,6.332235847831733
20230830093516980,6.29,6.33,6.332235847831733
20230830093517440,6.29,6.33,6.332235847831733
20230830093517540,6.29,6.33,6.332235847831733
20230830093517690,6.29,6.33,6.332235847831733
20230830093518260,6.29,6.33,6.332235847831733
20230830093518400,6.29,6.33,6.332235847831733
20230830093518460,6.29,6.33,6.332235847831733
20230830093518500,6.29,6.33,6.332235847831733
20230830093519020,6.29,6.33,6.332235847831733
20230830093519370,6.29,6.33,6.332235847831733
20230830093519700,6.29,6.33,6.332235847831733
20230830093519780,6.29,6.33,6.332235847831733
20230830093520710,6.29,6.33,6.332235847831733
20230830093520730,6.29,6.33,6.332235847831733
20230830093521030,6.29,6.33,6.332235847831733
20230830093521430,6.33,6.33,6.33221713660358
20230830093521680,6.33,6.33,6.33221713660358
20230830093521840,6.33,6.33,6.33221713660358
20230830093523150,6.33,6.33,6.332216851184347
20230830093523440,6.33,6.33,6.332216851184347
20230830093523510,6.33,6.33,6.332216851184347
20230830093523540,6.33,6.33,6.332216851184347
20230830093523580,6.33,6.33,6.332199297573436
20230830093523700,6.33,6.33,6.332199297573436
20230830093523910,6.33,6.33,6.332199297573436
20230830093524080,6.33,6.33,6.332199297573436
20230830093524110,6.33,6.33,6.332199297573436
20230830093524400,6.34,6.33,6.332184233891427
20230830093524780,6.34,6.33,6.332182572877061
20230830093525100,6.34,6.33,6.332182572877061
20230830093525110,6.34,6.33,6.332182572877061
20230830093525160,6.34,6.33,6.332182572877061
20230830093525570,6.34,6.33,6.332182572877061
20230830093525580,6.34,6.33,6.332182572877061
20230830093525660,6.34,6.33,6.332182572877061
20230830093525730,6.34,6.33,6.332182572877061
20230830093525750,6.34,6.33,6.332182572877061
20230830093525780,6.33,6.33,6.33218229628691
20230830093525820,6.33,6.33,6.33218229628691
20230830093526080,6.33,6.33,6.33218229628691
20230830093526410,6.33,6.33,6.33218229628691
20230830093526590,6.33,6.33,6.33218229628691
20230830093526720,6.33,6.33,6.33218229628691
20230830093527080,6.33,6.33,6.332179194037393
20230830093527140,6.33,6.33,6.332179194037393
20230830093527980,6.33,6.33,6.332179194037393
20230830093528130,6.33,6.33,6.332179194037393
20230830093528260,6.33,6.33,6.332179194037393
20230830093529070,6.33,6.33,6.332179194037393
20230830093529120,6.33,6.33,6.332181169487245
20230830093529440,6.33,6.33,6.332181169487245
20230830093530070,6.33,6.33,6.332181169487245
20230830093530330,6.33,6.33,6.332167339472689
20230830093530890,6.33,6.33,6.332167339472689
20230830093532660,6.33,6.33,6.332167339472689
20230830093532800,6.33,6.33,6.332167339472689
20230830093533250,6.33,6.33,6.332167339472689
20230830093533400,6.33,6.33,6.332136718258464
20230830093533470,6.33,6.33,6.332136718258464
20230830093533850,6.33,6.33,6.332136718258464
20230830093534080,6.33,6.33,6.332136718258464
20230830093534120,6.34,6.33,6.332136718258464
20230830093534190,6.34,6.33,6.332136718258464
20230830093534930,6.34,6.33,6.332136718258464
20230830093535100,6.34,6.33,6.332136718258464
20230830093536130,6.34,6.33,6.332136718258464
20230830093536250,6.34,6.33,6.332136718258464
20230830093537170,6.34,6.33,6.332136718258464
20230830093538130,6.34,6.33,6.332136718258464
20230830093538990,6.34,6.33,6.332136718258464
20230830093539030,6.34,6.33,6.332052647897806
20230830093539440,6.34,6.33,6.332052647897806
20230830093539530,6.34,6.33,6.33203026739292
20230830093540070,6.34,6.33,6.33203026739292
20230830093540210,6.34,6.33,6.33203026739292
20230830093540580,6.34,6.33,6.33203026739292
20230830093540770,6.34,6.33,6.33203026739292
20230830093540930,6.34,6.33,6.33203026739292
20230830093541320,6.34,6.33,6.3320287783141485
20230830093541990,6.34,6.33,6.3320287783141485
20230830093542130,6.33,6.33,6.3320287783141485
20230830093542180,6.33,6.33,6.3320287783141485
20230830093542260,6.33,6.33,6.3320287783141485
20230830093542550,6.33,6.33,6.3320287783141485
20230830093542570,6.33,6.33,6.3320287783141485
20230830093542590,6.33,6.33,6.3320287783141485
20230830093542670,6.33,6.33,6.3320287783141485
20230830093542770,6.33,6.33,6.3320287783141485
20230830093543280,6.33,6.33,6.3320287783141485
20230830093543310,6.33,6.33,6.3320287783141485
20230830093543520,6.33,6.33,6.3320287783141485
20230830093543720,6.33,6.33,6.3320287783141485
20230830093543830,6.33,6.33,6.3320287783141485
20230830093544020,6.33,6.33,6.3320287783141485
20230830093544110,6.33,6.33,6.332001770884221
20230830093544140,6.33,6.33,6.332001770884221
20230830093545080,6.33,6.33,6.332001770884221
20230830093545510,6.33,6.33,6.331996893274854
20230830093546150,6.33,6.33,6.331996893274854
20230830093547110,6.33,6.33,6.331996893274854
20230830093547120,6.33,6.33,6.331995434623814
20230830093547380,6.33,6.33,6.331995434623814
20230830093547610,6.33,6.33,6.331973569084944
20230830093547940,6.33,6.33,6.331973569084944
20230830093548560,6.33,6.33,6.331973569084944
20230830093548780,6.33,6.33,6.331973569084944
20230830093549200,6.33,6.33,6.331973569084944
20230830093549670,6.33,6.33,6.331973569084944
20230830093549720,6.33,6.33,6.331973569084944
20230830093549830,6.33,6.33,6.331973569084944
20230830093550110,6.33,6.33,6.331961176186452
20230830093550250,6.33,6.33,6.331961176186452
20230830093550290,6.33,6.33,6.331958338357652
20230830093550620,6.33,6.33,6.331958338357652
20230830093551830,6.33,6.33,6.331958338357652
20230830093552100,6.33,6.33,6.331958338357652
20230830093552520,6.33,6.33,6.331898080383924
20230830093552530,6.33,6.33,6.331898080383924
20230830093553110,6.33,6.33,6.331886219292991
20230830093553230,6.33,6.33,6.331886219292991
20230830093553240,6.33,6.33,6.331886219292991
20230830093553880,6.33,6.33,6.331886219292991
20230830093554040,6.33,6.33,6.331886219292991
20230830093554140,6.33,6.33,6.331886219292991
20230830093554150,6.33,6.33,6.331886219292991
20230830093554570,6.33,6.33,6.331886219292991
20230830093555080,6.33,6.33,6.331885767341561
20230830093555930,6.33,6.33,6.331885767341561
20230830093556110,6.33,6.33,6.331885541447054
20230830093556300,6.33,6.33,6.331885541447054
20230830093557620,6.33,6.33,6.331885541447054
20230830093557720,6.33,6.33,6.331885541447054
20230830093557900,6.33,6.33,6.331885541447054
20230830093558080,6.33,6.33,6.331885541447054
20230830093558360,6.33,6.33,6.331885541447054
20230830093558410,6.33,6.33,6.331885541447054
20230830093558570,6.33,6.33,6.331885541447054
20230830093559240,6.33,6.33,6.3318825394925815
20230830093559420,6.33,6.33,6.3318825394925815
20230830093559500,6.33,6.33,6.3318825394925815
20230830093559510,6.33,6.33,6.3318825394925815
20230830093600380,6.33,6.33,6.3318825394925815
20230830093600750,6.33,6.33,6.3318825394925815
20230830093600830,6.33,6.33,6.3318825394925815
20230830093601550,6.33,6.33,6.3318825394925815
20230830093601560,6.33,6.33,6.3318825394925815
20230830093602110,6.33,6.33,6.3318825394925815
20230830093602870,6.33,6.33,6.3318825394925815
20230830093602890,6.33,6.33,6.3318825394925815
20230830093603000,6.33,6.33,6.3318825394925815
20230830093603040,6.33,6.33,6.3318825394925815
20230830093603110,6.33,6.33,6.3318825394925815
20230830093603830,6.33,6.33,6.3318825394925815
20230830093604030,6.33,6.33,6.3318645264657025
20230830093604100,6.33,6.33,6.3318645264657025
20230830093604110,6.33,6.33,6.3318645264657025
20230830093604150,6.33,6.33,6.3318645264657025
20230830093604160,6.33,6.33,6.3318645264657025
20230830093604190,6.33,6.33,6.3318645264657025
20230830093604200,6.33,6.33,6.3318645264657025
20230830093604870,6.33,6.33,6.3318645264657025
20230830093604960,6.33,6.33,6.3318643052094465
20230830093605020,6.33,6.33,6.3318643052094465
20230830093605170,6.33,6.33,6.331866235615139
20230830093605200,6.33,6.33,6.33184543641483
20230830093605660,6.33,6.33,6.33184543641483
20230830093605730,6.33,6.33,6.33184543641483
20230830093606490,6.33,6.33,6.33184543641483
20230830093606990,6.33,6.33,6.33184543641483
20230830093607390,6.33,6.33,6.33184543641483
20230830093607490,6.33,6.33,6.33184543641483
20230830093607630,6.33,6.33,6.33184543641483
20230830093607830,6.33,6.33,6.33184543641483
20230830093608600,6.33,6.33,6.33184543641483
20230830093608730,6.33,6.33,6.33184543641483
20230830093609050,6.33,6.33,6.33184543641483
20230830093609170,6.33,6.33,6.33184543641483
20230830093609330,6.33,6.33,6.33184543641483
20230830093609650,6.33,6.33,6.33184543641483
20230830093610180,6.33,6.33,6.331844570825517
20230830093611120,6.33,6.33,6.331845527025443
20230830093611280,6.33,6.33,6.331844661900856
20230830093611290,6.33,6.33,6.331844661900856
20230830093612380,6.33,6.33,6.331844661900856
20230830093612420,6.33,6.33,6.331844661900856
20230830093612800,6.33,6.33,6.331844661900856
20230830093613180,6.33,6.33,6.331844661900856
20230830093613730,6.33,6.33,6.331844661900856
20230830093613880,6.33,6.33,6.331844445746427
20230830093614020,6.33,6.33,6.331844445746427
20230830093614670,6.33,6.33,6.33183370223672
20230830093615020,6.33,6.33,6.33183370223672
20230830093615030,6.33,6.33,6.33183370223672
20230830093615040,6.33,6.33,6.33183370223672
20230830093615420,6.33,6.33,6.33183370223672
20230830093615460,6.33,6.33,6.33183370223672
20230830093616100,6.33,6.33,6.33183370223672
20230830093617060,6.33,6.33,6.33183370223672
20230830093617080,6.33,6.33,6.33183370223672
20230830093617100,6.33,6.33,6.33183370223672
20230830093617120,6.33,6.33,6.331835604472397
20230830093617540,6.33,6.33,6.331835604472397
20230830093617900,6.33,6.33,6.331835176991151
20230830093617930,6.33,6.33,6.331835176991151
20230830093618000,6.33,6.33,6.331835176991151
20230830093618280,6.33,6.33,6.331835176991151
20230830093618430,6.33,6.33,6.331835176991151
20230830093618450,6.33,6.33,6.331835176991151
20230830093618500,6.33,6.33,6.331835176991151
20230830093618720,6.33,6.33,6.331835176991151
20230830093619080,6.33,6.33,6.331835176991151
20230830093619520,6.33,6.33,6.331835176991151
20230830093621540,6.33,6.33,6.331836127605077
20230830093621910,6.33,6.33,6.331836127605077
20230830093622200,6.33,6.33,6.331836127605077
20230830093622490,6.33,6.33,6.331836127605077
20230830093622530,6.33,6.33,6.331836127605077
20230830093623700,6.33,6.33,6.331836127605077
20230830093623720,6.33,6.33,6.331836127605077
20230830093623740,6.33,6.33,6.331836127605077
20230830093624180,6.33,6.33,6.331836127605077
20230830093625000,6.33,6.33,6.331836127605077
20230830093625060,6.33,6.33,6.331836127605077
20230830093625100,6.33,6.33,6.331836127605077
20230830093625120,6.33,6.33,6.331836127605077
20230830093625210,6.33,6.33,6.331836127605077
20230830093625390,6.33,6.33,6.331836127605077
20230830093625580,6.33,6.33,6.331836127605077
20230830093625660,6.33,6.33,6.331836127605077
20230830093626000,6.33,6.33,6.331836127605077
20230830093626170,6.33,6.33,6.331836127605077
20230830093626290,6.33,6.33,6.331836127605077
20230830093627130,6.33,6.33,6.331836127605077
20230830093627180,6.33,6.33,6.331836127605077
20230830093627420,6.33,6.33,6.331836127605077
20230830093627730,6.33,6.33,6.331836127605077
20230830093628780,6.33,6.33,6.331836127605077
20230830093630580,6.33,6.33,6.331836127605077
20230830093631160,6.33,6.33,6.331836127605077
20230830093631340,6.33,6.33,6.331836127605077
20230830093632720,6.33,6.33,6.331836127605077
20230830093633790,6.33,6.33,6.331836127605077
20230830093633810,6.33,6.33,6.331836127605077
20230830093633900,6.33,6.33,6.331836127605077
20230830093633930,6.33,6.33,6.331836127605077
20230830093633960,6.33,6.33,6.331836127605077
20230830093633990,6.33,6.33,6.331836127605077
20230830093634040,6.33,6.33,6.331836127605077
20230830093634180,6.33,6.33,6.331836127605077
20230830093635410,6.33,6.33,6.331836127605077
20230830093635690,6.33,6.33,6.331836127605077
20230830093635840,6.33,6.33,6.331836127605077
20230830093636220,6.33,6.33,6.331836127605077
20230830093637150,6.33,6.33,6.331838028169015
20230830093637700,6.33,6.33,6.331838028169015
20230830093638130,6.33,6.33,6.3318378142458105
20230830093638240,6.33,6.33,6.3318378142458105
20230830093638910,6.33,6.33,6.3318378142458105
20230830093639300,6.33,6.33,6.3318378142458105
20230830093639350,6.33,6.33,6.331837600372397
20230830093639510,6.33,6.33,6.3318423470574565
20230830093639720,6.33,6.33,6.3318423470574565
20230830093639900,6.33,6.33,6.331842132806141
20230830093639910,6.33,6.33,6.331842132806141
20230830093641060,6.33,6.33,6.331842132806141
20230830093641080,6.33,6.33,6.331842132806141
20230830093641370,6.33,6.33,6.331842132806141
20230830093641720,6.33,6.33,6.331842132806141
20230830093642720,6.33,6.33,6.331842132806141
20230830093642890,6.33,6.33,6.331842132806141
20230830093643050,6.33,6.33,6.331842132806141
20230830093643170,6.33,6.33,6.331842132806141
20230830093643590,6.33,6.33,6.331842132806141
20230830093645290,6.33,6.33,6.331842132806141
20230830093645400,6.33,6.33,6.331842132806141
20230830093646080,6.34,6.33,6.331838925005806
20230830093646190,6.34,6.33,6.331838925005806
20230830093646340,6.34,6.33,6.331838925005806
20230830093646810,6.34,6.33,6.331861624682229
20230830093646870,6.34,6.33,6.331861624682229
20230830093647490,6.34,6.33,6.331861624682229
20230830093647660,6.34,6.33,6.331850930606619
20230830093648220,6.34,6.33,6.331850930606619
20230830093648350,6.34,6.33,6.331850930606619
20230830093648530,6.34,6.33,6.331850930606619
20230830093648720,6.34,6.33,6.331860282304339
20230830093648740,6.34,6.33,6.331860282304339
20230830093648880,6.34,6.33,6.331860282304339
20230830093648960,6.34,6.33,6.331860282304339
20230830093649010,6.34,6.33,6.331860282304339
20230830093649030,6.34,6.33,6.331860282304339
20230830093649070,6.34,6.33,6.331860282304339
20230830093649210,6.34,6.33,6.331860282304339
20230830093649270,6.34,6.33,6.331860068846817
20230830093650100,6.34,6.33,6.3318622291021684
20230830093650500,6.34,6.33,6.3318622291021684
20230830093650670,6.34,6.33,6.3318622291021684
20230830093650720,6.34,6.33,6.3318622291021684
20230830093650840,6.34,6.33,6.331871549650671
20230830093651560,6.34,6.33,6.331871549650671
20230830093652150,6.34,6.33,6.331871549650671
20230830093652170,6.34,6.33,6.331884562607205
20230830093652200,6.34,6.33,6.3318947578803115
20230830093652220,6.34,6.33,6.331899383632006
20230830093652690,6.34,6.33,6.332080180783396
20230830093653130,6.34,6.33,6.332080180783396
20230830093653140,6.34,6.33,6.332080180783396
20230830093654110,6.34,6.33,6.332080180783396
20230830093654130,6.34,6.33,6.332080180783396
20230830093654390,6.34,6.33,6.332080180783396
20230830093654570,6.34,6.33,6.332080180783396
20230830093654760,6.34,6.33,6.332078093645486
20230830093655010,6.34,6.33,6.33207897670271
20230830093655090,6.34,6.33,6.332079859563086
20230830093655120,6.34,6.33,6.332079859563086
20230830093655610,6.34,6.33,6.332079859563086
20230830093656120,6.34,6.33,6.332087796459192
20230830093656220,6.34,6.33,6.332087796459192
20230830093656240,6.34,6.33,6.332087796459192
20230830093656930,6.34,6.33,6.332087796459192
20230830093657030,6.34,6.33,6.332087796459192
20230830093657150,6.34,6.33,6.332087796459192
20230830093657260,6.34,6.33,6.332087796459192
20230830093657270,6.34,6.33,6.332087796459192
20230830093657290,6.34,6.33,6.332087796459192
20230830093657450,6.34,6.33,6.332087796459192
20230830093658330,6.34,6.33,6.332087796459192
20230830093659270,6.34,6.33,6.332087796459192
20230830093659850,6.34,6.33,6.332087796459192
20230830093700110,6.34,6.33,6.332087796459192
20230830093700120,6.34,6.33,6.332087796459192
20230830093700130,6.34,6.33,6.332087796459192
20230830093700140,6.34,6.33,6.332087099287623
20230830093700170,6.34,6.33,6.332087099287623
20230830093700250,6.34,6.33,6.332087099287623
20230830093700620,6.34,6.33,6.332078078244487
20230830093700630,6.34,6.33,6.332076007528787
20230830093700670,6.34,6.33,6.332076007528787
20230830093700790,6.34,6.33,6.3320721074151844
20230830093700850,6.34,6.33,6.3320721074151844
20230830093701660,6.34,6.33,6.3320721074151844
20230830093702340,6.34,6.33,6.3320695916114795
20230830093703030,6.34,6.33,6.3320695916114795
20230830093703220,6.34,6.33,6.3320695916114795
20230830093703710,6.34,6.33,6.3320695916114795
20230830093703720,6.34,6.33,6.3320695916114795
20230830093703730,6.34,6.33,6.3320695916114795
20230830093704570,6.34,6.33,6.3320695916114795
20230830093705200,6.34,6.33,6.3320695916114795
20230830093705910,6.3,6.33,6.3320695916114795
20230830093706020,6.3,6.33,6.3320695916114795
20230830093706050,6.3,6.33,6.332069363204945
20230830093706120,6.3,6.33,6.332069363204945
20230830093706130,6.3,6.33,6.332069363204945
20230830093706150,6.3,6.33,6.332069363204945
20230830093706260,6.34,6.33,6.33206913484882
20230830093706390,6.34,6.33,6.33206913484882
20230830093706800,6.34,6.33,6.33206913484882
20230830093706990,6.34,6.33,6.33206913484882
20230830093708170,6.34,6.33,6.33206913484882
20230830093708570,6.34,6.33,6.33206913484882
20230830093708890,6.34,6.33,6.33206913484882
20230830093709110,6.34,6.33,6.33206913484882
20230830093709250,6.34,6.33,6.33206913484882
20230830093709400,6.34,6.33,6.33206913484882
20230830093709430,6.34,6.33,6.33206913484882
20230830093710950,6.34,6.33,6.33206913484882
20230830093711950,6.34,6.33,6.33206913484882
20230830093712140,6.34,6.33,6.33206913484882
20230830093712390,6.34,6.33,6.33206913484882
20230830093712570,6.33,6.33,6.332059136832858
20230830093712600,6.33,6.33,6.332059136832858
20230830093712720,6.33,6.33,6.332058910728012
20230830093713450,6.33,6.33,6.332058910728012
20230830093714060,6.33,6.33,6.332058910728012
20230830093714210,6.33,6.33,6.332058910728012
20230830093714570,6.33,6.33,6.332058910728012
20230830093714800,6.33,6.33,6.332058910728012
20230830093714890,6.33,6.33,6.332058910728012
20230830093715230,6.33,6.33,6.332058910728012
20230830093715530,6.33,6.33,6.332058910728012
20230830093715560,6.33,6.33,6.332058910728012
20230830093716130,6.33,6.33,6.332058910728012
20230830093716530,6.33,6.33,6.332058910728012
20230830093717060,6.33,6.33,6.332056426847994
20230830093717070,6.33,6.33,6.3320546241507785
20230830093717570,6.33,6.33,6.3320546241507785
20230830093717680,6.33,6.33,6.3320546241507785
20230830093717700,6.33,6.33,6.3320546241507785
20230830093717760,6.33,6.33,6.3320546241507785
20230830093717810,6.33,6.33,6.3320546241507785
20230830093717820,6.33,6.33,6.3320546241507785
20230830093717900,6.33,6.33,6.3320546241507785
20230830093718380,6.33,6.33,6.3320546241507785
20230830093719030,6.33,6.33,6.332054399035829
20230830093719100,6.33,6.33,6.332054399035829
20230830093719290,6.33,6.33,6.332054399035829
20230830093720160,6.33,6.33,6.332054399035829
20230830093720260,6.33,6.33,6.332054399035829
20230830093721070,6.33,6.33,6.332054399035829
20230830093721490,6.33,6.33,6.332054399035829
20230830093721960,6.33,6.33,6.332054399035829
20230830093722180,6.33,6.33,6.332054399035829
20230830093722250,6.33,6.33,6.332054399035829
20230830093723100,6.33,6.33,6.332054399035829
20230830093723560,6.33,6.33,6.332052375218915
20230830093723930,6.33,6.33,6.332052375218915
20230830093724410,6.33,6.33,6.332059328521436
20230830093724740,6.33,6.33,6.332059328521436
20230830093725060,6.33,6.33,6.332059328521436
20230830093725130,6.33,6.33,6.3320591033351565
20230830093725480,6.33,6.33,6.3320591033351565
20230830093726550,6.33,6.33,6.3320591033351565
20230830093726950,6.33,6.33,6.3320591033351565
20230830093727050,6.33,6.33,6.3320591033351565
20230830093727060,6.33,6.33,6.3320591033351565
20230830093727950,6.33,6.33,6.3320591033351565
20230830093727960,6.33,6.33,6.3320591033351565
20230830093728310,6.33,6.33,6.3320591033351565
20230830093728520,6.33,6.33,6.3320591033351565
20230830093728880,6.33,6.33,6.3320591033351565
20230830093729880,6.33,6.33,6.3320591033351565
20230830093729920,6.33,6.33,6.3320591033351565
20230830093731280,6.33,6.33,6.3320591033351565
20230830093731410,6.33,6.33,6.3320591033351565
20230830093732290,6.33,6.33,6.3320591033351565
20230830093732840,6.33,6.33,6.3320591033351565
20230830093733480,6.33,6.33,6.3320591033351565
20230830093733740,6.33,6.33,6.3320591033351565
20230830093733950,6.33,6.33,6.3320591033351565
20230830093733970,6.33,6.33,6.3320591033351565
20230830093734640,6.33,6.33,6.332030680470183
20230830093734720,6.33,6.33,6.332015897655498
20230830093734730,6.33,6.33,6.332015897655498
20230830093734840,6.33,6.33,6.332015897655498
20230830093734960,6.33,6.33,6.332015897655498
20230830093735530,6.33,6.33,6.332015897655498
20230830093735730,6.33,6.33,6.332015897655498
20230830093735850,6.33,6.33,6.332015897655498
20230830093736240,6.33,6.33,6.332015897655498
20230830093736990,6.33,6.33,6.332015897655498
20230830093737000,6.33,6.33,6.332015897655498
20230830093737130,6.33,6.33,6.332019736842106
20230830093737180,6.33,6.33,6.3320186571153645
20230830093737690,6.33,6.33,6.332018009833263
20230830093737720,6.33,6.33,6.332018009833263
20230830093737820,6.33,6.33,6.332018009833263
20230830093738110,6.33,6.33,6.332023977357685
20230830093738580,6.33,6.33,6.332023977357685
20230830093738910,6.33,6.33,6.332023977357685
20230830093739260,6.33,6.33,6.332023977357685
20230830093739580,6.33,6.33,6.3320151531263305
20230830093739610,6.33,6.33,6.3320151531263305
20230830093739630,6.33,6.33,6.3320151531263305
20230830093740150,6.33,6.33,6.3320151531263305
20230830093740280,6.33,6.33,6.3320151531263305
20230830093742420,6.33,6.33,6.3320151531263305
20230830093743090,6.33,6.33,6.3320151531263305
20230830093743220,6.33,6.33,6.332010236554578
20230830093743330,6.33,6.33,6.332010236554578
20230830093743860,6.33,6.33,6.332010236554578
20230830093743890,6.33,6.33,6.332010236554578
20230830093744040,6.33,6.33,6.332010236554578
20230830093744060,6.33,6.33,6.332020137420719
20230830093744070,6.33,6.33,6.332020137420719
20230830093744080,6.33,6.33,6.332020137420719
20230830093744100,6.33,6.33,6.332020137420719
20230830093744110,6.33,6.33,6.332020137420719
20230830093744120,6.33,6.33,6.332020980868831
20230830093744220,6.33,6.33,6.332020980868831
20230830093744380,6.33,6.33,6.332020980868831
20230830093744430,6.33,6.33,6.332020980868831
20230830093744770,6.33,6.33,6.332020980868831
20230830093744850,6.33,6.33,6.332020980868831
20230830093744910,6.33,6.33,6.332020980868831
20230830093745040,6.33,6.33,6.332020980868831
20230830093745430,6.33,6.33,6.332020553735602
20230830093745710,6.33,6.33,6.332020553735602
20230830093745930,6.33,6.33,6.332020553735602
20230830093745990,6.33,6.33,6.332020553735602
20230830093746090,6.33,6.33,6.332020553735602
20230830093746100,6.33,6.33,6.332020553735602
20230830093746170,6.33,6.33,6.332020553735602
20230830093746230,6.33,6.33,6.332020553735602
20230830093746590,6.33,6.33,6.332020553735602
20230830093746880,6.33,6.33,6.332020553735602
20230830093746970,6.33,6.33,6.332020553735602
20230830093747130,6.33,6.33,6.332020553735602
20230830093747160,6.33,6.33,6.3320350036846
20230830093747800,6.33,6.33,6.3320350036846
20230830093747970,6.33,6.33,6.332040031562336
20230830093747990,6.33,6.33,6.332040031562336
20230830093748200,6.33,6.33,6.332040031562336
20230830093748460,6.33,6.33,6.332040031562336
20230830093749140,6.33,6.33,6.332040031562336
20230830093749910,6.33,6.33,6.332040031562336
20230830093750110,6.33,6.33,6.332041706111287
20230830093750600,6.33,6.33,6.332041706111287
20230830093751240,6.33,6.33,6.332041706111287
20230830093752040,6.33,6.33,6.332041706111287
20230830093752140,6.33,6.33,6.332041706111287
20230830093752150,6.33,6.33,6.332041706111287
20230830093752970,6.33,6.33,6.332041706111287
20230830093753060,6.33,6.33,6.332041706111287
20230830093754080,6.33,6.33,6.332041706111287
20230830093754330,6.33,6.33,6.332041706111287
20230830093754400,6.33,6.33,6.332041706111287
20230830093755160,6.33,6.33,6.332041706111287
20230830093755740,6.33,6.33,6.332041706111287
20230830093756230,6.33,6.33,6.332041706111287
20230830093756720,6.33,6.33,6.332041706111287
20230830093758150,6.33,6.33,6.332041706111287
20230830093759600,6.33,6.33,6.332041706111287
20230830093800140,6.33,6.33,6.332041706111287
20230830093800170,6.33,6.33,6.332041706111287
20230830093800740,6.33,6.33,6.332041706111287
20230830093801140,6.33,6.33,6.332041706111287
20230830093801180,6.33,6.33,6.332041706111287
20230830093802910,6.33,6.33,6.332041706111287
20230830093803410,6.33,6.33,6.332041706111287
20230830093803870,6.33,6.33,6.332041706111287
20230830093804110,6.33,6.33,6.332041706111287
20230830093804170,6.33,6.33,6.332041706111287
20230830093804180,6.33,6.33,6.332026782917407
20230830093804720,6.33,6.33,6.332026782917407
20230830093805560,6.33,6.33,6.332026571309251
20230830093805640,6.33,6.33,6.332026571309251
20230830093805930,6.33,6.33,6.332026571309251
20230830093806190,6.33,6.33,6.332021295428513
20230830093806260,6.33,6.33,6.332021084964599
20230830093806280,6.33,6.33,6.332021084964599
20230830093806720,6.33,6.33,6.332021084964599
20230830093808520,6.33,6.33,6.332021084964599
20230830093809760,6.33,6.33,6.332021084964599
20230830093810140,6.33,6.33,6.332019402829797
20230830093810650,6.33,6.33,6.332019402829797
20230830093810820,6.33,6.33,6.332019402829797
20230830093811860,6.33,6.33,6.332019402829797
20230830093811960,6.33,6.33,6.332019402829797
20230830093812160,6.33,6.33,6.332019402829797
20230830093812180,6.33,6.33,6.332023552043258
20230830093812370,6.33,6.33,6.332019352495591
20230830093812400,6.33,6.33,6.332019352495591
20230830093812580,6.33,6.33,6.332009344346929
20230830093812650,6.33,6.33,6.332009344346929
20230830093813150,6.33,6.33,6.332009344346929
20230830093813190,6.33,6.33,6.332009344346929
20230830093813210,6.33,6.33,6.332005410140149
20230830093813960,6.33,6.33,6.332005410140149
20230830093814330,6.33,6.33,6.332005410140149
20230830093814420,6.33,6.33,6.332005410140149
20230830093815190,6.33,6.33,6.332005410140149
20230830093815290,6.33,6.33,6.332005410140149
20230830093815480,6.33,6.33,6.332005410140149
20230830093815550,6.33,6.33,6.332005410140149
20230830093816710,6.34,6.34,6.332200713783051
20230830093816720,6.34,6.33,6.332218788536111
20230830093816750,6.34,6.33,6.332218788536111
20230830093816990,6.34,6.33,6.332218788536111
20230830093817050,6.34,6.33,6.332218788536111
20230830093817140,6.34,6.33,6.332218788536111
20230830093817150,6.34,6.33,6.332218788536111
20230830093817160,6.34,6.33,6.332436808599709
20230830093817420,6.34,6.33,6.332436808599709
20230830093817530,6.34,6.33,6.332441900163974
20230830093817550,6.34,6.33,6.332441900163974
20230830093818120,6.34,6.33,6.332476629922316
20230830093818140,6.34,6.33,6.332478070070493
20230830093818150,6.34,6.33,6.332478070070493
20230830093818160,6.34,6.33,6.332671658561831
20230830093818170,6.34,6.33,6.332679167772857
20230830093818180,6.34,6.33,6.332679167772857
20230830093818190,6.34,6.33,6.332679167772857
20230830093818200,6.34,6.33,6.3327131074960255
20230830093818210,6.34,6.33,6.332733320696622
20230830093818220,6.34,6.33,6.333038400212597
20230830093818230,6.34,6.33,6.333172097427901
20230830093818240,6.34,6.33,6.33319102759042
20230830093818250,6.34,6.33,6.333192207240961
20230830093818280,6.34,6.33,6.333494812123119
20230830093818290,6.34,6.33,6.3335018046063984
20230830093818300,6.34,6.33,6.333507173218882
20230830093818310,6.34,6.33,6.334014792435063
20230830093818320,6.34,6.34,6.334014792435063
20230830093818330,6.34,6.34,6.334014792435063
20230830093818350,6.34,6.34,6.334014792435063
20230830093818360,6.34,6.34,6.334014792435063
20230830093818430,6.34,6.34,6.334014792435063
20230830093818490,6.34,6.34,6.334014792435063
20230830093818790,6.34,6.34,6.334014792435063
20230830093818810,6.34,6.34,6.334014792435063
20230830093818820,6.34,6.34,6.334014792435063
20230830093818850,6.34,6.34,6.334014792435063
20230830093818990,6.34,6.34,6.334014792435063
20230830093819070,6.34,6.34,6.334014792435063
20230830093819080,6.34,6.34,6.334014792435063
20230830093819090,6.34,6.34,6.334014792435063
20230830093819100,6.34,6.34,6.334014792435063
20230830093819110,6.34,6.34,6.334014792435063
20230830093819120,6.34,6.34,6.334014792435063
20230830093819130,6.34,6.34,6.334014792435063
20230830093819140,6.34,6.34,6.334014792435063
20230830093819150,6.34,6.34,6.334014792435063
20230830093819190,6.34,6.34,6.334014792435063
20230830093819230,6.34,6.34,6.334014792435063
20230830093819240,6.34,6.34,6.334014792435063
20230830093819270,6.34,6.34,6.334014792435063
20230830093819390,6.34,6.34,6.334014792435063
20230830093820100,6.34,6.34,6.334014792435063
20230830093820110,6.34,6.34,6.334014792435063
20230830093820120,6.34,6.34,6.334014792435063
20230830093820200,6.34,6.34,6.334014792435063
20230830093820330,6.34,6.34,6.334014792435063
20230830093820510,6.34,6.34,6.334014792435063
20230830093820550,6.34,6.34,6.334014792435063
20230830093820850,6.34,6.34,6.334014792435063
20230830093820880,6.34,6.34,6.334014792435063
20230830093821070,6.34,6.34,6.334014792435063
20230830093821080,6.34,6.34,6.334014792435063
20230830093821090,6.34,6.34,6.334336605987537
20230830093821140,6.34,6.34,6.334402483740599
20230830093821190,6.34,6.34,6.334402483740599
20230830093821250,6.34,6.34,6.334402483740599
20230830093821270,6.34,6.34,6.334402483740599
20230830093821340,6.34,6.34,6.334413211014783
20230830093821410,6.34,6.34,6.334413211014783
20230830093821500,6.34,6.34,6.3344358951861786
20230830093821560,6.33,6.34,6.3344358951861786
20230830093821940,6.35,6.34,6.334645529128406
20230830093822010,6.35,6.34,6.334645529128406
20230830093822030,6.35,6.34,6.334645529128406
20230830093822090,6.35,6.34,6.334645529128406
20230830093822100,6.35,6.34,6.334645529128406
20230830093822170,6.35,6.34,6.334645529128406
20230830093822180,6.35,6.34,6.334645529128406
20230830093822190,6.35,6.34,6.334645529128406
20230830093822230,6.35,6.34,6.334645529128406
20230830093822550,6.35,6.34,6.334645529128406
20230830093823200,6.35,6.34,6.334645529128406
20230830093823510,6.35,6.34,6.334712015014555
20230830093824130,6.35,6.34,6.334712015014555
20230830093824190,6.35,6.34,6.334712015014555
20230830093824610,6.35,6.34,6.334720028755322
20230830093825150,6.35,6.34,6.334720028755322
20230830093825270,6.35,6.34,6.334720028755322
20230830093826150,6.35,6.34,6.334720028755322
20230830093826560,6.35,6.34,6.334720028755322
20230830093827130,6.35,6.34,6.334720028755322
20230830093827330,6.35,6.34,6.334720028755322
20230830093828090,6.35,6.34,6.334720028755322
20230830093828100,6.35,6.34,6.334720028755322
20230830093829120,6.35,6.34,6.334720028755322
20230830093829290,6.35,6.34,6.334720028755322
20230830093830110,6.35,6.34,6.334720028755322
20230830093830120,6.35,6.34,6.334720028755322
20230830093830130,6.35,6.34,6.334720028755322
20230830093830210,6.35,6.34,6.334720028755322
20230830093830510,6.35,6.34,6.334720028755322
20230830093830520,6.35,6.34,6.334720028755322
20230830093830570,6.35,6.34,6.334720028755322
20230830093830900,6.35,6.34,6.334720028755322
20230830093830990,6.35,6.34,6.334720028755322
20230830093831020,6.35,6.34,6.334720028755322
20230830093831090,6.35,6.34,6.334725122614581
20230830093831190,6.35,6.34,6.334725122614581
20230830093831300,6.35,6.34,6.334725122614581
20230830093831320,6.35,6.34,6.334725122614581
20230830093831350,6.35,6.34,6.334725122614581
20230830093831670,6.35,6.34,6.334725122614581
20230830093832190,6.35,6.34,6.334725122614581
20230830093832480,6.35,6.34,6.334725122614581
20230830093832490,6.35,6.34,6.334725122614581
20230830093832820,6.35,6.34,6.334725122614581
20230830093832880,6.35,6.34,6.334725122614581
20230830093833020,6.35,6.34,6.334725122614581
20230830093833270,6.35,6.34,6.334725122614581
20230830093833410,6.35,6.34,6.334725122614581
20230830093833630,6.35,6.34,6.334725122614581
20230830093834220,6.35,6.34,6.334727408066851
20230830093834700,6.35,6.34,6.334727408066851
20230830093835420,6.35,6.34,6.334727408066851
20230830093835800,6.35,6.34,6.334727408066851
20230830093836210,6.35,6.34,6.334727408066851
20230830093836320,6.35,6.34,6.334727408066851
20230830093836950,6.35,6.34,6.334727408066851
20230830093837300,6.35,6.34,6.334727408066851
20230830093837570,6.35,6.34,6.334766156383269
20230830093838260,6.35,6.34,6.3347695659147805
20230830093838450,6.35,6.34,6.3347695659147805
20230830093839450,6.35,6.34,6.3347695659147805
20230830093839640,6.35,6.34,6.3347695659147805
20230830093840810,6.35,6.34,6.3347695659147805
20230830093840900,6.35,6.34,6.3347695659147805
20230830093840990,6.35,6.34,6.3347695659147805
20230830093842240,6.35,6.34,6.334786132372805
20230830093842770,6.35,6.34,6.334786132372805
20230830093842800,6.35,6.34,6.334821150797629
20230830093843080,6.35,6.34,6.334821150797629
20230830093843140,6.35,6.34,6.334821150797629
20230830093843360,6.35,6.34,6.334821150797629
20230830093843420,6.35,6.34,6.334821150797629
20230830093844590,6.35,6.34,6.334821150797629
20230830093844620,6.35,6.34,6.334821150797629
20230830093844750,6.35,6.34,6.334824531124152
20230830093844930,6.35,6.34,6.334824531124152
20230830093845720,6.35,6.34,6.334832412700651
20230830093845890,6.35,6.34,6.334832412700651
20230830093846090,6.35,6.34,6.334832412700651
20230830093846130,6.35,6.34,6.334832412700651
20230830093846460,6.35,6.34,6.334832412700651
20230830093846480,6.35,6.34,6.334841410197946
20230830093846810,6.35,6.34,6.334841410197946
20230830093846980,6.35,6.34,6.334841410197946
20230830093847110,6.35,6.34,6.334843657904591
20230830093847200,6.35,6.34,6.334843657904591
20230830093847300,6.35,6.34,6.334843657904591
20230830093847780,6.35,6.34,6.334843657904591
20230830093847920,6.35,6.34,6.334902924451666
20230830093847930,6.35,6.34,6.334902924451666
20230830093848580,6.35,6.34,6.334902924451666
20230830093848640,6.35,6.34,6.334902924451666
20230830093848690,6.35,6.34,6.334902924451666
20230830093848850,6.35,6.34,6.334902924451666
20230830093848900,6.35,6.34,6.334902924451666
20230830093848940,6.35,6.34,6.334902924451666
20230830093849010,6.35,6.34,6.334902924451666
20230830093849020,6.35,6.34,6.335627897820944
20230830093849070,6.35,6.34,6.335636985747961
20230830093849080,6.35,6.34,6.335641021138509
20230830093849110,6.35,6.34,6.335643037983574
20230830093849160,6.35,6.34,6.335643037983574
20230830093849290,6.35,6.34,6.335643037983574
20230830093849310,6.35,6.34,6.335650092481776
20230830093849630,6.35,6.34,6.335650092481776
20230830093849640,6.35,6.34,6.335650092481776
20230830093849900,6.35,6.34,6.335650092481776
20230830093850200,6.35,6.34,6.335650092481776
20230830093850310,6.35,6.34,6.335650092481776
20230830093850340,6.35,6.34,6.335650092481776
20230830093850410,6.35,6.34,6.335650092481776
20230830093851050,6.35,6.34,6.335665185943532
20230830093851060,6.35,6.34,6.3357232497966
20230830093851090,6.35,6.34,6.3357232497966
20230830093851580,6.35,6.34,6.335726634119786
20230830093851760,6.35,6.34,6.335726634119786
20230830093852040,6.35,6.34,6.335726634119786
20230830093852080,6.35,6.34,6.335726634119786
20230830093852090,6.35,6.34,6.335726634119786
20230830093852420,6.35,6.34,6.335726634119786
20230830093852500,6.35,6.34,6.335730617741357
20230830093852560,6.35,6.34,6.335730617741357
20230830093852710,6.35,6.34,6.335730617741357
20230830093852730,6.35,6.34,6.3357653302707595
20230830093852910,6.35,6.34,6.335771322022814
20230830093853120,6.35,6.34,6.335786155872409
20230830093853530,6.35,6.34,6.335786155872409
20230830093854050,6.35,6.34,6.335786155872409
20230830093854110,6.35,6.34,6.335786155872409
20230830093854190,6.35,6.34,6.335786155872409
20230830093854250,6.35,6.34,6.335786155872409
20230830093854300,6.35,6.34,6.335786155872409
20230830093854960,6.35,6.34,6.335786155872409
