Timestamp,ask1,bid1,VWAP
20230629093000040,6.68,7.35,6.74
20230629093000050,6.72,7.07,6.732296819787986
20230629093000060,6.72,7.07,6.732296819787986
20230629093000070,6.73,6.8,6.732296819787986
20230629093000080,6.73,6.8,6.733615384615384
20230629093000090,6.73,6.8,6.733615384615384
20230629093000100,6.73,6.74,6.73493842364532
20230629093000110,6.73,6.74,6.73493842364532
20230629093000120,6.73,6.73,6.7353734671125975
20230629093000130,6.73,6.73,6.73583
20230629093000140,6.73,6.72,6.734370314842579
20230629093000150,6.73,6.72,6.734454212454213
20230629093000160,6.73,6.72,6.735214917825537
20230629093000440,6.73,6.72,6.735214917825537
20230629093000450,6.73,6.74,6.735214917825537
20230629093000460,6.74,6.73,6.735214917825537
20230629093000470,6.74,6.73,6.735214917825537
20230629093000480,6.74,6.73,6.735564133016627
20230629093000490,6.74,6.73,6.735564133016627
20230629093000500,6.74,6.73,6.735583876704209
20230629093000510,6.74,6.73,6.735583876704209
20230629093000520,6.74,6.73,6.735583876704209
20230629093000530,6.74,6.73,6.735583876704209
20230629093000540,6.74,6.73,6.735583876704209
20230629093000550,6.74,6.73,6.735583876704209
20230629093000560,6.74,6.74,6.735583876704209
20230629093000570,6.74,6.74,6.735583876704209
20230629093000580,6.74,6.74,6.735583876704209
20230629093000590,6.74,6.74,6.735583876704209
20230629093000600,6.74,6.74,6.735583876704209
20230629093000610,6.74,6.74,6.736443798449613
20230629093000620,6.74,6.74,6.736443798449613
20230629093000630,6.74,6.73,6.736443798449613
20230629093000640,6.74,6.73,6.737316893632683
20230629093000650,6.74,6.73,6.737316893632683
20230629093000660,6.74,6.74,6.737316893632683
20230629093000670,6.74,6.74,6.737316893632683
20230629093000680,6.74,6.74,6.737316893632683
20230629093001270,6.74,6.74,6.737316893632683
20230629093001280,6.74,6.74,6.737316893632683
20230629093001290,6.74,6.74,6.737316893632683
20230629093001310,6.74,6.74,6.73769176387416
20230629093001320,6.74,6.72,6.737669357669358
20230629093001330,6.74,6.72,6.7376478823941195
20230629093001340,6.74,6.72,6.7376478823941195
20230629093001350,6.74,6.72,6.7376478823941195
20230629093001360,6.74,6.74,6.737645206438069
20230629093001370,6.74,6.72,6.737528128196386
20230629093001380,6.74,6.72,6.737528128196386
20230629093001400,6.74,6.72,6.737528128196386
20230629093001410,6.74,6.74,6.737528128196386
20230629093001420,6.74,6.74,6.737528128196386
20230629093001430,6.74,6.74,6.737528128196386
20230629093001460,6.74,6.72,6.737525354969574
20230629093001480,6.74,6.72,6.737525354969574
20230629093001490,6.74,6.72,6.737525354969574
20230629093001500,6.74,6.72,6.737525354969574
20230629093001510,6.74,6.72,6.737525016677785
20230629093001520,6.74,6.72,6.737527490836388
20230629093001550,6.74,6.72,6.737527490836388
20230629093001570,6.74,6.72,6.737531603459747
20230629093001580,6.74,6.72,6.737531603459747
20230629093001610,6.74,6.72,6.737531603459747
20230629093001620,6.74,6.72,6.737535702424443
20230629093001640,6.74,6.72,6.737535702424443
20230629093001650,6.74,6.72,6.737543859649123
20230629093001660,6.74,6.72,6.737544672402382
20230629093001670,6.74,6.72,6.737544672402382
20230629093001680,6.74,6.72,6.737544672402382
20230629093001690,6.74,6.72,6.737544672402382
20230629093001700,6.74,6.72,6.737544672402382
20230629093001710,6.74,6.72,6.737555994729908
20230629093001720,6.74,6.72,6.737558407370845
20230629093001730,6.74,6.72,6.737558407370845
20230629093001740,6.74,6.72,6.737558407370845
20230629093001750,6.74,6.72,6.73750810110175
20230629093001760,6.74,6.72,6.73750810110175
20230629093001770,6.74,6.72,6.73756446991404
20230629093001780,6.74,6.72,6.73756446991404
20230629093001790,6.74,6.73,6.73756446991404
20230629093001800,6.74,6.74,6.737566019726376
20230629093001810,6.74,6.73,6.737698338037002
20230629093001820,6.74,6.73,6.738144454517982
20230629093001840,6.74,6.73,6.738144454517982
20230629093001850,6.74,6.73,6.738144454517982
20230629093001870,6.74,6.73,6.738147254073627
20230629093001880,6.74,6.73,6.738159159159159
20230629093001890,6.74,6.72,6.738134730538922
20230629093001900,6.74,6.72,6.738134730538922
20230629093001910,6.74,6.72,6.738134730538922
20230629093001920,6.74,6.72,6.738134730538922
20230629093003030,6.74,6.72,6.738134730538922
20230629093003040,6.74,6.75,6.738134730538922
20230629093003050,6.74,6.75,6.738134730538922
20230629093003060,6.74,6.75,6.738134730538922
20230629093003070,6.74,6.75,6.738134730538922
20230629093003100,6.74,6.75,6.738134730538922
20230629093003110,6.74,6.75,6.738134730538922
20230629093003140,6.74,6.75,6.738134730538922
20230629093003150,6.74,6.75,6.738134730538922
20230629093003200,6.74,6.75,6.738134730538922
20230629093003220,6.74,6.75,6.738134730538922
20230629093003240,6.74,6.75,6.738134730538922
20230629093003260,6.73,6.75,6.738134730538922
20230629093003280,6.73,6.75,6.738185316755477
20230629093003290,6.73,6.75,6.738185316755477
20230629093003300,6.73,6.75,6.738185316755477
20230629093003310,6.73,6.75,6.738185316755477
20230629093003320,6.73,6.75,6.738185316755477
20230629093003330,6.73,6.75,6.738185316755477
20230629093003360,6.73,6.75,6.738185316755477
20230629093003390,6.74,6.75,6.7382332259009665
20230629093003400,6.74,6.75,6.7382332259009665
20230629093003430,6.74,6.75,6.7382332259009665
20230629093003450,6.74,6.75,6.7382332259009665
20230629093003460,6.74,6.75,6.7382332259009665
20230629093003500,6.74,6.75,6.7382332259009665
20230629093003530,6.74,6.75,6.7382332259009665
20230629093003540,6.74,6.75,6.7382332259009665
20230629093003550,6.74,6.73,6.7382332259009665
20230629093003570,6.74,6.73,6.7382332259009665
20230629093003580,6.74,6.73,6.7382332259009665
20230629093003590,6.74,6.73,6.7382332259009665
20230629093003610,6.74,6.73,6.7382332259009665
20230629093003620,6.74,6.73,6.7382332259009665
20230629093003640,6.74,6.73,6.7382332259009665
20230629093003660,6.74,6.73,6.7382332259009665
20230629093003680,6.74,6.73,6.7382332259009665
20230629093003690,6.74,6.73,6.7382332259009665
20230629093003700,6.74,6.73,6.7382332259009665
20230629093003710,6.74,6.73,6.7382332259009665
20230629093003730,6.74,6.73,6.7382332259009665
20230629093003740,6.74,6.73,6.7382332259009665
20230629093003750,6.74,6.74,6.7382332259009665
20230629093003770,6.74,6.74,6.7382332259009665
20230629093003780,6.74,6.74,6.738353591160221
20230629093003790,6.74,6.74,6.738353591160221
20230629093003820,6.74,6.74,6.738353591160221
20230629093003830,6.74,6.74,6.738353591160221
20230629093003850,6.74,6.74,6.738353591160221
20230629093003860,6.74,6.74,6.738353591160221
20230629093003870,6.74,6.74,6.738353591160221
20230629093003920,6.74,6.74,6.738353591160221
20230629093003930,6.74,6.74,6.738353591160221
20230629093003940,6.74,6.74,6.738353591160221
20230629093003970,6.74,6.74,6.738353591160221
20230629093003980,6.74,6.74,6.738353591160221
20230629093003990,6.74,6.74,6.738353591160221
20230629093004010,6.74,6.74,6.738353591160221
20230629093004020,6.74,6.74,6.738353591160221
20230629093004030,6.75,6.74,6.738470332063146
20230629093004070,6.75,6.74,6.738470332063146
20230629093004110,6.75,6.74,6.738470332063146
20230629093004130,6.75,6.74,6.738470332063146
20230629093004140,6.75,6.74,6.738470332063146
20230629093004150,6.75,6.74,6.738529332976158
20230629093004160,6.75,6.73,6.738529332976158
20230629093004170,6.75,6.73,6.738529332976158
20230629093004200,6.75,6.73,6.738529332976158
20230629093004220,6.75,6.73,6.738529332976158
20230629093004230,6.75,6.74,6.738540223761321
20230629093004250,6.75,6.73,6.738540223761321
20230629093004270,6.75,6.73,6.738540223761321
20230629093004320,6.75,6.73,6.738540223761321
20230629093006720,6.75,6.73,6.738540223761321
20230629093006730,6.75,6.74,6.738540223761321
20230629093006830,6.75,6.74,6.738540223761321
20230629093006860,6.75,6.74,6.738540223761321
20230629093006980,6.75,6.73,6.738540223761321
20230629093007050,6.75,6.73,6.738540223761321
20230629093007060,6.75,6.73,6.738540223761321
20230629093007110,6.75,6.73,6.738540223761321
20230629093007120,6.75,6.73,6.738540223761321
20230629093007140,6.75,6.73,6.738540223761321
20230629093007150,6.75,6.73,6.738540223761321
20230629093007160,6.75,6.73,6.738540223761321
20230629093007170,6.75,6.73,6.738540223761321
20230629093007180,6.75,6.73,6.738540223761321
20230629093007190,6.75,6.73,6.738540223761321
20230629093007260,6.75,6.73,6.738540223761321
20230629093007300,6.75,6.73,6.738540223761321
20230629093007430,6.75,6.73,6.738800203355363
20230629093007440,6.75,6.73,6.738800203355363
20230629093007460,6.75,6.73,6.738800203355363
20230629093007470,6.75,6.73,6.738800203355363
20230629093007480,6.75,6.74,6.738800203355363
20230629093007580,6.75,6.74,6.738829010324856
20230629093007680,6.75,6.73,6.738829010324856
20230629093007700,6.75,6.74,6.738829010324856
20230629093007810,6.75,6.74,6.739387949511788
20230629093007820,6.75,6.74,6.739387949511788
20230629093007830,6.75,6.73,6.739387949511788
20230629093007840,6.75,6.73,6.739387949511788
20230629093008140,6.75,6.74,6.739387949511788
20230629093008300,6.75,6.74,6.739387949511788
20230629093008330,6.75,6.74,6.739387949511788
20230629093008430,6.75,6.74,6.73941244774733
20230629093008450,6.75,6.74,6.73941244774733
20230629093008460,6.75,6.74,6.739485701107011
20230629093008500,6.75,6.74,6.7395579477782865
20230629093008550,6.75,6.74,6.7395675057208235
20230629093008620,6.75,6.74,6.7395675057208235
20230629093008660,6.75,6.74,6.7395675057208235
20230629093008690,6.75,6.74,6.739591510725696
20230629093008730,6.75,6.74,6.739591510725696
20230629093008760,6.75,6.74,6.739591510725696
20230629093008800,6.75,6.74,6.739591510725696
20230629093008850,6.75,6.74,6.739591510725696
20230629093009200,6.75,6.74,6.739591510725696
20230629093012990,6.75,6.74,6.739591510725696
20230629093013000,6.75,6.74,6.739591510725696
20230629093013130,6.75,6.74,6.739591510725696
20230629093013660,6.75,6.74,6.739591510725696
20230629093013750,6.75,6.74,6.739591510725696
20230629093013840,6.75,6.74,6.739591510725696
20230629093014000,6.75,6.74,6.739591510725696
20230629093014050,6.75,6.74,6.739591510725696
20230629093014210,6.75,6.74,6.739591510725696
20230629093014350,6.75,6.74,6.739591510725696
20230629093014360,6.75,6.74,6.739591510725696
20230629093014370,6.75,6.74,6.739591510725696
20230629093014390,6.75,6.74,6.739591510725696
20230629093014520,6.75,6.75,6.739591510725696
20230629093014530,6.75,6.75,6.739591510725696
20230629093014560,6.75,6.75,6.739591510725696
20230629093014580,6.75,6.75,6.739591510725696
20230629093014600,6.75,6.75,6.739591510725696
20230629093014890,6.75,6.75,6.739591510725696
20230629093016610,6.75,6.75,6.739591510725696
20230629093016650,6.75,6.75,6.739591510725696
20230629093016990,6.75,6.75,6.739591510725696
20230629093017130,6.75,6.75,6.739591510725696
20230629093017180,6.75,6.75,6.739591510725696
20230629093017300,6.75,6.75,6.739591510725696
20230629093017310,6.75,6.75,6.739591510725696
20230629093017320,6.75,6.75,6.739892355008787
20230629093017570,6.75,6.75,6.739892355008787
20230629093017610,6.75,6.75,6.739892355008787
20230629093017660,6.75,6.75,6.739892355008787
20230629093017670,6.75,6.75,6.739892355008787
20230629093017730,6.75,6.75,6.74
20230629093019280,6.75,6.75,6.74
20230629093019290,6.75,6.75,6.74
20230629093019310,6.75,6.75,6.74
20230629093019380,6.75,6.75,6.74
20230629093019500,6.75,6.75,6.74
20230629093019560,6.75,6.75,6.74
20230629093019740,6.75,6.75,6.74
20230629093020130,6.75,6.74,6.74
20230629093020160,6.75,6.74,6.740332914572864
20230629093020420,6.75,6.74,6.740349080267559
20230629093021990,6.75,6.74,6.740369211514393
20230629093022110,6.75,6.74,6.740369211514393
20230629093022160,6.75,6.74,6.740370447450572
20230629093022170,6.75,6.74,6.740372451102788
20230629093022190,6.75,6.74,6.740372451102788
20230629093022200,6.75,6.74,6.740387645107794
20230629093022580,6.75,6.74,6.740387645107794
20230629093022670,6.75,6.74,6.740389637305699
20230629093022740,6.75,6.74,6.740391628677994
20230629093022750,6.75,6.74,6.740391628677994
20230629093022820,6.75,6.74,6.740391628677994
20230629093022830,6.75,6.74,6.740391628677994
20230629093022890,6.75,6.74,6.7403956089478045
20230629093022980,6.75,6.74,6.7403956089478045
20230629093023210,6.75,6.74,6.7403956089478045
20230629093025070,6.75,6.74,6.7403956089478045
20230629093025080,6.75,6.74,6.7403956089478045
20230629093025100,6.75,6.74,6.7403956089478045
20230629093025110,6.75,6.74,6.7403956089478045
20230629093025140,6.75,6.74,6.7403956089478045
20230629093025340,6.75,6.74,6.740727200476853
20230629093025480,6.75,6.74,6.740727200476853
20230629093025510,6.75,6.74,6.740727200476853
20230629093025640,6.75,6.74,6.740727200476853
20230629093025670,6.75,6.75,6.740727200476853
20230629093025680,6.75,6.75,6.740727200476853
20230629093025720,6.75,6.75,6.740727200476853
20230629093025730,6.75,6.75,6.740727200476853
20230629093025830,6.75,6.75,6.740787603632056
20230629093027450,6.75,6.75,6.740787603632056
20230629093027470,6.75,6.75,6.740787603632056
20230629093027490,6.75,6.75,6.740787603632056
20230629093027520,6.75,6.75,6.740796687043976
20230629093027530,6.75,6.75,6.740798501577287
20230629093027700,6.75,6.75,6.74080031539523
20230629093027720,6.75,6.75,6.74080031539523
20230629093027760,6.75,6.75,6.74080031539523
20230629093027970,6.75,6.75,6.74080031539523
20230629093028060,6.75,6.75,6.74080031539523
20230629093028070,6.75,6.75,6.7408111833038
20230629093028090,6.75,6.75,6.740812992125984
20230629093028170,6.75,6.75,6.740812992125984
20230629093028230,6.75,6.75,6.74086156256119
20230629093028320,6.75,6.75,6.740874071177161
20230629093028400,6.75,6.75,6.740874071177161
20230629093028430,6.75,6.75,6.740874071177161
20230629093028460,6.75,6.75,6.740874071177161
20230629093030120,6.75,6.75,6.740874071177161
20230629093030220,6.75,6.75,6.740874071177161
20230629093030270,6.75,6.75,6.740874071177161
20230629093030420,6.75,6.75,6.740874071177161
20230629093030490,6.75,6.75,6.740874071177161
20230629093030530,6.75,6.75,6.740874071177161
20230629093030550,6.75,6.75,6.740874071177161
20230629093030560,6.75,6.75,6.740874071177161
20230629093030590,6.75,6.75,6.740874071177161
20230629093030630,6.75,6.75,6.740874071177161
20230629093030680,6.75,6.75,6.740874071177161
20230629093030720,6.75,6.75,6.740874071177161
20230629093030760,6.75,6.75,6.741194765787976
20230629093030890,6.75,6.75,6.741194765787976
20230629093030940,6.75,6.75,6.741194765787976
20230629093031010,6.75,6.75,6.741194765787976
20230629093031030,6.75,6.75,6.741194765787976
20230629093031080,6.75,6.75,6.741194765787976
20230629093031100,6.75,6.75,6.741194765787976
20230629093031120,6.75,6.75,6.741194765787976
20230629093031180,6.75,6.75,6.741194765787976
20230629093031290,6.75,6.75,6.741194765787976
20230629093031310,6.75,6.75,6.741194765787976
20230629093033000,6.75,6.75,6.741194765787976
20230629093033110,6.75,6.75,6.741194765787976
20230629093033160,6.75,6.75,6.741194765787976
20230629093033180,6.75,6.75,6.741194765787976
20230629093033300,6.75,6.75,6.741194765787976
20230629093033320,6.75,6.75,6.741194765787976
20230629093033350,6.75,6.75,6.741194765787976
20230629093033360,6.75,6.75,6.741194765787976
20230629093033820,6.75,6.75,6.741194765787976
20230629093034030,6.75,6.75,6.741903126694379
20230629093035540,6.75,6.75,6.741903126694379
20230629093035630,6.75,6.75,6.741903126694379
20230629093035650,6.75,6.75,6.741903126694379
20230629093035770,6.75,6.75,6.741903126694379
20230629093035790,6.75,6.75,6.741903126694379
20230629093036120,6.75,6.75,6.741903126694379
20230629093036180,6.75,6.75,6.741910436980859
20230629093036190,6.75,6.75,6.741910436980859
20230629093036230,6.75,6.75,6.741910436980859
20230629093036310,6.75,6.75,6.741910436980859
20230629093036490,6.75,6.75,6.741910436980859
20230629093036560,6.75,6.75,6.741913357400722
20230629093036600,6.75,6.75,6.741913357400722
20230629093036620,6.75,6.75,6.741913357400722
20230629093036710,6.75,6.75,6.741913357400722
20230629093036730,6.75,6.75,6.741949685534591
20230629093038220,6.75,6.75,6.741949685534591
20230629093038370,6.75,6.75,6.741994281629736
20230629093038400,6.75,6.74,6.742193761979439
20230629093038430,6.75,6.74,6.742193761979439
20230629093038450,6.75,6.74,6.74248069822088
20230629093038550,6.75,6.74,6.74248069822088
20230629093038620,6.75,6.74,6.742506544502618
20230629093038660,6.75,6.74,6.742506544502618
20230629093038670,6.75,6.74,6.742491462026345
20230629093038850,6.75,6.74,6.742491462026345
20230629093038870,6.75,6.74,6.742491462026345
20230629093038880,6.75,6.74,6.742491462026345
20230629093038910,6.75,6.74,6.742491462026345
20230629093038950,6.75,6.74,6.742491462026345
20230629093038980,6.75,6.74,6.742491462026345
20230629093039110,6.75,6.74,6.742491462026345
20230629093039320,6.75,6.74,6.742491462026345
20230629093039360,6.75,6.74,6.742491462026345
20230629093039430,6.75,6.74,6.742491462026345
20230629093041010,6.75,6.74,6.742491462026345
20230629093041200,6.75,6.74,6.742491462026345
20230629093041210,6.75,6.74,6.742491462026345
20230629093041280,6.75,6.74,6.742491462026345
20230629093041330,6.75,6.74,6.742491462026345
20230629093041400,6.75,6.74,6.742491462026345
20230629093041470,6.75,6.74,6.742491462026345
20230629093041540,6.75,6.74,6.742491462026345
20230629093041600,6.75,6.74,6.742491462026345
20230629093041690,6.75,6.74,6.742491462026345
20230629093041710,6.75,6.74,6.742491462026345
20230629093041740,6.75,6.74,6.742491462026345
20230629093041780,6.75,6.74,6.742491462026345
20230629093041810,6.75,6.74,6.742491462026345
20230629093041830,6.75,6.74,6.742491462026345
20230629093041880,6.75,6.74,6.742491462026345
20230629093043770,6.75,6.74,6.742491462026345
20230629093044070,6.75,6.74,6.742491462026345
20230629093044100,6.75,6.74,6.742491462026345
20230629093044150,6.75,6.74,6.742491462026345
20230629093044160,6.75,6.74,6.742491462026345
20230629093044190,6.75,6.74,6.742617524784138
20230629093044270,6.75,6.74,6.742617524784138
20230629093044310,6.75,6.74,6.742617524784138
20230629093044510,6.75,6.74,6.742617524784138
20230629093044570,6.75,6.74,6.742617524784138
20230629093044580,6.75,6.74,6.742617524784138
20230629093044660,6.75,6.74,6.742617524784138
20230629093044700,6.75,6.74,6.742617524784138
20230629093046290,6.75,6.75,6.742617524784138
20230629093046350,6.75,6.75,6.742617524784138
20230629093046390,6.75,6.75,6.742617524784138
20230629093046510,6.75,6.74,6.742617524784138
20230629093046530,6.75,6.74,6.742617524784138
20230629093046570,6.75,6.74,6.742617524784138
20230629093046710,6.75,6.75,6.742617524784138
20230629093046740,6.75,6.75,6.742617524784138
20230629093046750,6.75,6.75,6.742617524784138
20230629093046830,6.75,6.75,6.742617524784138
20230629093046980,6.75,6.75,6.742617524784138
20230629093047000,6.75,6.75,6.742617524784138
20230629093047010,6.75,6.75,6.742617524784138
20230629093047120,6.75,6.75,6.742617524784138
20230629093047250,6.75,6.75,6.742617524784138
20230629093047280,6.75,6.75,6.742617524784138
20230629093047290,6.75,6.75,6.742617524784138
20230629093047320,6.75,6.75,6.742617524784138
20230629093047330,6.75,6.75,6.742617524784138
20230629093047350,6.75,6.75,6.742617524784138
20230629093047360,6.75,6.75,6.742617524784138
20230629093047370,6.75,6.75,6.742617524784138
20230629093047420,6.75,6.75,6.742617524784138
20230629093049000,6.75,6.75,6.742617524784138
20230629093049090,6.75,6.75,6.742617524784138
20230629093049100,6.75,6.75,6.742617524784138
20230629093049110,6.75,6.75,6.742617524784138
20230629093049120,6.75,6.75,6.743031997514756
20230629093049150,6.75,6.75,6.743031997514756
20230629093049270,6.76,6.75,6.74390452335347
20230629093049410,6.77,6.75,6.7461493597058455
20230629093049420,6.77,6.75,6.7461493597058455
20230629093049430,6.77,6.75,6.746411245179749
20230629093049450,6.76,6.75,6.746411245179749
20230629093049560,6.76,6.75,6.746411245179749
20230629093049580,6.77,6.75,6.746583149103414
20230629093049590,6.77,6.75,6.746583149103414
20230629093049600,6.77,6.75,6.746583149103414
20230629093049630,6.77,6.76,6.746583149103414
20230629093049690,6.77,6.76,6.746583149103414
20230629093049760,6.77,6.76,6.746583149103414
20230629093049820,6.77,6.76,6.746583149103414
20230629093049900,6.77,6.76,6.746588090853284
20230629093049950,6.77,6.76,6.746588090853284
20230629093050010,6.77,6.76,6.746588090853284
20230629093050050,6.77,6.76,6.746588090853284
20230629093050070,6.77,6.76,6.746588090853284
20230629093050080,6.77,6.76,6.746612705420652
20230629093050090,6.77,6.76,6.746612705420652
20230629093051750,6.77,6.76,6.746612705420652
20230629093051940,6.77,6.75,6.7466617969320675
20230629093051950,6.77,6.76,6.7466617969320675
20230629093052080,6.77,6.76,6.746792544178165
20230629093052090,6.77,6.76,6.746803774497943
20230629093052100,6.77,6.76,6.746880877742947
20230629093052120,6.77,6.76,6.746880877742947
20230629093052140,6.77,6.76,6.746880877742947
20230629093052400,6.77,6.76,6.746880877742947
20230629093052440,6.77,6.76,6.746880877742947
20230629093052510,6.77,6.76,6.746880877742947
20230629093052710,6.77,6.76,6.747210601378654
20230629093052720,6.77,6.76,6.747515243902439
20230629093052780,6.77,6.76,6.747529866479269
20230629093052790,6.77,6.76,6.747529866479269
20230629093052800,6.77,6.76,6.747529866479269
20230629093052840,6.77,6.76,6.747529866479269
20230629093052850,6.77,6.76,6.747618327712525
20230629093052880,6.77,6.76,6.7476857971014494
20230629093052890,6.77,6.76,6.747747716499017
20230629093054400,6.77,6.76,6.747747716499017
20230629093054450,6.77,6.76,6.747747716499017
20230629093054500,6.77,6.76,6.747747716499017
20230629093054780,6.77,6.76,6.747747716499017
20230629093054930,6.77,6.76,6.747747716499017
20230629093055000,6.77,6.76,6.747747716499017
20230629093055040,6.77,6.76,6.747747716499017
20230629093055070,6.77,6.76,6.747747716499017
20230629093055080,6.77,6.76,6.747747716499017
20230629093055100,6.77,6.76,6.747747716499017
20230629093055120,6.76,6.76,6.747747716499017
20230629093055140,6.76,6.76,6.747747716499017
20230629093055180,6.76,6.76,6.747747716499017
20230629093055200,6.76,6.76,6.747747716499017
20230629093055220,6.76,6.76,6.747747716499017
20230629093055290,6.76,6.76,6.747747716499017
20230629093055300,6.76,6.76,6.747747716499017
20230629093055330,6.76,6.76,6.747789813321042
20230629093055340,6.77,6.76,6.7477949308755765
20230629093055410,6.77,6.76,6.7477949308755765
20230629093055470,6.77,6.76,6.7477949308755765
20230629093055550,6.77,6.76,6.7477949308755765
20230629093057080,6.77,6.76,6.7477949308755765
20230629093057120,6.77,6.76,6.7477949308755765
20230629093057170,6.77,6.76,6.7477949308755765
20230629093057180,6.77,6.76,6.7477949308755765
20230629093057250,6.77,6.76,6.7477949308755765
20230629093057310,6.77,6.76,6.7477949308755765
20230629093057460,6.77,6.76,6.7477949308755765
20230629093057560,6.77,6.76,6.7477949308755765
20230629093057680,6.77,6.76,6.7477949308755765
20230629093057700,6.77,6.76,6.7477949308755765
20230629093057740,6.77,6.76,6.7477949308755765
20230629093057760,6.77,6.76,6.7477949308755765
20230629093057840,6.77,6.76,6.7477949308755765
20230629093057960,6.77,6.76,6.7477949308755765
20230629093058000,6.77,6.76,6.7477949308755765
20230629093058090,6.77,6.76,6.7477949308755765
20230629093058100,6.77,6.76,6.7477949308755765
20230629093058110,6.77,6.76,6.7477949308755765
20230629093058300,6.77,6.76,6.7477949308755765
20230629093059790,6.77,6.76,6.7477949308755765
20230629093059850,6.77,6.76,6.7477949308755765
20230629093059880,6.77,6.76,6.7477949308755765
20230629093059910,6.77,6.76,6.7477949308755765
20230629093059980,6.77,6.76,6.7477949308755765
20230629093100080,6.77,6.76,6.7477949308755765
20230629093100090,6.77,6.76,6.7477949308755765
20230629093100190,6.77,6.76,6.748193083248846
20230629093100230,6.77,6.76,6.748193083248846
20230629093100250,6.77,6.76,6.748202905078257
20230629093100370,6.77,6.76,6.748202905078257
20230629093100530,6.77,6.76,6.748202905078257
20230629093100600,6.77,6.76,6.748202905078257
20230629093100640,6.77,6.76,6.748202905078257
20230629093100730,6.77,6.76,6.748349177944301
20230629093100760,6.77,6.76,6.748349177944301
20230629093100860,6.77,6.76,6.748349177944301
20230629093100900,6.77,6.76,6.748349177944301
20230629093100950,6.77,6.76,6.748349177944301
20230629093102540,6.77,6.76,6.748349177944301
20230629093102610,6.77,6.76,6.748349177944301
20230629093102640,6.77,6.77,6.748349177944301
20230629093102710,6.77,6.77,6.748349177944301
20230629093102780,6.77,6.77,6.748349177944301
20230629093102800,6.77,6.77,6.748349177944301
20230629093102820,6.77,6.77,6.748349177944301
20230629093102890,6.77,6.77,6.748349177944301
20230629093102990,6.77,6.77,6.748349177944301
20230629093103030,6.77,6.77,6.748349177944301
20230629093103170,6.77,6.77,6.748349177944301
20230629093103190,6.77,6.77,6.748349177944301
20230629093103210,6.77,6.77,6.748349177944301
20230629093103230,6.77,6.77,6.748349177944301
20230629093103270,6.77,6.77,6.748349177944301
20230629093103280,6.77,6.77,6.748349177944301
20230629093103350,6.77,6.77,6.748349177944301
20230629093103400,6.77,6.77,6.748349177944301
20230629093103550,6.77,6.77,6.748349177944301
20230629093103640,6.77,6.77,6.748349177944301
20230629093103660,6.77,6.77,6.748349177944301
20230629093103700,6.77,6.77,6.748349177944301
20230629093105180,6.77,6.77,6.748349177944301
20230629093105240,6.77,6.77,6.7484691605433085
20230629093105420,6.77,6.77,6.7484691605433085
20230629093105450,6.77,6.77,6.7484691605433085
20230629093105470,6.77,6.77,6.7484691605433085
20230629093105500,6.77,6.77,6.7484691605433085
20230629093105520,6.77,6.77,6.7484691605433085
20230629093105540,6.77,6.77,6.7484691605433085
20230629093105780,6.77,6.77,6.7484691605433085
20230629093105790,6.77,6.77,6.7484691605433085
20230629093105820,6.77,6.77,6.7484691605433085
20230629093105960,6.77,6.77,6.7484691605433085
20230629093105990,6.77,6.77,6.7484691605433085
20230629093106170,6.77,6.77,6.7484691605433085
20230629093106190,6.77,6.77,6.748598514247699
20230629093106320,6.77,6.77,6.748598514247699
20230629093106340,6.77,6.77,6.748598514247699
20230629093106360,6.77,6.77,6.748598514247699
20230629093107930,6.77,6.77,6.748598514247699
20230629093107990,6.77,6.77,6.748598514247699
20230629093108060,6.77,6.77,6.748598514247699
20230629093108120,6.77,6.77,6.748598514247699
20230629093108210,6.77,6.77,6.748598514247699
20230629093108260,6.77,6.77,6.748598514247699
20230629093108370,6.77,6.77,6.748598514247699
20230629093108500,6.77,6.77,6.748598514247699
20230629093108540,6.77,6.77,6.748598514247699
20230629093108590,6.77,6.77,6.748598514247699
20230629093108600,6.77,6.77,6.748598514247699
20230629093108630,6.77,6.77,6.748598514247699
20230629093108780,6.77,6.77,6.748598514247699
20230629093108840,6.77,6.77,6.748598514247699
20230629093108930,6.77,6.77,6.748643711248893
20230629093109100,6.77,6.77,6.748980284775466
20230629093110790,6.77,6.77,6.748980284775466
20230629093110810,6.77,6.77,6.748980284775466
20230629093110830,6.77,6.77,6.748980284775466
20230629093110840,6.77,6.77,6.748980284775466
20230629093111150,6.77,6.77,6.749005579258287
20230629093111270,6.77,6.77,6.749334343543674
20230629093111370,6.77,6.77,6.749334343543674
20230629093111550,6.77,6.77,6.749334343543674
20230629093111740,6.77,6.77,6.749413796826082
20230629093113260,6.77,6.77,6.749413796826082
20230629093113330,6.77,6.77,6.749413796826082
20230629093113360,6.77,6.77,6.749545307965173
20230629093113470,6.77,6.77,6.749571474599936
20230629093113540,6.77,6.77,6.749574742268042
20230629093113610,6.77,6.77,6.749574742268042
20230629093113720,6.77,6.77,6.749579128194116
20230629093113960,6.77,6.77,6.749579128194116
20230629093114210,6.77,6.77,6.749636772741884
20230629093114470,6.77,6.77,6.749643277986074
20230629093114520,6.77,6.77,6.749643277986074
20230629093116030,6.77,6.77,6.749685494223363
20230629093116080,6.77,6.77,6.749701699989308
20230629093116090,6.77,6.77,6.749727593205854
20230629093116100,6.77,6.77,6.749736252002136
20230629093116110,6.78,6.77,6.74982325383305
20230629093116120,6.78,6.77,6.749966090918724
20230629093116130,6.78,6.77,6.749977756593581
20230629093116160,6.78,6.77,6.749980936242322
20230629093116220,6.78,6.77,6.749980936242322
20230629093116230,6.78,6.77,6.749980936242322
20230629093116240,6.78,6.77,6.749980936242322
20230629093116290,6.78,6.77,6.749980936242322
20230629093116350,6.78,6.77,6.750012695725772
20230629093116360,6.78,6.77,6.750012695725772
20230629093116480,6.78,6.77,6.750014810113192
20230629093116490,6.78,6.77,6.750016924053311
20230629093116510,6.78,6.77,6.750019037546272
20230629093116530,6.78,6.77,6.750019037546272
20230629093116540,6.78,6.77,6.750019037546272
20230629093116590,6.78,6.77,6.750021150592216
20230629093116600,6.78,6.77,6.750021150592216
20230629093116670,6.78,6.77,6.750021150592216
20230629093116680,6.78,6.77,6.750021150592216
20230629093116690,6.78,6.77,6.750021150592216
20230629093116700,6.78,6.77,6.750084423807514
20230629093116810,6.78,6.77,6.750131703719313
20230629093116980,6.78,6.77,6.750131703719313
20230629093116990,6.78,6.77,6.750144286466561
20230629093117020,6.78,6.77,6.750144286466561
20230629093117040,6.78,6.77,6.750148467937243
20230629093117120,6.78,6.77,6.750148467937243
20230629093118670,6.78,6.77,6.750148467937243
20230629093118690,6.78,6.77,6.750148467937243
20230629093118750,6.78,6.77,6.750148467937243
20230629093118870,6.78,6.77,6.750148467937243
20230629093118940,6.78,6.77,6.750148467937243
20230629093118980,6.78,6.77,6.750148467937243
20230629093119030,6.78,6.77,6.750148467937243
20230629093119060,6.78,6.77,6.750148467937243
20230629093119100,6.78,6.77,6.750148467937243
20230629093119150,6.78,6.77,6.750238295192106
20230629093119180,6.78,6.77,6.750238295192106
20230629093119230,6.78,6.77,6.750238295192106
20230629093119290,6.78,6.77,6.750238295192106
20230629093119310,6.78,6.77,6.750238295192106
20230629093119340,6.78,6.77,6.750238295192106
20230629093119430,6.78,6.77,6.750238295192106
20230629093119450,6.78,6.77,6.750238295192106
20230629093119600,6.78,6.77,6.750238295192106
20230629093119680,6.78,6.77,6.750238295192106
20230629093119770,6.78,6.77,6.750309980102629
20230629093119800,6.78,6.77,6.750309980102629
20230629093119840,6.78,6.77,6.750309980102629
20230629093119860,6.78,6.77,6.750309980102629
20230629093119880,6.78,6.77,6.750309980102629
20230629093121550,6.78,6.77,6.750309980102629
20230629093121570,6.78,6.77,6.750309980102629
20230629093121610,6.78,6.77,6.750309980102629
20230629093121630,6.78,6.77,6.750309980102629
20230629093121690,6.78,6.77,6.750776048644749
20230629093121730,6.78,6.77,6.750776048644749
20230629093121740,6.78,6.77,6.750776048644749
20230629093121760,6.78,6.77,6.750776048644749
20230629093121880,6.78,6.77,6.750776048644749
20230629093121900,6.78,6.77,6.750776048644749
20230629093121950,6.78,6.77,6.750776048644749
20230629093121960,6.78,6.77,6.750776048644749
20230629093122110,6.78,6.77,6.750776048644749
20230629093122120,6.78,6.77,6.750776048644749
20230629093122130,6.78,6.77,6.750860137704244
20230629093122310,6.78,6.77,6.750860137704244
20230629093122400,6.78,6.77,6.750860137704244
20230629093122440,6.78,6.77,6.750860137704244
20230629093122510,6.78,6.77,6.750860137704244
20230629093122590,6.78,6.77,6.750860137704244
20230629093122610,6.78,6.77,6.7531197269883405
20230629093124060,6.78,6.77,6.7531197269883405
20230629093124140,6.78,6.77,6.7531197269883405
20230629093124150,6.78,6.77,6.7531197269883405
20230629093124250,6.78,6.77,6.753142640651639
20230629093124470,6.78,6.77,6.753142640651639
20230629093124490,6.78,6.77,6.753161131611316
20230629093124610,6.78,6.77,6.75316367076632
20230629093124720,6.78,6.77,6.75316367076632
20230629093124840,6.78,6.77,6.75316367076632
20230629093124860,6.78,6.77,6.753168747635263
20230629093124900,6.78,6.77,6.753168747635263
20230629093124970,6.78,6.77,6.753183966723388
20230629093125060,6.78,6.77,6.753224466679252
20230629093125070,6.78,6.78,6.753492196990935
20230629093125090,6.78,6.78,6.753848990504287
20230629093125130,6.78,6.78,6.753851401179941
20230629093125140,6.78,6.78,6.75421038276207
20230629093125200,6.78,6.77,6.7543059822880895
20230629093125250,6.78,6.77,6.7543059822880895
20230629093125260,6.78,6.77,6.7543059822880895
20230629093126770,6.78,6.77,6.754410865263536
20230629093126810,6.78,6.77,6.754410865263536
20230629093126820,6.78,6.77,6.754410865263536
20230629093126900,6.78,6.77,6.754410865263536
20230629093126960,6.78,6.77,6.754459107639824
20230629093126970,6.78,6.77,6.754459107639824
20230629093127010,6.78,6.77,6.754459107639824
20230629093127020,6.78,6.77,6.754459107639824
20230629093127060,6.78,6.77,6.754459107639824
20230629093127070,6.78,6.77,6.754459107639824
20230629093127120,6.78,6.77,6.754459107639824
20230629093127180,6.78,6.77,6.754459107639824
20230629093127230,6.78,6.77,6.754459107639824
20230629093127240,6.78,6.77,6.754523148562729
20230629093127250,6.78,6.77,6.754523148562729
20230629093127300,6.78,6.77,6.75453455066237
20230629093127380,6.78,6.77,6.75455732427115
20230629093127450,6.78,6.77,6.754559599391934
20230629093127510,6.78,6.77,6.754702116308021
20230629093127530,6.78,6.77,6.754960394296779
20230629093127540,6.78,6.77,6.755006588772731
20230629093127590,6.78,6.77,6.755006588772731
20230629093127600,6.78,6.77,6.755006588772731
20230629093127680,6.78,6.77,6.755006588772731
20230629093127690,6.78,6.77,6.755008784258608
20230629093127750,6.78,6.77,6.755008784258608
20230629093127780,6.78,6.77,6.755021949078139
20230629093127810,6.78,6.77,6.755046048592229
20230629093127820,6.78,6.77,6.755046048592229
20230629093127910,6.78,6.77,6.755046048592229
20230629093127950,6.78,6.77,6.755091927858519
20230629093127960,6.78,6.77,6.755091927858519
20230629093128020,6.78,6.77,6.755096288515406
20230629093129600,6.78,6.77,6.755096288515406
20230629093129660,6.78,6.77,6.755096288515406
20230629093130000,6.78,6.77,6.755096288515406
20230629093130050,6.78,6.77,6.755096288515406
20230629093130080,6.78,6.77,6.755096288515406
20230629093130120,6.78,6.77,6.7552199235048676
20230629093130130,6.78,6.77,6.755230194579569
20230629093130150,6.78,6.77,6.755232760118117
20230629093130160,6.78,6.77,6.755234042553192
20230629093130200,6.78,6.77,6.755234042553192
20230629093130240,6.78,6.77,6.755234042553192
20230629093130260,6.78,6.77,6.755234042553192
20230629093130310,6.78,6.77,6.755234042553192
20230629093130400,6.78,6.77,6.755234042553192
20230629093130430,6.78,6.77,6.755234042553192
20230629093130440,6.78,6.77,6.755234042553192
20230629093130450,6.78,6.77,6.755366675304483
20230629093130510,6.78,6.77,6.755373056994818
20230629093130520,6.78,6.77,6.755400672819805
20230629093130600,6.78,6.77,6.755400672819805
20230629093130610,6.78,6.77,6.755400672819805
20230629093130670,6.78,6.77,6.755400672819805
20230629093130680,6.78,6.77,6.755400672819805
20230629093132220,6.78,6.77,6.755400672819805
20230629093132310,6.78,6.77,6.755400672819805
20230629093132340,6.78,6.77,6.755400672819805
20230629093132350,6.78,6.77,6.755400672819805
20230629093132360,6.78,6.77,6.755400672819805
20230629093132370,6.78,6.77,6.755400672819805
20230629093132420,6.78,6.77,6.755400672819805
20230629093132510,6.78,6.77,6.755400672819805
20230629093132520,6.78,6.77,6.755400672819805
20230629093132570,6.78,6.77,6.755400672819805
20230629093132600,6.78,6.77,6.755400672819805
20230629093132610,6.78,6.77,6.7556547720676114
20230629093132620,6.78,6.77,6.7556547720676114
20230629093132670,6.78,6.77,6.7556547720676114
20230629093132680,6.78,6.77,6.7556547720676114
20230629093132780,6.78,6.77,6.7556547720676114
20230629093132800,6.78,6.77,6.7556547720676114
20230629093132850,6.78,6.77,6.7556547720676114
20230629093132970,6.78,6.77,6.755685906726916
20230629093133020,6.78,6.78,6.756818403511624
20230629093133030,6.78,6.78,6.756818403511624
20230629093133040,6.78,6.78,6.756820287734699
20230629093133060,6.78,6.78,6.757191074142206
20230629093133070,6.78,6.78,6.7572329554526585
20230629093133090,6.78,6.78,6.7572329554526585
20230629093133100,6.78,6.78,6.757325276298005
20230629093133230,6.78,6.78,6.757361276494404
20230629093133280,6.78,6.78,6.757361276494404
20230629093133300,6.78,6.78,6.757361276494404
20230629093133310,6.78,6.78,6.757361276494404
20230629093133410,6.78,6.78,6.757361276494404
20230629093134870,6.78,6.78,6.757363073503731
20230629093134890,6.78,6.78,6.757363073503731
20230629093134990,6.78,6.78,6.757363073503731
20230629093135110,6.78,6.78,6.757363073503731
20230629093135140,6.78,6.78,6.757363073503731
20230629093135170,6.78,6.78,6.7573648702277955
20230629093135190,6.78,6.78,6.757368462820411
20230629093135240,6.78,6.78,6.757368462820411
20230629093135250,6.78,6.78,6.757368462820411
20230629093135260,6.78,6.78,6.757368462820411
20230629093135280,6.78,6.78,6.757368462820411
20230629093135390,6.78,6.78,6.757372054272792
20230629093135470,6.78,6.78,6.757372054272792
20230629093135540,6.78,6.78,6.757372054272792
20230629093135570,6.78,6.78,6.757372054272792
20230629093135580,6.78,6.78,6.757372054272792
20230629093135640,6.78,6.78,6.757372054272792
20230629093135840,6.78,6.78,6.757372054272792
20230629093136070,6.78,6.78,6.757372054272792
20230629093136120,6.78,6.78,6.757372054272792
20230629093137580,6.78,6.78,6.757372054272792
20230629093137650,6.78,6.78,6.757372054272792
20230629093137830,6.78,6.78,6.757372054272792
20230629093137950,6.78,6.78,6.757372054272792
20230629093138060,6.78,6.78,6.757525415714398
20230629093138240,6.78,6.78,6.757525415714398
20230629093138390,6.78,6.78,6.757525415714398
20230629093138570,6.78,6.78,6.757525415714398
20230629093138580,6.78,6.78,6.757525415714398
20230629093138590,6.78,6.78,6.757525415714398
20230629093138610,6.78,6.78,6.757525415714398
20230629093138690,6.78,6.78,6.757527186761229
20230629093138770,6.78,6.78,6.757527186761229
20230629093140260,6.78,6.78,6.757527186761229
20230629093140280,6.78,6.78,6.757527186761229
20230629093140310,6.78,6.78,6.757527186761229
20230629093140320,6.78,6.78,6.757527186761229
20230629093140390,6.78,6.78,6.757527186761229
20230629093140440,6.78,6.78,6.757527186761229
20230629093140450,6.78,6.78,6.757527186761229
20230629093140530,6.78,6.78,6.757527186761229
20230629093140590,6.78,6.78,6.757527186761229
20230629093140650,6.78,6.78,6.757527186761229
20230629093140760,6.78,6.78,6.757527186761229
20230629093140990,6.78,6.78,6.757527186761229
20230629093141010,6.78,6.78,6.757527186761229
20230629093141030,6.78,6.78,6.757527186761229
20230629093141150,6.78,6.78,6.757527186761229
20230629093141220,6.78,6.78,6.757527186761229
20230629093141260,6.78,6.78,6.757527186761229
20230629093141270,6.78,6.78,6.757527186761229
20230629093143090,6.78,6.78,6.757616466336711
20230629093143150,6.78,6.78,6.757616466336711
20230629093143330,6.78,6.78,6.757616466336711
20230629093143470,6.78,6.78,6.757616466336711
20230629093143530,6.78,6.78,6.757616466336711
20230629093143600,6.78,6.78,6.757616466336711
20230629093143620,6.78,6.78,6.757616466336711
20230629093143630,6.78,6.78,6.757616466336711
20230629093143640,6.78,6.78,6.757616466336711
20230629093143660,6.78,6.78,6.757616466336711
20230629093143720,6.78,6.78,6.757616466336711
20230629093143750,6.78,6.78,6.757616466336711
20230629093143780,6.78,6.78,6.757616466336711
20230629093143830,6.78,6.78,6.757616466336711
20230629093143850,6.78,6.78,6.757616466336711
20230629093143880,6.78,6.78,6.757616466336711
20230629093143940,6.78,6.78,6.757616466336711
20230629093144010,6.78,6.78,6.757616466336711
20230629093145920,6.78,6.78,6.757616466336711
20230629093145930,6.78,6.78,6.757616466336711
20230629093145990,6.78,6.78,6.757616466336711
20230629093146020,6.78,6.78,6.757616466336711
20230629093146040,6.78,6.78,6.757616466336711
20230629093146090,6.78,6.78,6.757616466336711
20230629093146180,6.78,6.78,6.757616466336711
20230629093146200,6.78,6.78,6.757616466336711
20230629093146280,6.78,6.78,6.757616466336711
20230629093146330,6.78,6.78,6.757616466336711
20230629093146420,6.78,6.78,6.757616466336711
20230629093146450,6.78,6.78,6.757616466336711
20230629093146520,6.78,6.78,6.757616466336711
20230629093146770,6.78,6.78,6.757616466336711
20230629093148520,6.78,6.78,6.757616466336711
20230629093148620,6.78,6.78,6.757616466336711
20230629093148680,6.78,6.78,6.757616466336711
20230629093148700,6.78,6.78,6.757616466336711
20230629093148730,6.78,6.78,6.757616466336711
20230629093148780,6.78,6.78,6.757616466336711
20230629093148800,6.78,6.78,6.757616466336711
20230629093148860,6.78,6.78,6.757616466336711
20230629093149030,6.78,6.78,6.757616466336711
20230629093149090,6.78,6.78,6.757616466336711
20230629093149100,6.78,6.78,6.757616466336711
20230629093149130,6.78,6.78,6.757616466336711
20230629093149150,6.78,6.78,6.757616466336711
20230629093149170,6.78,6.78,6.757616466336711
20230629093149220,6.78,6.78,6.757616466336711
20230629093149240,6.78,6.78,6.757616466336711
20230629093149260,6.78,6.78,6.757616466336711
20230629093149270,6.78,6.78,6.757616466336711
20230629093149290,6.78,6.78,6.757616466336711
20230629093149400,6.78,6.78,6.757616466336711
20230629093149450,6.78,6.78,6.757616466336711
20230629093149470,6.78,6.78,6.757616466336711
20230629093149540,6.78,6.78,6.757616466336711
20230629093151060,6.78,6.78,6.757616466336711
20230629093151140,6.78,6.78,6.757616466336711
20230629093151160,6.78,6.78,6.758177845917976
20230629093151170,6.78,6.78,6.758177845917976
20230629093151260,6.78,6.78,6.758177845917976
20230629093151270,6.78,6.78,6.758177845917976
20230629093151280,6.78,6.78,6.758177845917976
20230629093151290,6.78,6.78,6.758177845917976
20230629093151330,6.78,6.78,6.758177845917976
20230629093151410,6.78,6.78,6.758177845917976
20230629093151420,6.78,6.78,6.758177845917976
20230629093151490,6.78,6.78,6.758177845917976
20230629093151530,6.78,6.78,6.758177845917976
20230629093151600,6.78,6.78,6.758177845917976
20230629093151660,6.78,6.78,6.758276098901099
20230629093151770,6.78,6.78,6.758276098901099
20230629093151850,6.78,6.78,6.758276098901099
20230629093151860,6.78,6.78,6.758276098901099
20230629093151870,6.78,6.78,6.758276098901099
20230629093151880,6.78,6.78,6.758276098901099
20230629093151940,6.78,6.78,6.758276098901099
20230629093152010,6.78,6.78,6.758276098901099
20230629093152020,6.78,6.78,6.758276098901099
20230629093152080,6.78,6.78,6.758276098901099
20230629093152090,6.78,6.78,6.758276098901099
20230629093152270,6.78,6.78,6.758276098901099
20230629093153790,6.78,6.78,6.758276098901099
20230629093153870,6.78,6.78,6.758276098901099
20230629093153880,6.78,6.78,6.758276098901099
20230629093153930,6.78,6.78,6.758276098901099
20230629093154140,6.78,6.78,6.758276098901099
20230629093154160,6.78,6.78,6.758276098901099
20230629093154170,6.78,6.78,6.758276098901099
20230629093154210,6.78,6.78,6.758276098901099
20230629093154270,6.78,6.78,6.758276098901099
20230629093154280,6.78,6.78,6.758276098901099
20230629093154290,6.78,6.78,6.758276098901099
20230629093154320,6.78,6.78,6.75830681385611
20230629093154330,6.78,6.78,6.75830681385611
20230629093154370,6.78,6.78,6.75830681385611
20230629093154420,6.78,6.78,6.75830681385611
20230629093154520,6.78,6.78,6.75830681385611
20230629093154570,6.78,6.78,6.758381884387801
20230629093154610,6.78,6.78,6.758381884387801
20230629093154650,6.78,6.78,6.758381884387801
20230629093155000,6.78,6.78,6.758381884387801
20230629093156520,6.78,6.78,6.758387683907174
20230629093156540,6.78,6.78,6.758387683907174
20230629093156560,6.78,6.78,6.758387683907174
20230629093156590,6.78,6.78,6.758387683907174
20230629093156620,6.78,6.78,6.758387683907174
20230629093156650,6.78,6.78,6.758387683907174
20230629093156720,6.78,6.78,6.758387683907174
20230629093156900,6.78,6.78,6.758387683907174
20230629093156960,6.78,6.78,6.758387683907174
20230629093157010,6.78,6.78,6.758387683907174
20230629093157030,6.78,6.78,6.758387683907174
20230629093157050,6.78,6.78,6.758488828502416
20230629093157090,6.78,6.78,6.758488828502416
20230629093157310,6.78,6.78,6.758488828502416
20230629093157380,6.78,6.78,6.758488828502416
20230629093157440,6.78,6.78,6.758488828502416
20230629093157510,6.78,6.78,6.758488828502416
20230629093157520,6.78,6.78,6.758488828502416
20230629093157600,6.78,6.78,6.758488828502416
20230629093157680,6.78,6.78,6.758488828502416
20230629093157710,6.78,6.78,6.758488828502416
20230629093157720,6.78,6.78,6.758488828502416
20230629093159250,6.78,6.78,6.758488828502416
20230629093159270,6.78,6.78,6.758488828502416
20230629093159280,6.78,6.78,6.758488828502416
20230629093159310,6.78,6.78,6.758488828502416
20230629093159460,6.78,6.78,6.758488828502416
20230629093159480,6.78,6.78,6.758488828502416
20230629093159500,6.78,6.78,6.758488828502416
20230629093159550,6.78,6.78,6.758488828502416
20230629093159600,6.78,6.78,6.758488828502416
20230629093159630,6.78,6.78,6.758488828502416
20230629093159640,6.78,6.78,6.758488828502416
20230629093159660,6.78,6.78,6.758488828502416
20230629093159680,6.78,6.78,6.758488828502416
20230629093159740,6.78,6.77,6.7593313025819555
20230629093159800,6.78,6.77,6.7593313025819555
20230629093159840,6.78,6.77,6.7593313025819555
20230629093159880,6.78,6.77,6.7593313025819555
20230629093159920,6.78,6.77,6.7593313025819555
20230629093159980,6.78,6.77,6.7593313025819555
20230629093200020,6.78,6.77,6.7593313025819555
20230629093200100,6.78,6.77,6.759711258089752
20230629093200120,6.78,6.77,6.759711258089752
20230629093200160,6.78,6.77,6.759711258089752
20230629093200230,6.78,6.77,6.759711258089752
20230629093200260,6.78,6.77,6.759711258089752
20230629093200300,6.78,6.77,6.759711258089752
20230629093200380,6.78,6.77,6.759711258089752
20230629093201960,6.78,6.77,6.759711258089752
20230629093201970,6.78,6.77,6.759724235963042
20230629093202020,6.78,6.77,6.759724235963042
20230629093202080,6.78,6.77,6.759724235963042
20230629093202130,6.78,6.77,6.759724235963042
20230629093202260,6.78,6.77,6.759724235963042
20230629093202400,6.78,6.77,6.759724235963042
20230629093202410,6.78,6.77,6.759724235963042
20230629093202440,6.78,6.77,6.759724235963042
20230629093202450,6.78,6.77,6.759758762594012
20230629093202540,6.78,6.77,6.759758762594012
20230629093202670,6.78,6.77,6.759758762594012
20230629093202720,6.78,6.77,6.759758762594012
20230629093202780,6.78,6.77,6.759758762594012
20230629093202840,6.78,6.77,6.759758762594012
20230629093202850,6.78,6.77,6.759758762594012
20230629093202960,6.78,6.77,6.759758762594012
20230629093203070,6.78,6.77,6.759758762594012
20230629093204570,6.78,6.77,6.759758762594012
20230629093204600,6.78,6.77,6.759758762594012
20230629093204610,6.78,6.77,6.759758762594012
20230629093204660,6.78,6.77,6.759765940846869
20230629093204730,6.78,6.77,6.759765940846869
20230629093204780,6.78,6.77,6.759774548032612
20230629093204800,6.78,6.77,6.759780282089446
20230629093204850,6.78,6.77,6.759783147898802
20230629093204880,6.78,6.77,6.7597845804988665
20230629093204890,6.78,6.77,6.7597845804988665
20230629093205020,6.78,6.77,6.759786012895912
20230629093205250,6.78,6.77,6.759786012895912
20230629093205280,6.78,6.77,6.759786012895912
20230629093205310,6.78,6.77,6.759786012895912
20230629093205320,6.78,6.77,6.759786012895912
20230629093205410,6.78,6.77,6.759786012895912
20230629093205450,6.78,6.77,6.759786012895912
20230629093205550,6.78,6.77,6.759786012895912
20230629093205560,6.78,6.77,6.759786012895912
20230629093205570,6.78,6.77,6.759786012895912
20230629093205630,6.78,6.77,6.759786012895912
20230629093205670,6.78,6.77,6.759786012895912
20230629093207290,6.78,6.77,6.759786012895912
20230629093207310,6.78,6.77,6.759786012895912
20230629093207350,6.77,6.77,6.759786012895912
20230629093207480,6.77,6.77,6.759786012895912
20230629093207610,6.77,6.77,6.759786012895912
20230629093207620,6.78,6.77,6.759786012895912
20230629093207640,6.78,6.77,6.759786012895912
20230629093207740,6.77,6.77,6.759786012895912
20230629093207760,6.77,6.77,6.759786012895912
20230629093207770,6.77,6.77,6.759786012895912
20230629093207860,6.77,6.77,6.759786012895912
20230629093207980,6.77,6.77,6.759786012895912
20230629093207990,6.77,6.77,6.759786012895912
20230629093208050,6.78,6.77,6.759786012895912
20230629093208140,6.78,6.77,6.759786012895912
20230629093208150,6.78,6.77,6.759786012895912
20230629093208220,6.78,6.77,6.759786012895912
20230629093208290,6.78,6.77,6.759786012895912
20230629093208320,6.78,6.77,6.759786012895912
20230629093208360,6.78,6.77,6.760046951598426
20230629093208400,6.78,6.77,6.760046951598426
20230629093208510,6.78,6.77,6.760046951598426
20230629093209960,6.78,6.77,6.760046951598426
20230629093210010,6.78,6.77,6.760046951598426
20230629093210070,6.77,6.77,6.760046951598426
20230629093210100,6.77,6.77,6.760046951598426
20230629093210120,6.77,6.77,6.760046951598426
20230629093210130,6.77,6.77,6.760049009456754
20230629093210140,6.77,6.77,6.760049009456754
20230629093210210,6.77,6.77,6.760049009456754
20230629093210240,6.77,6.77,6.760049009456754
20230629093210270,6.77,6.77,6.760049009456754
20230629093210350,6.77,6.77,6.760049009456754
20230629093210360,6.77,6.77,6.760049009456754
20230629093210450,6.77,6.77,6.760049009456754
20230629093210460,6.77,6.77,6.760049009456754
20230629093210630,6.77,6.77,6.760049009456754
20230629093210700,6.77,6.77,6.760052442727022
20230629093210740,6.77,6.77,6.760052442727022
20230629093210820,6.77,6.77,6.760052442727022
20230629093210870,6.77,6.77,6.760052442727022
20230629093210890,6.77,6.77,6.760052442727022
20230629093210950,6.77,6.77,6.760052442727022
20230629093210960,6.77,6.77,6.760052442727022
20230629093211150,6.77,6.77,6.760052442727022
20230629093211170,6.77,6.77,6.760052442727022
20230629093211180,6.78,6.77,6.760074349442379
20230629093212690,6.78,6.77,6.760074349442379
20230629093212810,6.77,6.77,6.760074349442379
20230629093212910,6.77,6.77,6.760074349442379
20230629093212990,6.77,6.77,6.760074349442379
20230629093213030,6.77,6.77,6.760074349442379
20230629093213040,6.77,6.77,6.760074349442379
20230629093213060,6.77,6.77,6.760074349442379
20230629093213070,6.77,6.77,6.760074349442379
20230629093213080,6.77,6.77,6.760074349442379
20230629093213100,6.77,6.77,6.760074349442379
20230629093213290,6.77,6.77,6.760074349442379
20230629093213430,6.77,6.77,6.760074349442379
20230629093213520,6.77,6.77,6.760074349442379
20230629093213530,6.77,6.77,6.760241624365483
20230629093213590,6.77,6.77,6.760241624365483
20230629093213600,6.77,6.77,6.760241624365483
20230629093213690,6.77,6.77,6.760241624365483
20230629093213750,6.77,6.77,6.760241624365483
20230629093213780,6.77,6.77,6.760241624365483
20230629093213800,6.77,6.77,6.7603071649415245
20230629093213850,6.77,6.77,6.7603071649415245
20230629093215410,6.77,6.77,6.7603071649415245
20230629093215440,6.77,6.77,6.7603071649415245
20230629093215490,6.77,6.77,6.7603071649415245
20230629093215520,6.77,6.77,6.760328616457649
20230629093215580,6.77,6.77,6.760328616457649
20230629093215650,6.77,6.77,6.7603318584070795
20230629093215710,6.77,6.77,6.7603318584070795
20230629093215750,6.77,6.77,6.760333154578362
20230629093215870,6.77,6.77,6.760333154578362
20230629093215900,6.77,6.77,6.760333154578362
20230629093215960,6.77,6.77,6.760333154578362
20230629093216010,6.77,6.77,6.760333154578362
20230629093216080,6.77,6.77,6.760333154578362
20230629093216090,6.77,6.77,6.760333154578362
20230629093216100,6.77,6.77,6.760333154578362
20230629093216130,6.77,6.77,6.7603409243134625
20230629093216140,6.77,6.77,6.7603406961178045
20230629093216290,6.77,6.77,6.760350384486793
20230629093216310,6.77,6.77,6.760350384486793
20230629093216340,6.77,6.77,6.760350384486793
20230629093216450,6.77,6.77,6.760350384486793
20230629093216500,6.77,6.77,6.760350384486793
20230629093216510,6.77,6.77,6.760350384486793
20230629093216610,6.77,6.77,6.760350384486793
20230629093216620,6.77,6.77,6.760350384486793
20230629093218080,6.77,6.77,6.760350384486793
20230629093218090,6.77,6.77,6.760350384486793
20230629093218100,6.77,6.77,6.760350384486793
20230629093218150,6.77,6.77,6.760350384486793
20230629093218180,6.77,6.77,6.760378691912794
20230629093218260,6.77,6.77,6.760378691912794
20230629093218420,6.77,6.77,6.760378691912794
20230629093218440,6.77,6.77,6.760378691912794
20230629093218460,6.77,6.77,6.760378691912794
20230629093218790,6.77,6.77,6.760378691912794
20230629093218860,6.77,6.77,6.760378691912794
20230629093218900,6.77,6.77,6.760378691912794
20230629093219050,6.77,6.77,6.760378691912794
20230629093219070,6.77,6.77,6.760378691912794
20230629093219080,6.77,6.77,6.760378691912794
20230629093219100,6.77,6.77,6.760378691912794
20230629093219220,6.77,6.77,6.760378691912794
20230629093219280,6.77,6.77,6.760378691912794
20230629093219290,6.77,6.77,6.760378691912794
20230629093219300,6.77,6.77,6.760378691912794
20230629093220780,6.77,6.77,6.760378691912794
20230629093220870,6.77,6.77,6.760378691912794
20230629093221020,6.77,6.77,6.760378691912794
20230629093221140,6.77,6.77,6.760378691912794
20230629093221160,6.77,6.77,6.760378691912794
20230629093221220,6.78,6.77,6.760518690043003
20230629093221230,6.78,6.77,6.760518690043003
20230629093221400,6.78,6.77,6.760518690043003
20230629093221440,6.78,6.77,6.760518690043003
20230629093221480,6.78,6.77,6.760518690043003
20230629093221610,6.78,6.77,6.760518690043003
20230629093221630,6.78,6.77,6.760518690043003
20230629093221740,6.78,6.77,6.760518690043003
20230629093221760,6.78,6.77,6.760518690043003
20230629093221780,6.78,6.77,6.760518690043003
20230629093221790,6.78,6.77,6.760518690043003
20230629093221800,6.78,6.77,6.760518690043003
20230629093221880,6.78,6.77,6.760518690043003
20230629093221990,6.78,6.77,6.760518690043003
20230629093222000,6.78,6.77,6.760518690043003
20230629093223660,6.78,6.77,6.760518690043003
20230629093223830,6.78,6.77,6.760518690043003
20230629093224070,6.78,6.77,6.760518690043003
20230629093224080,6.78,6.77,6.760538003965631
20230629093224170,6.78,6.77,6.760538003965631
20230629093224220,6.78,6.77,6.760538003965631
20230629093224310,6.78,6.77,6.760538003965631
20230629093224400,6.78,6.77,6.760538003965631
20230629093224420,6.78,6.77,6.760540576262226
20230629093224430,6.78,6.77,6.760540576262226
20230629093224480,6.78,6.77,6.760545718816068
20230629093226170,6.78,6.77,6.760545718816068
20230629093226210,6.78,6.77,6.760545718816068
20230629093226260,6.78,6.77,6.760545718816068
20230629093226320,6.78,6.77,6.760545718816068
20230629093226350,6.78,6.77,6.760545718816068
20230629093226360,6.78,6.77,6.760545718816068
20230629093226550,6.78,6.77,6.760549573948081
20230629093226690,6.78,6.77,6.760549573948081
20230629093226750,6.78,6.77,6.760549573948081
20230629093226770,6.78,6.77,6.760549573948081
20230629093226780,6.78,6.77,6.760549573948081
20230629093226890,6.78,6.77,6.760549573948081
20230629093226980,6.78,6.77,6.760549573948081
20230629093227090,6.78,6.77,6.760549573948081
20230629093227140,6.78,6.77,6.760549573948081
20230629093227320,6.78,6.77,6.760549573948081
20230629093227410,6.78,6.77,6.760549573948081
20230629093229000,6.78,6.77,6.760549573948081
20230629093229020,6.78,6.77,6.760549573948081
20230629093229140,6.78,6.77,6.760549573948081
20230629093229270,6.78,6.77,6.760549573948081
20230629093229280,6.78,6.77,6.760549573948081
20230629093229290,6.78,6.77,6.760549573948081
20230629093229340,6.78,6.77,6.760549573948081
20230629093229430,6.78,6.77,6.760549573948081
20230629093229500,6.78,6.77,6.760549573948081
20230629093229600,6.78,6.77,6.760549573948081
20230629093229630,6.78,6.77,6.760602393791924
20230629093229660,6.78,6.77,6.760602393791924
20230629093229690,6.78,6.77,6.760602393791924
20230629093229700,6.78,6.77,6.760602393791924
20230629093229780,6.78,6.77,6.760602393791924
20230629093229810,6.78,6.77,6.760602393791924
20230629093229820,6.78,6.77,6.760602393791924
20230629093229850,6.78,6.77,6.76060486522025
20230629093229890,6.78,6.77,6.76060486522025
20230629093229930,6.78,6.77,6.76060486522025
20230629093229980,6.78,6.77,6.76060486522025
20230629093230020,6.78,6.77,6.76060486522025
20230629093230100,6.78,6.77,6.760740353855193
20230629093231590,6.78,6.77,6.760740353855193
20230629093231620,6.78,6.77,6.760740353855193
20230629093231650,6.78,6.77,6.760740353855193
20230629093231670,6.78,6.77,6.760740353855193
20230629093231680,6.78,6.77,6.760740353855193
20230629093231850,6.78,6.77,6.761106699116178
20230629093231890,6.78,6.77,6.761106699116178
20230629093231910,6.78,6.77,6.761106699116178
20230629093232270,6.78,6.77,6.761106699116178
20230629093232330,6.78,6.77,6.761106699116178
20230629093232660,6.78,6.77,6.761106699116178
20230629093232760,6.78,6.77,6.761106699116178
20230629093232770,6.78,6.77,6.761106699116178
20230629093234260,6.78,6.77,6.761106699116178
20230629093234320,6.78,6.77,6.761106699116178
20230629093234340,6.78,6.77,6.761106699116178
20230629093234420,6.78,6.77,6.761106699116178
20230629093234430,6.78,6.77,6.761106699116178
20230629093234500,6.78,6.77,6.761106699116178
20230629093234560,6.78,6.77,6.761106699116178
20230629093234730,6.78,6.77,6.7612104425342245
20230629093234760,6.78,6.77,6.7612104425342245
20230629093234780,6.78,6.77,6.761277644382662
20230629093234900,6.78,6.77,6.761277644382662
20230629093235050,6.78,6.77,6.761277644382662
20230629093235060,6.78,6.77,6.761277644382662
20230629093235070,6.78,6.77,6.761277644382662
20230629093235150,6.78,6.77,6.761277644382662
20230629093235200,6.78,6.77,6.761403640457872
20230629093235310,6.78,6.77,6.761403640457872
20230629093235330,6.78,6.77,6.761403640457872
20230629093235360,6.78,6.77,6.761403640457872
20230629093235380,6.78,6.77,6.761403640457872
20230629093235470,6.78,6.77,6.761403640457872
20230629093235480,6.78,6.77,6.761436140372748
20230629093235490,6.78,6.77,6.761436140372748
20230629093236970,6.78,6.77,6.761436140372748
20230629093237040,6.78,6.77,6.761449464774707
20230629093237080,6.78,6.77,6.7615191358024695
20230629093237120,6.78,6.77,6.7615191358024695
20230629093237150,6.78,6.77,6.7615191358024695
20230629093237190,6.78,6.77,6.7615196592802915
20230629093237290,6.78,6.77,6.7615196592802915
20230629093237310,6.78,6.77,6.7615196592802915
20230629093237400,6.78,6.77,6.761520182693495
20230629093237420,6.78,6.77,6.761534998458218
20230629093237510,6.78,6.77,6.761534998458218
20230629093237660,6.78,6.77,6.7615438639724
20230629093237720,6.78,6.77,6.7615438639724
20230629093237830,6.78,6.77,6.761694863494778
20230629093237900,6.78,6.77,6.761694863494778
20230629093238020,6.78,6.77,6.761694863494778
20230629093238030,6.78,6.77,6.761694863494778
20230629093238090,6.78,6.77,6.761694863494778
20230629093238140,6.78,6.77,6.761694863494778
20230629093239730,6.78,6.77,6.761694863494778
20230629093239750,6.78,6.77,6.761694863494778
20230629093239770,6.78,6.77,6.761694863494778
20230629093239870,6.78,6.77,6.761694863494778
20230629093240000,6.78,6.77,6.761694863494778
20230629093240040,6.78,6.77,6.761694863494778
20230629093240060,6.78,6.77,6.761694863494778
20230629093240070,6.78,6.77,6.761694863494778
20230629093240080,6.78,6.77,6.761733333333333
20230629093240130,6.78,6.77,6.761733333333333
20230629093240210,6.78,6.77,6.761733333333333
20230629093240300,6.78,6.77,6.761733333333333
20230629093240330,6.78,6.77,6.761733333333333
20230629093240400,6.78,6.77,6.761733333333333
20230629093240410,6.78,6.77,6.761733333333333
20230629093240420,6.78,6.77,6.761733333333333
20230629093240450,6.78,6.77,6.761733333333333
20230629093240550,6.78,6.77,6.761746900072939
20230629093240580,6.78,6.77,6.761746900072939
20230629093240660,6.78,6.77,6.761746900072939
20230629093240730,6.78,6.77,6.761746900072939
20230629093240770,6.78,6.77,6.7617479032454115
20230629093240880,6.78,6.77,6.7617479032454115
20230629093242400,6.78,6.77,6.7617479032454115
20230629093242410,6.78,6.77,6.7617479032454115
20230629093242440,6.78,6.77,6.7617479032454115
20230629093242530,6.78,6.77,6.7617479032454115
20230629093242610,6.78,6.77,6.7617479032454115
20230629093242620,6.78,6.77,6.7617479032454115
20230629093242850,6.78,6.77,6.7617479032454115
20230629093242860,6.78,6.77,6.7617479032454115
20230629093242930,6.78,6.77,6.7617479032454115
20230629093243150,6.78,6.77,6.7617800157738275
20230629093243160,6.78,6.77,6.761784436222478
20230629093243170,6.78,6.77,6.761784436222478
20230629093243180,6.78,6.77,6.761837314786816
20230629093243190,6.78,6.77,6.761839782345828
20230629093243280,6.78,6.77,6.761868297385227
20230629093243310,6.78,6.77,6.761868297385227
20230629093243320,6.78,6.77,6.7619353489483744
20230629093243340,6.78,6.77,6.7619353489483744
20230629093243360,6.78,6.77,6.7619353489483744
20230629093243420,6.78,6.77,6.7619353489483744
20230629093243440,6.78,6.77,6.7619353489483744
20230629093243520,6.78,6.77,6.7619353489483744
20230629093245090,6.78,6.77,6.7619353489483744
20230629093245170,6.78,6.77,6.761935830794049
20230629093245360,6.78,6.77,6.761935830794049
20230629093245400,6.78,6.77,6.761935830794049
20230629093245480,6.78,6.77,6.761936312582148
20230629093245630,6.78,6.77,6.7619524861218885
20230629093245660,6.78,6.77,6.7619524861218885
20230629093245750,6.78,6.77,6.7619524861218885
20230629093246010,6.78,6.77,6.762022712408585
20230629093246040,6.78,6.77,6.762022712408585
20230629093246050,6.78,6.77,6.762022712408585
20230629093246110,6.78,6.77,6.762022712408585
20230629093246160,6.78,6.77,6.762022712408585
20230629093246190,6.78,6.77,6.762050460077174
20230629093246270,6.78,6.77,6.762050460077174
20230629093246300,6.78,6.77,6.762061109463067
20230629093247890,6.78,6.77,6.7620953449905485
20230629093247970,6.78,6.77,6.7620953449905485
20230629093248030,6.78,6.77,6.7620953449905485
20230629093248060,6.78,6.77,6.7621042072343185
20230629093248070,6.78,6.77,6.7621042072343185
20230629093248140,6.78,6.77,6.762105263157895
20230629093248220,6.78,6.77,6.762105263157895
20230629093248240,6.78,6.77,6.762108646926979
20230629093248290,6.78,6.77,6.762108646926979
20230629093248330,6.78,6.77,6.762108646926979
20230629093248650,6.78,6.77,6.762108646926979
20230629093248700,6.78,6.77,6.762108646926979
20230629093250450,6.78,6.77,6.762108646926979
20230629093250510,6.78,6.77,6.762108646926979
20230629093250700,6.78,6.77,6.762108646926979
20230629093250730,6.78,6.77,6.762108646926979
20230629093250770,6.78,6.77,6.762108646926979
20230629093250790,6.78,6.77,6.762108646926979
20230629093250800,6.78,6.77,6.762108646926979
20230629093250870,6.78,6.77,6.762108646926979
20230629093250890,6.78,6.77,6.762108646926979
20230629093250920,6.78,6.77,6.762108646926979
20230629093251000,6.78,6.77,6.762108646926979
20230629093251060,6.78,6.77,6.762108646926979
20230629093251170,6.78,6.77,6.762108646926979
20230629093251270,6.78,6.77,6.762108646926979
20230629093251340,6.78,6.77,6.762108646926979
20230629093251360,6.78,6.77,6.762108646926979
20230629093251420,6.78,6.77,6.762108646926979
20230629093251480,6.78,6.77,6.762157058823529
20230629093251530,6.78,6.77,6.762158108346568
20230629093253190,6.78,6.77,6.762158108346568
20230629093253330,6.78,6.77,6.762158108346568
20230629093253360,6.78,6.77,6.762162305204352
20230629093253370,6.78,6.77,6.762162305204352
20230629093253470,6.78,6.77,6.762162305204352
20230629093253660,6.78,6.77,6.762162305204352
20230629093253730,6.78,6.77,6.762162305204352
20230629093253740,6.78,6.77,6.762162305204352
20230629093253800,6.78,6.77,6.762162305204352
20230629093253830,6.78,6.77,6.762162305204352
20230629093254050,6.78,6.77,6.762162305204352
20230629093254140,6.78,6.77,6.762162305204352
20230629093254210,6.78,6.77,6.762175931366788
20230629093254270,6.78,6.77,6.762175931366788
20230629093254310,6.78,6.77,6.762175931366788
20230629093254360,6.78,6.77,6.762175931366788
20230629093254370,6.78,6.77,6.762175931366788
20230629093255870,6.78,6.77,6.762311505044026
20230629093255930,6.78,6.77,6.762311505044026
20230629093256000,6.78,6.77,6.762311505044026
20230629093256080,6.78,6.77,6.762311505044026
20230629093256130,6.78,6.77,6.762311505044026
20230629093256180,6.78,6.77,6.762311505044026
20230629093256190,6.78,6.77,6.762311505044026
20230629093256240,6.78,6.77,6.762311505044026
20230629093256310,6.78,6.77,6.762311505044026
20230629093256320,6.78,6.77,6.762311505044026
20230629093256560,6.78,6.77,6.762311505044026
20230629093256580,6.78,6.77,6.762311505044026
20230629093256670,6.78,6.77,6.762311505044026
20230629093256710,6.78,6.77,6.762311505044026
20230629093256750,6.78,6.77,6.7623278573925205
20230629093256800,6.78,6.77,6.7623278573925205
20230629093256950,6.78,6.77,6.7623278573925205
20230629093256990,6.78,6.77,6.7623278573925205
20230629093257000,6.78,6.77,6.7623278573925205
20230629093258640,6.78,6.77,6.7623278573925205
20230629093258670,6.78,6.77,6.7623278573925205
20230629093258740,6.78,6.77,6.7623278573925205
20230629093258760,6.78,6.77,6.7623278573925205
20230629093258900,6.78,6.77,6.7623278573925205
20230629093258950,6.78,6.77,6.7623278573925205
20230629093258980,6.78,6.77,6.7623278573925205
20230629093259210,6.78,6.77,6.7623278573925205
20230629093259260,6.78,6.77,6.7623278573925205
20230629093259270,6.78,6.77,6.7623278573925205
20230629093259330,6.78,6.77,6.7623278573925205
20230629093259360,6.78,6.77,6.7623278573925205
20230629093259380,6.78,6.77,6.7623278573925205
20230629093259390,6.78,6.77,6.7623278573925205
20230629093259490,6.78,6.77,6.7623278573925205
20230629093259580,6.78,6.77,6.7623278573925205
20230629093259600,6.78,6.77,6.7623278573925205
20230629093259620,6.78,6.77,6.762363403859568
20230629093259650,6.78,6.77,6.762363403859568
20230629093259680,6.78,6.77,6.762363403859568
20230629093301330,6.78,6.77,6.762363403859568
20230629093301420,6.78,6.77,6.762363403859568
20230629093301550,6.78,6.77,6.762363403859568
20230629093301740,6.78,6.77,6.762363403859568
20230629093301760,6.78,6.77,6.762363403859568
20230629093301970,6.78,6.77,6.762363403859568
20230629093302110,6.78,6.77,6.762363403859568
20230629093302140,6.78,6.77,6.762363403859568
20230629093302250,6.78,6.77,6.762363403859568
20230629093302440,6.78,6.77,6.762363403859568
20230629093302470,6.78,6.77,6.762363403859568
20230629093304120,6.78,6.77,6.762363403859568
20230629093304230,6.78,6.77,6.762363403859568
20230629093304320,6.78,6.77,6.762536065949164
20230629093304350,6.78,6.77,6.762565009124088
20230629093304420,6.78,6.77,6.762565009124088
20230629093304430,6.77,6.77,6.762565009124088
20230629093304440,6.77,6.77,6.762565009124088
20230629093304460,6.77,6.77,6.762565009124088
20230629093304490,6.77,6.77,6.762565009124088
20230629093304500,6.77,6.77,6.762565009124088
20230629093304650,6.77,6.77,6.762565009124088
20230629093304660,6.77,6.77,6.762565009124088
20230629093304720,6.77,6.77,6.762565009124088
20230629093304780,6.77,6.77,6.762565009124088
20230629093305060,6.77,6.77,6.762565009124088
20230629093305080,6.77,6.77,6.762586569625292
20230629093306750,6.77,6.77,6.762586569625292
20230629093306760,6.77,6.77,6.762586569625292
20230629093306820,6.77,6.77,6.762586569625292
20230629093307000,6.77,6.77,6.762586569625292
20230629093307030,6.77,6.77,6.762586569625292
20230629093307070,6.77,6.77,6.762586569625292
20230629093307080,6.77,6.77,6.762586569625292
20230629093307100,6.77,6.77,6.762586569625292
20230629093307120,6.77,6.77,6.762586569625292
20230629093307220,6.77,6.77,6.762586569625292
20230629093307260,6.77,6.77,6.762586569625292
20230629093307290,6.77,6.77,6.762586569625292
20230629093307340,6.77,6.77,6.762586569625292
20230629093307540,6.77,6.77,6.762586569625292
20230629093307810,6.77,6.77,6.762586569625292
20230629093307910,6.77,6.77,6.762586569625292
20230629093309460,6.77,6.77,6.762590782519748
20230629093309470,6.77,6.77,6.762590782519748
20230629093309540,6.77,6.77,6.762590782519748
20230629093309560,6.77,6.77,6.762590782519748
20230629093309660,6.77,6.77,6.762590782519748
20230629093309680,6.77,6.77,6.762590782519748
20230629093309690,6.77,6.77,6.762590782519748
20230629093309710,6.77,6.77,6.762590782519748
20230629093309720,6.77,6.77,6.762590782519748
20230629093309770,6.77,6.77,6.762590782519748
20230629093309830,6.77,6.77,6.762590782519748
20230629093310060,6.77,6.77,6.762590782519748
20230629093310080,6.77,6.77,6.762590782519748
20230629093310090,6.77,6.77,6.762590782519748
20230629093310180,6.77,6.77,6.762590782519748
20230629093310260,6.77,6.77,6.762590782519748
20230629093310390,6.77,6.77,6.762593307958871
20230629093310410,6.77,6.77,6.762593307958871
20230629093310480,6.77,6.77,6.762593307958871
20230629093310580,6.77,6.77,6.762593307958871
20230629093312130,6.77,6.77,6.762593307958871
20230629093312170,6.77,6.77,6.7625937286980236
20230629093312210,6.77,6.77,6.7625937286980236
20230629093312270,6.77,6.77,6.7625937286980236
20230629093312280,6.77,6.77,6.7625937286980236
20230629093312400,6.77,6.77,6.7625937286980236
20230629093312460,6.77,6.77,6.7625937286980236
20230629093312470,6.77,6.77,6.7625937286980236
20230629093312770,6.77,6.77,6.7625937286980236
20230629093312930,6.77,6.77,6.7625937286980236
20230629093313000,6.77,6.77,6.7625937286980236
20230629093313020,6.77,6.77,6.7626008739572105
20230629093313180,6.77,6.77,6.7626008739572105
20230629093315070,6.77,6.77,6.7626008739572105
20230629093315210,6.77,6.77,6.7626008739572105
20230629093315360,6.77,6.77,6.7626008739572105
20230629093315460,6.77,6.77,6.7626008739572105
20230629093315630,6.77,6.77,6.7626008739572105
20230629093315670,6.77,6.77,6.7626008739572105
20230629093315770,6.77,6.77,6.7626008739572105
20230629093315880,6.77,6.77,6.762620396600567
20230629093315900,6.77,6.77,6.762620396600567
20230629093317480,6.77,6.77,6.762620396600567
20230629093317680,6.77,6.77,6.762620396600567
20230629093317770,6.77,6.77,6.762620396600567
20230629093317920,6.77,6.77,6.762620396600567
20230629093317940,6.77,6.77,6.762620396600567
20230629093317950,6.77,6.77,6.762620396600567
20230629093318020,6.77,6.77,6.762620396600567
20230629093318120,6.77,6.77,6.762620396600567
20230629093318150,6.77,6.77,6.762620396600567
20230629093318200,6.77,6.77,6.762620396600567
20230629093318210,6.77,6.77,6.762620396600567
20230629093318220,6.77,6.77,6.762620396600567
20230629093318260,6.77,6.77,6.762628277576853
20230629093318290,6.77,6.77,6.762628277576853
20230629093318490,6.77,6.77,6.762628277576853
20230629093318700,6.77,6.77,6.762628277576853
20230629093320180,6.77,6.77,6.762628277576853
20230629093320310,6.77,6.77,6.762628277576853
20230629093320450,6.77,6.77,6.762628277576853
20230629093320530,6.77,6.77,6.762628277576853
20230629093320700,6.77,6.77,6.762628277576853
20230629093320780,6.77,6.77,6.762628277576853
20230629093320880,6.77,6.77,6.762628277576853
20230629093320910,6.77,6.77,6.762628277576853
20230629093321200,6.77,6.77,6.762643243852922
20230629093321210,6.78,6.77,6.76264407353107
20230629093321230,6.78,6.77,6.76264407353107
20230629093321330,6.78,6.77,6.76264407353107
20230629093323040,6.78,6.77,6.76264407353107
20230629093323060,6.78,6.77,6.76264407353107
20230629093323070,6.78,6.77,6.76264407353107
20230629093323240,6.78,6.77,6.762645052156752
20230629093323290,6.78,6.77,6.76265483234714
20230629093323340,6.78,6.77,6.76265483234714
20230629093323360,6.78,6.77,6.76265483234714
20230629093323370,6.78,6.77,6.76265483234714
20230629093323410,6.78,6.77,6.76265483234714
20230629093323500,6.78,6.77,6.762776946522583
20230629093323510,6.78,6.77,6.762776946522583
20230629093323560,6.78,6.77,6.762776946522583
20230629093323600,6.78,6.77,6.762776946522583
20230629093323640,6.78,6.77,6.762776946522583
20230629093323830,6.78,6.77,6.762776946522583
20230629093323920,6.78,6.77,6.762815990268716
20230629093324020,6.78,6.77,6.762823925770463
20230629093324080,6.78,6.77,6.762842505371013
20230629093325720,6.78,6.77,6.762842505371013
20230629093325760,6.78,6.77,6.762842505371013
20230629093325770,6.78,6.77,6.762842505371013
20230629093325910,6.78,6.77,6.762842505371013
20230629093326010,6.78,6.77,6.762842505371013
20230629093326020,6.78,6.77,6.762842505371013
20230629093326170,6.78,6.77,6.762842505371013
20230629093326220,6.78,6.77,6.762842505371013
20230629093326320,6.78,6.77,6.762842505371013
20230629093326330,6.78,6.77,6.762842505371013
20230629093326550,6.78,6.77,6.762842505371013
20230629093326690,6.78,6.77,6.762842505371013
20230629093326790,6.78,6.77,6.762842505371013
20230629093328450,6.78,6.77,6.762842505371013
20230629093328470,6.78,6.77,6.762842505371013
20230629093328490,6.78,6.77,6.762842505371013
20230629093328570,6.78,6.77,6.762842505371013
20230629093328580,6.78,6.77,6.762842505371013
20230629093328620,6.78,6.77,6.762842505371013
20230629093328660,6.78,6.77,6.762842505371013
20230629093328770,6.78,6.77,6.762842505371013
20230629093328820,6.78,6.77,6.762842505371013
20230629093329000,6.78,6.77,6.762842505371013
20230629093329200,6.78,6.77,6.762842505371013
20230629093329240,6.78,6.77,6.762849198920883
20230629093329380,6.78,6.77,6.762849198920883
20230629093329400,6.78,6.77,6.762849198920883
20230629093329510,6.78,6.77,6.762849198920883
20230629093330960,6.78,6.77,6.762849198920883
20230629093331090,6.78,6.77,6.762849198920883
20230629093331100,6.78,6.77,6.762849198920883
20230629093331240,6.78,6.77,6.762849198920883
20230629093331370,6.78,6.77,6.762849198920883
20230629093331500,6.78,6.77,6.762849198920883
20230629093331570,6.78,6.77,6.762849198920883
20230629093331760,6.78,6.77,6.762901497758828
20230629093331910,6.78,6.77,6.762901497758828
20230629093332060,6.78,6.77,6.762901497758828
20230629093333650,6.78,6.77,6.762901497758828
20230629093333690,6.78,6.77,6.762901497758828
20230629093333770,6.78,6.77,6.76294430861179
20230629093333870,6.78,6.77,6.762948140103177
20230629093334000,6.78,6.77,6.762948140103177
20230629093334060,6.78,6.77,6.762948140103177
20230629093334080,6.78,6.77,6.762949288739277
20230629093334100,6.78,6.77,6.762949288739277
20230629093334170,6.78,6.77,6.762954261841463
20230629093334180,6.78,6.77,6.763005117155939
20230629093334240,6.78,6.77,6.763005117155939
20230629093334250,6.78,6.77,6.763034009226478
20230629093334360,6.78,6.77,6.763034009226478
20230629093334370,6.78,6.77,6.763034756490024
20230629093334390,6.78,6.77,6.763034756490024
20230629093334400,6.78,6.77,6.76303923670669
20230629093334540,6.78,6.77,6.76303923670669
20230629093334600,6.78,6.77,6.76303923670669
20230629093334670,6.78,6.77,6.76307371349096
20230629093334850,6.78,6.77,6.76307371349096
20230629093334880,6.78,6.77,6.763121904457581
20230629093334890,6.78,6.77,6.763134701254518
20230629093334910,6.78,6.77,6.763137984166622
20230629093336340,6.78,6.77,6.763137984166622
20230629093336450,6.78,6.77,6.763137984166622
20230629093336600,6.78,6.77,6.763137984166622
20230629093336630,6.78,6.77,6.763137984166622
20230629093336680,6.78,6.77,6.763137984166622
20230629093336710,6.78,6.77,6.763137984166622
20230629093336720,6.78,6.77,6.763137984166622
20230629093336830,6.78,6.77,6.763137984166622
20230629093337100,6.78,6.77,6.763137984166622
20230629093337140,6.78,6.77,6.763137984166622
20230629093337170,6.78,6.77,6.763137984166622
20230629093337290,6.78,6.77,6.763137984166622
20230629093337450,6.78,6.77,6.763137984166622
20230629093337480,6.78,6.77,6.763137984166622
20230629093339090,6.78,6.77,6.7631453880019095
20230629093339120,6.77,6.77,6.7631453880019095
20230629093339140,6.77,6.76,6.763138728629651
20230629093339260,6.77,6.76,6.763138728629651
20230629093339320,6.77,6.76,6.763138728629651
20230629093339340,6.77,6.76,6.763138728629651
20230629093339390,6.77,6.76,6.763138728629651
20230629093339410,6.77,6.76,6.763138728629651
20230629093339440,6.78,6.76,6.763138728629651
20230629093339450,6.78,6.76,6.763247818315635
20230629093339460,6.78,6.76,6.763247818315635
20230629093339520,6.77,6.76,6.763247818315635
20230629093339560,6.77,6.76,6.763247818315635
20230629093339880,6.77,6.76,6.763247818315635
20230629093339960,6.77,6.76,6.763247818315635
20230629093340060,6.78,6.77,6.763251366120219
20230629093340080,6.78,6.77,6.763252075233792
20230629093340130,6.78,6.77,6.763252075233792
20230629093340150,6.78,6.77,6.763278430549727
20230629093341850,6.78,6.77,6.763278430549727
20230629093341900,6.78,6.77,6.763278430549727
20230629093341940,6.77,6.77,6.763278430549727
20230629093342030,6.77,6.77,6.763278430549727
20230629093342110,6.77,6.77,6.763278430549727
20230629093342210,6.77,6.77,6.763278430549727
20230629093342600,6.77,6.77,6.763278430549727
20230629093342640,6.77,6.77,6.763278430549727
20230629093342700,6.77,6.77,6.763278430549727
20230629093342800,6.77,6.77,6.763278430549727
20230629093342820,6.77,6.77,6.763278430549727
20230629093343000,6.77,6.77,6.763278430549727
20230629093344520,6.77,6.77,6.763278430549727
20230629093344570,6.77,6.77,6.763278430549727
20230629093344680,6.77,6.77,6.763278430549727
20230629093344690,6.77,6.77,6.763278430549727
20230629093344770,6.77,6.77,6.763278430549727
20230629093344880,6.77,6.77,6.763278430549727
20230629093345010,6.77,6.77,6.763278430549727
20230629093345100,6.77,6.77,6.763278430549727
20230629093345180,6.77,6.77,6.763278430549727
20230629093345460,6.77,6.77,6.763278430549727
20230629093345540,6.77,6.77,6.763278430549727
20230629093345640,6.77,6.77,6.763278430549727
20230629093347370,6.77,6.77,6.763278430549727
20230629093347380,6.77,6.77,6.763278430549727
20230629093347500,6.77,6.77,6.763278430549727
20230629093347570,6.77,6.77,6.763278430549727
20230629093347650,6.77,6.77,6.763278430549727
20230629093347680,6.77,6.77,6.763278430549727
20230629093347740,6.77,6.77,6.763278430549727
20230629093347800,6.77,6.77,6.763278430549727
20230629093347840,6.77,6.76,6.763278430549727
20230629093347880,6.77,6.76,6.763278430549727
20230629093347900,6.77,6.76,6.763278430549727
20230629093348010,6.77,6.76,6.763278430549727
20230629093348020,6.77,6.76,6.763278430549727
20230629093349850,6.77,6.76,6.763278430549727
20230629093349910,6.77,6.76,6.763278430549727
20230629093349940,6.77,6.76,6.763278430549727
20230629093350020,6.77,6.76,6.763278430549727
20230629093350030,6.77,6.76,6.763278430549727
20230629093350050,6.77,6.76,6.763278430549727
20230629093350120,6.77,6.76,6.763278430549727
20230629093350140,6.77,6.76,6.763278430549727
20230629093350150,6.77,6.76,6.763278430549727
20230629093350200,6.77,6.76,6.763278430549727
20230629093350210,6.77,6.76,6.763278430549727
20230629093350260,6.77,6.76,6.763278430549727
20230629093350680,6.77,6.76,6.763278430549727
20230629093350760,6.77,6.76,6.763278430549727
20230629093350880,6.77,6.76,6.763278430549727
20230629093350990,6.77,6.76,6.763278430549727
20230629093352570,6.77,6.76,6.763278430549727
20230629093352630,6.77,6.76,6.763278430549727
20230629093352700,6.77,6.76,6.763278430549727
20230629093352820,6.77,6.76,6.763278430549727
20230629093353270,6.77,6.76,6.763278430549727
20230629093353290,6.77,6.76,6.763278430549727
20230629093353420,6.77,6.76,6.763278430549727
20230629093353500,6.77,6.76,6.763278430549727
20230629093353510,6.77,6.76,6.763278430549727
20230629093353540,6.77,6.76,6.763278430549727
20230629093353660,6.77,6.76,6.763278430549727
20230629093355280,6.77,6.76,6.763278430549727
20230629093355400,6.77,6.76,6.763278430549727
20230629093355730,6.77,6.76,6.763278430549727
20230629093355870,6.77,6.76,6.763278430549727
20230629093356070,6.77,6.76,6.763278430549727
20230629093356080,6.77,6.76,6.763278430549727
20230629093356150,6.77,6.76,6.763278430549727
20230629093356170,6.77,6.76,6.763278430549727
20230629093356180,6.77,6.76,6.763278430549727
20230629093356250,6.77,6.76,6.763278430549727
20230629093356350,6.77,6.76,6.763278430549727
20230629093356380,6.77,6.76,6.763278430549727
20230629093356470,6.77,6.76,6.763278430549727
20230629093357960,6.77,6.76,6.763278430549727
20230629093358020,6.77,6.76,6.763278430549727
20230629093358320,6.77,6.76,6.763278430549727
20230629093358420,6.77,6.76,6.763278430549727
20230629093358580,6.77,6.76,6.763278430549727
20230629093358630,6.77,6.76,6.763278430549727
20230629093358650,6.77,6.76,6.763278430549727
20230629093358780,6.77,6.76,6.763278430549727
20230629093400700,6.77,6.76,6.763278430549727
20230629093400730,6.77,6.76,6.763278430549727
20230629093400760,6.77,6.76,6.763278430549727
20230629093400800,6.77,6.76,6.763278430549727
20230629093400810,6.77,6.76,6.763278430549727
20230629093400830,6.77,6.76,6.763278430549727
20230629093400870,6.77,6.76,6.763278430549727
20230629093401110,6.77,6.76,6.763284989122552
20230629093401290,6.77,6.76,6.763284989122552
20230629093401360,6.77,6.76,6.763284989122552
20230629093401400,6.77,6.76,6.763284989122552
20230629093401590,6.77,6.76,6.763284989122552
20230629093401630,6.77,6.76,6.763284989122552
20230629093401650,6.77,6.76,6.763284989122552
20230629093401680,6.77,6.76,6.763285336924431
20230629093401690,6.77,6.76,6.763285336924431
20230629093401790,6.77,6.76,6.763285336924431
20230629093403390,6.77,6.76,6.763285336924431
20230629093403400,6.77,6.75,6.763230949470253
20230629093403520,6.77,6.75,6.763228318403908
20230629093403530,6.77,6.75,6.763212133488631
20230629093403550,6.77,6.75,6.763212133488631
20230629093403630,6.77,6.75,6.763212133488631
20230629093403730,6.77,6.75,6.763212133488631
20230629093403770,6.77,6.75,6.763212133488631
20230629093403800,6.77,6.75,6.763212133488631
20230629093403860,6.77,6.75,6.763212133488631
20230629093403910,6.77,6.75,6.763208486250063
20230629093403950,6.77,6.75,6.763208486250063
20230629093404080,6.77,6.75,6.763208486250063
20230629093404120,6.77,6.75,6.763208486250063
20230629093404170,6.77,6.75,6.763208486250063
20230629093404180,6.77,6.75,6.763208486250063
20230629093404200,6.77,6.75,6.763126745382392
20230629093404210,6.76,6.75,6.763126745382392
20230629093404220,6.76,6.75,6.763126745382392
20230629093404240,6.76,6.75,6.763126745382392
20230629093404350,6.76,6.75,6.763108621529469
20230629093404450,6.76,6.75,6.763108621529469
20230629093404460,6.76,6.75,6.763108621529469
20230629093404470,6.76,6.75,6.763042551129204
20230629093404570,6.76,6.75,6.763042551129204
20230629093406260,6.76,6.75,6.763042551129204
20230629093406350,6.76,6.75,6.763042551129204
20230629093406410,6.76,6.75,6.763042551129204
20230629093406460,6.76,6.75,6.763042551129204
20230629093406470,6.76,6.75,6.763042551129204
20230629093406610,6.76,6.75,6.763042551129204
20230629093406720,6.76,6.75,6.7630412246282035
20230629093406950,6.76,6.75,6.7630412246282035
20230629093406980,6.76,6.75,6.7630412246282035
20230629093407040,6.76,6.75,6.7630412246282035
20230629093407060,6.76,6.75,6.7630412246282035
20230629093407080,6.76,6.75,6.763040592908351
20230629093407090,6.76,6.75,6.763038698115949
20230629093407120,6.75,6.75,6.763038698115949
20230629093407130,6.76,6.75,6.763038698115949
20230629093407210,6.76,6.75,6.763038698115949
20230629093407280,6.76,6.75,6.763038698115949
20230629093408900,6.76,6.75,6.763038698115949
20230629093409010,6.75,6.75,6.763038698115949
20230629093409060,6.75,6.75,6.763038698115949
20230629093409110,6.75,6.75,6.763038698115949
20230629093409310,6.75,6.75,6.763038698115949
20230629093409400,6.75,6.75,6.763038698115949
20230629093409600,6.75,6.75,6.763038698115949
20230629093409620,6.75,6.75,6.763038698115949
20230629093409830,6.75,6.75,6.763038698115949
20230629093409860,6.75,6.75,6.763038698115949
20230629093410000,6.75,6.75,6.763038698115949
20230629093411460,6.75,6.75,6.763038698115949
20230629093411830,6.75,6.75,6.763038698115949
20230629093411840,6.75,6.75,6.763038698115949
20230629093412040,6.75,6.75,6.763038698115949
20230629093412600,6.75,6.75,6.763026666021391
20230629093412610,6.75,6.75,6.763026666021391
20230629093412620,6.75,6.75,6.763026666021391
20230629093412680,6.75,6.75,6.763026666021391
20230629093414140,6.75,6.75,6.763026666021391
20230629093414230,6.75,6.75,6.763026666021391
20230629093414350,6.75,6.75,6.763026666021391
20230629093414380,6.75,6.75,6.763026666021391
20230629093414390,6.75,6.75,6.763026666021391
20230629093414450,6.75,6.75,6.763026666021391
20230629093414460,6.75,6.75,6.763026666021391
20230629093415090,6.75,6.75,6.763026666021391
20230629093415120,6.75,6.75,6.763026666021391
20230629093415190,6.75,6.75,6.763026666021391
20230629093415310,6.75,6.75,6.763026666021391
20230629093416890,6.75,6.75,6.763026666021391
20230629093416960,6.75,6.75,6.763017608359133
20230629093417030,6.75,6.75,6.763017608359133
20230629093417080,6.75,6.75,6.763003142373701
20230629093417150,6.75,6.75,6.763003142373701
20230629093417180,6.75,6.75,6.763003142373701
20230629093417330,6.75,6.75,6.763003142373701
20230629093417410,6.75,6.75,6.763003142373701
20230629093417440,6.75,6.75,6.763003142373701
20230629093417690,6.75,6.75,6.763003142373701
20230629093417840,6.75,6.75,6.763003142373701
20230629093417880,6.75,6.75,6.763003142373701
20230629093418080,6.75,6.75,6.763002030358697
20230629093419560,6.75,6.75,6.763002030358697
20230629093419570,6.75,6.75,6.763002030358697
20230629093419650,6.75,6.75,6.762961303069732
20230629093419690,6.75,6.75,6.762961303069732
20230629093419780,6.75,6.75,6.762961303069732
20230629093419930,6.75,6.75,6.762939987487367
20230629093420030,6.75,6.75,6.762939987487367
20230629093420090,6.75,6.75,6.762939987487367
20230629093420240,6.75,6.75,6.762939987487367
20230629093420310,6.75,6.75,6.762939987487367
20230629093420350,6.75,6.75,6.762939987487367
20230629093420360,6.75,6.75,6.762939987487367
20230629093420370,6.75,6.75,6.762939987487367
20230629093420480,6.75,6.75,6.762939987487367
20230629093420640,6.75,6.75,6.762939987487367
20230629093420690,6.75,6.75,6.762939987487367
20230629093420760,6.75,6.75,6.762939987487367
20230629093422290,6.75,6.75,6.762939987487367
20230629093422400,6.75,6.75,6.762939987487367
20230629093422590,6.75,6.75,6.762939987487367
20230629093422620,6.75,6.75,6.762939987487367
20230629093422640,6.75,6.75,6.762939987487367
20230629093422700,6.75,6.75,6.762939987487367
20230629093422740,6.75,6.75,6.762939987487367
20230629093422760,6.75,6.75,6.762939987487367
20230629093423300,6.75,6.75,6.762939987487367
20230629093423360,6.75,6.75,6.762939987487367
20230629093423370,6.75,6.75,6.762939987487367
20230629093423380,6.75,6.75,6.762939987487367
20230629093424990,6.75,6.75,6.762939987487367
20230629093425030,6.75,6.75,6.762939987487367
20230629093425070,6.75,6.75,6.762939987487367
20230629093425080,6.75,6.75,6.762897438357479
20230629093425120,6.75,6.75,6.762897438357479
20230629093425150,6.75,6.75,6.762897438357479
20230629093425300,6.75,6.75,6.762897438357479
20230629093425310,6.75,6.75,6.762897438357479
20230629093425460,6.75,6.75,6.762897438357479
20230629093425470,6.75,6.75,6.762897438357479
20230629093425580,6.75,6.75,6.762897438357479
20230629093425800,6.75,6.75,6.7628820709491855
20230629093425860,6.75,6.75,6.7628820709491855
20230629093425900,6.75,6.75,6.7628820709491855
20230629093425960,6.75,6.75,6.7628820709491855
20230629093426150,6.75,6.75,6.7628820709491855
20230629093427760,6.75,6.75,6.7628820709491855
20230629093428100,6.75,6.75,6.76287768404908
20230629093428110,6.75,6.75,6.762875491229752
20230629093428120,6.75,6.75,6.762866724154451
20230629093428130,6.75,6.75,6.762866724154451
20230629093428180,6.75,6.75,6.762866724154451
20230629093428210,6.75,6.75,6.762866724154451
20230629093428220,6.75,6.75,6.762866724154451
20230629093428240,6.75,6.75,6.762866724154451
20230629093428360,6.75,6.75,6.762866724154451
20230629093428380,6.75,6.75,6.7628654914734625
20230629093428410,6.75,6.75,6.7628654914734625
20230629093428430,6.75,6.75,6.762856732426738
20230629093428580,6.75,6.75,6.762856732426738
20230629093428700,6.75,6.75,6.762847504665295
20230629093430470,6.75,6.75,6.762847504665295
20230629093430610,6.75,6.75,6.762847504665295
20230629093430620,6.75,6.75,6.762847504665295
20230629093430640,6.75,6.75,6.762847504665295
20230629093430750,6.75,6.75,6.762847504665295
20230629093430800,6.75,6.75,6.762835485413678
20230629093430940,6.75,6.75,6.762835485413678
20230629093431070,6.75,6.75,6.762835485413678
20230629093431200,6.75,6.75,6.762835485413678
20230629093431300,6.75,6.75,6.762835485413678
20230629093431510,6.75,6.75,6.762835485413678
20230629093433080,6.75,6.75,6.762835485413678
20230629093433160,6.75,6.75,6.762835485413678
20230629093433170,6.75,6.75,6.762835485413678
20230629093433290,6.75,6.75,6.762754956157072
20230629093433330,6.75,6.75,6.762754956157072
20230629093433410,6.75,6.75,6.762754956157072
20230629093433550,6.75,6.75,6.762754956157072
20230629093433650,6.75,6.75,6.762754956157072
20230629093433670,6.75,6.75,6.762754956157072
20230629093433760,6.75,6.75,6.762753740588964
20230629093433880,6.75,6.75,6.76274159763877
20230629093434120,6.75,6.75,6.76274159763877
20230629093434240,6.75,6.75,6.76274159763877
20230629093434280,6.75,6.75,6.76274159763877
20230629093434300,6.75,6.75,6.76274159763877
20230629093434310,6.75,6.75,6.76274159763877
20230629093435850,6.75,6.75,6.762740384615385
20230629093435910,6.75,6.75,6.762740384615385
20230629093435950,6.75,6.75,6.762740384615385
20230629093436160,6.75,6.75,6.762736140851772
20230629093436270,6.75,6.75,6.762736140851772
20230629093436310,6.75,6.75,6.762736140851772
20230629093436430,6.75,6.75,6.762736140851772
20230629093436460,6.75,6.75,6.762736140851772
20230629093436850,6.75,6.75,6.762736140851772
20230629093438450,6.75,6.75,6.762736140851772
20230629093438460,6.75,6.75,6.762736140851772
20230629093438490,6.75,6.75,6.762736140851772
20230629093438630,6.75,6.75,6.762736140851772
20230629093438680,6.75,6.75,6.762736140851772
20230629093438740,6.75,6.75,6.762736140851772
20230629093439110,6.75,6.75,6.762730732635585
20230629093439130,6.75,6.75,6.762712363930218
20230629093439190,6.75,6.75,6.762712363930218
20230629093439220,6.75,6.75,6.762690791660731
20230629093439310,6.75,6.75,6.762690791660731
20230629093439440,6.75,6.75,6.762690791660731
20230629093441300,6.75,6.75,6.762690791660731
20230629093441310,6.75,6.75,6.762682359641213
20230629093441400,6.75,6.75,6.76268175778284
20230629093441430,6.75,6.75,6.76268175778284
20230629093441510,6.75,6.75,6.76268175778284
20230629093441880,6.75,6.75,6.76268175778284
20230629093442060,6.75,6.75,6.76268175778284
20230629093442100,6.75,6.75,6.76268175778284
20230629093442310,6.75,6.75,6.76268175778284
20230629093442370,6.75,6.75,6.7625714285714285
20230629093443920,6.75,6.75,6.7625714285714285
20230629093443960,6.75,6.75,6.762551275401952
20230629093443970,6.75,6.75,6.762551275401952
20230629093444080,6.75,6.75,6.762551275401952
20230629093444100,6.75,6.75,6.762551275401952
20230629093444150,6.75,6.75,6.762536498069134
20230629093444260,6.75,6.75,6.762536498069134
20230629093444390,6.75,6.75,6.762536498069134
20230629093444400,6.75,6.75,6.762536498069134
20230629093444620,6.75,6.75,6.762536498069134
20230629093444680,6.75,6.75,6.762536498069134
20230629093444700,6.75,6.75,6.762536498069134
20230629093444800,6.75,6.75,6.762536498069134
20230629093444900,6.75,6.75,6.762536498069134
20230629093445110,6.75,6.75,6.762536498069134
20230629093446670,6.75,6.75,6.762536498069134
20230629093446680,6.75,6.75,6.762536498069134
20230629093446740,6.75,6.75,6.762536498069134
20230629093447070,6.75,6.75,6.762536498069134
20230629093447310,6.75,6.75,6.7624783199737495
20230629093447760,6.75,6.75,6.7624783199737495
20230629093449260,6.75,6.75,6.7624783199737495
20230629093449300,6.75,6.75,6.7624783199737495
20230629093449310,6.75,6.75,6.7624783199737495
20230629093449380,6.75,6.75,6.7624783199737495
20230629093449420,6.75,6.75,6.7624783199737495
20230629093449470,6.75,6.75,6.7624783199737495
20230629093449480,6.75,6.75,6.7624783199737495
20230629093449700,6.75,6.75,6.7624783199737495
20230629093449750,6.75,6.75,6.7624783199737495
20230629093449800,6.75,6.75,6.7624783199737495
20230629093449810,6.75,6.75,6.7624783199737495
20230629093450100,6.75,6.75,6.7624783199737495
20230629093450500,6.75,6.75,6.7624783199737495
20230629093452010,6.75,6.75,6.7624783199737495
20230629093452300,6.75,6.75,6.7624783199737495
20230629093452440,6.75,6.75,6.7624783199737495
20230629093452520,6.75,6.75,6.7624783199737495
20230629093452660,6.75,6.75,6.7624783199737495
20230629093452830,6.75,6.75,6.7624783199737495
20230629093452840,6.75,6.75,6.7624783199737495
20230629093452980,6.75,6.75,6.7624783199737495
20230629093453000,6.75,6.75,6.762431825623275
20230629093454710,6.75,6.75,6.762431825623275
20230629093454820,6.75,6.75,6.762431825623275
20230629093454840,6.75,6.75,6.762431825623275
20230629093454900,6.75,6.75,6.762431825623275
20230629093454930,6.75,6.75,6.762431825623275
20230629093455020,6.75,6.75,6.762431825623275
20230629093455050,6.75,6.75,6.762431825623275
20230629093455090,6.75,6.75,6.762431825623275
20230629093455170,6.75,6.75,6.762431825623275
20230629093455280,6.75,6.75,6.762431825623275
20230629093455310,6.75,6.75,6.762431825623275
20230629093455440,6.75,6.75,6.762431825623275
20230629093455770,6.75,6.75,6.762431825623275
20230629093455860,6.75,6.75,6.762431825623275
20230629093455870,6.75,6.75,6.762431825623275
20230629093457360,6.75,6.75,6.762431825623275
20230629093457540,6.75,6.75,6.762431825623275
20230629093457630,6.75,6.75,6.762431825623275
20230629093457800,6.75,6.75,6.762431825623275
20230629093457830,6.75,6.75,6.762431825623275
20230629093457910,6.75,6.75,6.762431825623275
20230629093458070,6.75,6.75,6.762431825623275
20230629093458200,6.75,6.75,6.762431825623275
20230629093500040,6.75,6.75,6.762431825623275
20230629093500060,6.75,6.75,6.762431825623275
20230629093500080,6.75,6.75,6.762431825623275
20230629093500090,6.75,6.75,6.762431825623275
20230629093500140,6.75,6.75,6.762431825623275
20230629093500300,6.75,6.75,6.762431825623275
20230629093500410,6.75,6.75,6.762431825623275
20230629093500580,6.75,6.75,6.762431825623275
20230629093500680,6.75,6.75,6.762431825623275
20230629093500790,6.75,6.75,6.762431825623275
20230629093500890,6.75,6.75,6.762431825623275
20230629093500900,6.75,6.75,6.762431825623275
20230629093500940,6.75,6.75,6.762431825623275
20230629093501070,6.75,6.75,6.762431825623275
20230629093501080,6.75,6.75,6.762400466744458
20230629093501110,6.75,6.75,6.762400466744458
20230629093501120,6.75,6.75,6.762400466744458
20230629093501210,6.75,6.75,6.762400466744458
20230629093503280,6.75,6.75,6.762400466744458
20230629093503310,6.75,6.75,6.762400466744458
20230629093503470,6.75,6.75,6.762400466744458
20230629093503720,6.75,6.75,6.762400466744458
20230629093503790,6.75,6.75,6.762400466744458
20230629093505450,6.75,6.75,6.762400466744458
20230629093505610,6.75,6.75,6.762400466744458
20230629093505620,6.75,6.75,6.762400466744458
20230629093505690,6.75,6.75,6.762400466744458
20230629093505920,6.75,6.75,6.762400466744458
20230629093506020,6.75,6.75,6.762400466744458
20230629093506310,6.75,6.75,6.762400466744458
20230629093506330,6.75,6.75,6.762400466744458
20230629093506370,6.75,6.75,6.762400466744458
20230629093506660,6.75,6.75,6.762400466744458
20230629093506680,6.75,6.75,6.762400466744458
20230629093508270,6.75,6.75,6.762400466744458
20230629093508390,6.74,6.75,6.762400466744458
20230629093508400,6.74,6.75,6.762400466744458
20230629093508410,6.74,6.75,6.762400466744458
20230629093508420,6.74,6.75,6.762400466744458
20230629093508450,6.74,6.75,6.762400466744458
20230629093508630,6.74,6.75,6.762400466744458
20230629093508650,6.75,6.75,6.762135510354688
20230629093508670,6.75,6.75,6.762131427253862
20230629093508830,6.75,6.75,6.762131427253862
20230629093508850,6.75,6.75,6.762131427253862
20230629093508860,6.75,6.75,6.762131427253862
20230629093509140,6.75,6.75,6.762131427253862
20230629093509150,6.75,6.75,6.7621212260889605
20230629093509160,6.74,6.75,6.7621212260889605
20230629093509190,6.74,6.75,6.7621212260889605
20230629093509280,6.74,6.75,6.7621212260889605
20230629093510890,6.74,6.75,6.7621212260889605
20230629093511150,6.74,6.75,6.7621212260889605
20230629093511250,6.74,6.75,6.7621212260889605
20230629093511510,6.74,6.75,6.7621212260889605
20230629093511580,6.75,6.75,6.762092712792892
20230629093511590,6.75,6.75,6.762092712792892
20230629093511680,6.74,6.75,6.762055147058824
20230629093511890,6.74,6.75,6.762055147058824
20230629093512030,6.74,6.75,6.762055147058824
20230629093513630,6.74,6.75,6.762055147058824
20230629093513730,6.74,6.75,6.762055147058824
20230629093514120,6.74,6.75,6.762055147058824
20230629093514140,6.74,6.75,6.762055147058824
20230629093514350,6.74,6.75,6.762055147058824
20230629093514380,6.74,6.75,6.762055147058824
20230629093514450,6.74,6.75,6.762055147058824
20230629093514680,6.74,6.75,6.762055147058824
20230629093514700,6.74,6.75,6.762055147058824
20230629093514720,6.74,6.75,6.762055147058824
20230629093516570,6.74,6.75,6.762055147058824
20230629093516610,6.74,6.75,6.762055147058824
20230629093516640,6.74,6.75,6.762055147058824
20230629093516670,6.74,6.75,6.762055147058824
20230629093516710,6.74,6.75,6.762055147058824
20230629093516720,6.74,6.75,6.762055147058824
20230629093516750,6.74,6.75,6.762055147058824
20230629093516810,6.74,6.75,6.762055147058824
20230629093516820,6.74,6.75,6.762055147058824
20230629093516890,6.74,6.75,6.762055147058824
20230629093516970,6.74,6.75,6.762055147058824
20230629093517030,6.74,6.75,6.762055147058824
20230629093517050,6.74,6.75,6.762055147058824
20230629093517220,6.74,6.75,6.762055147058824
20230629093517320,6.74,6.75,6.762055147058824
20230629093517440,6.74,6.75,6.762055147058824
20230629093519080,6.74,6.75,6.762055147058824
20230629093519090,6.74,6.75,6.762055147058824
20230629093519110,6.74,6.75,6.762032871178037
20230629093519160,6.74,6.75,6.762032871178037
20230629093519250,6.74,6.75,6.762032871178037
20230629093519310,6.74,6.75,6.762032871178037
20230629093519540,6.74,6.75,6.762032871178037
20230629093519590,6.74,6.75,6.762032871178037
20230629093519710,6.74,6.75,6.762032871178037
20230629093519890,6.74,6.75,6.762032871178037
20230629093519900,6.74,6.75,6.762032871178037
20230629093519960,6.74,6.75,6.762032871178037
20230629093520090,6.74,6.75,6.762032871178037
20230629093520160,6.74,6.75,6.762032871178037
20230629093520180,6.74,6.75,6.762032871178037
20230629093520190,6.74,6.75,6.762032871178037
20230629093521650,6.74,6.75,6.762032871178037
20230629093521770,6.74,6.75,6.762032871178037
20230629093521820,6.74,6.75,6.762032871178037
20230629093521870,6.74,6.75,6.762032871178037
20230629093522030,6.74,6.75,6.762032871178037
20230629093522070,6.74,6.75,6.762032871178037
20230629093522100,6.75,6.75,6.7617433852845235
20230629093522220,6.75,6.75,6.7617433852845235
20230629093522400,6.75,6.75,6.76170307059196
20230629093522410,6.75,6.75,6.76170307059196
20230629093522430,6.75,6.75,6.76170307059196
20230629093522450,6.75,6.75,6.76170307059196
20230629093522520,6.75,6.75,6.761505415000225
20230629093522550,6.75,6.75,6.761505415000225
20230629093522730,6.75,6.75,6.761505415000225
20230629093522840,6.75,6.75,6.761505415000225
20230629093524890,6.75,6.75,6.761505415000225
20230629093524970,6.75,6.75,6.761504897995866
20230629093524980,6.75,6.75,6.761504897995866
20230629093525090,6.74,6.75,6.761504897995866
20230629093525100,6.74,6.75,6.761504897995866
20230629093525110,6.74,6.75,6.761504897995866
20230629093525120,6.74,6.75,6.761504897995866
20230629093525130,6.74,6.75,6.761504897995866
20230629093525140,6.74,6.75,6.761504897995866
20230629093525150,6.74,6.75,6.761504897995866
20230629093525160,6.74,6.75,6.761504897995866
20230629093525170,6.74,6.75,6.761504897995866
20230629093525180,6.74,6.75,6.761504897995866
20230629093525190,6.74,6.75,6.7614915589080455
20230629093525250,6.74,6.75,6.7614915589080455
20230629093525260,6.74,6.75,6.7614915589080455
20230629093525340,6.74,6.75,6.7614915589080455
20230629093525580,6.74,6.75,6.761474203678779
20230629093525600,6.74,6.75,6.761474203678779
20230629093527080,6.74,6.75,6.761474203678779
20230629093527090,6.74,6.75,6.7614664992376
20230629093527250,6.74,6.75,6.7614664992376
20230629093527280,6.74,6.75,6.7614664992376
20230629093527900,6.74,6.75,6.761366520689964
20230629093527940,6.74,6.75,6.761366520689964
20230629093528000,6.74,6.75,6.761366520689964
20230629093528090,6.74,6.75,6.761366520689964
20230629093528110,6.74,6.75,6.761366520689964
20230629093528120,6.74,6.75,6.761366520689964
20230629093530050,6.74,6.75,6.761366520689964
20230629093530300,6.74,6.75,6.761366520689964
20230629093530570,6.74,6.75,6.761364611260054
20230629093530580,6.74,6.75,6.761364611260054
20230629093530620,6.74,6.75,6.761359839178021
20230629093530820,6.74,6.75,6.761359839178021
20230629093530980,6.74,6.75,6.761359839178021
20230629093532510,6.74,6.75,6.761359839178021
20230629093532900,6.74,6.75,6.761359839178021
20230629093532910,6.74,6.75,6.761359839178021
20230629093533050,6.74,6.75,6.761350301406564
20230629093533340,6.74,6.75,6.761346102330565
20230629093533350,6.74,6.75,6.761346102330565
20230629093533440,6.74,6.75,6.761346102330565
20230629093535370,6.74,6.75,6.761344196428571
20230629093535580,6.74,6.75,6.761344196428571
20230629093535690,6.74,6.75,6.761344196428571
20230629093536290,6.74,6.75,6.761344196428571
