Timestamp,ask1,bid1,VWAP
20230807093000020,6.85,6.83,6.84
20230807093000030,6.84,6.83,6.84
20230807093000040,6.84,6.83,6.84
20230807093000050,6.84,6.83,6.84
20230807093000060,6.84,6.83,6.84
20230807093000070,6.84,6.83,6.84
20230807093000080,6.84,6.83,6.84
20230807093000260,6.84,6.83,6.84
20230807093000270,6.84,6.83,6.84
20230807093000290,6.84,6.83,6.84
20230807093000300,6.84,6.83,6.84
20230807093000310,6.84,6.83,6.84
20230807093000330,6.83,6.83,6.84
20230807093000340,6.83,6.83,6.84
20230807093000350,6.83,6.83,6.84
20230807093000360,6.83,6.83,6.84
20230807093000370,6.83,6.83,6.84
20230807093000390,6.83,6.83,6.84
20230807093000410,6.84,6.83,6.839656946826758
20230807093000420,6.84,6.83,6.839656946826758
20230807093000450,6.84,6.83,6.839656946826758
20230807093000840,6.84,6.83,6.839656946826758
20230807093000850,6.84,6.83,6.839656946826758
20230807093000860,6.84,6.83,6.839656946826758
20230807093000870,6.84,6.83,6.839656946826758
20230807093000900,6.84,6.83,6.839656946826758
20230807093000920,6.84,6.83,6.839656946826758
20230807093000940,6.84,6.83,6.839656946826758
20230807093000980,6.84,6.83,6.839656946826758
20230807093000990,6.84,6.83,6.839656946826758
20230807093001030,6.84,6.83,6.839656946826758
20230807093001050,6.84,6.83,6.839656946826758
20230807093001070,6.84,6.83,6.839656946826758
20230807093001080,6.83,6.82,6.83914364640884
20230807093001100,6.83,6.81,6.83269109947644
20230807093001110,6.83,6.81,6.83269109947644
20230807093001120,6.83,6.81,6.83269109947644
20230807093001180,6.83,6.81,6.83269109947644
20230807093001200,6.82,6.81,6.83269109947644
20230807093001220,6.82,6.81,6.829369602763385
20230807093001230,6.82,6.81,6.829345391903532
20230807093001240,6.82,6.81,6.829345391903532
20230807093001260,6.82,6.81,6.829345391903532
20230807093001270,6.82,6.81,6.829345391903532
20230807093001290,6.82,6.81,6.829345391903532
20230807093002010,6.82,6.81,6.829345391903532
20230807093002020,6.81,6.81,6.829345391903532
20230807093002050,6.81,6.81,6.829345391903532
20230807093002100,6.81,6.81,6.829345391903532
20230807093002170,6.81,6.81,6.829180187873613
20230807093002220,6.81,6.81,6.829180187873613
20230807093002240,6.81,6.81,6.829163822525597
20230807093002280,6.81,6.81,6.829163822525597
20230807093002300,6.81,6.81,6.829163822525597
20230807093002330,6.81,6.81,6.829131175468484
20230807093002430,6.81,6.81,6.829131175468484
20230807093002510,6.81,6.81,6.829131175468484
20230807093002560,6.81,6.81,6.829131175468484
20230807093002580,6.81,6.81,6.829131175468484
20230807093002600,6.81,6.81,6.829114893617021
20230807093002670,6.81,6.81,6.828639004149378
20230807093002700,6.81,6.81,6.828623548922057
20230807093002750,6.82,6.81,6.828503184713376
20230807093002800,6.82,6.81,6.828503184713376
20230807093002810,6.82,6.81,6.828503184713376
20230807093002840,6.82,6.81,6.828503184713376
20230807093004180,6.82,6.81,6.828503184713376
20230807093004200,6.82,6.81,6.828503184713376
20230807093004230,6.82,6.81,6.828503184713376
20230807093004310,6.82,6.81,6.828503184713376
20230807093004450,6.82,6.81,6.828503184713376
20230807093004490,6.82,6.81,6.828503184713376
20230807093004560,6.82,6.81,6.828503184713376
20230807093004590,6.82,6.81,6.828503184713376
20230807093004710,6.82,6.81,6.828503184713376
20230807093004850,6.82,6.81,6.828503184713376
20230807093004860,6.82,6.81,6.828503184713376
20230807093004920,6.82,6.81,6.828503184713376
20230807093005020,6.82,6.81,6.828503184713376
20230807093005110,6.82,6.81,6.828503184713376
20230807093005270,6.82,6.81,6.828503184713376
20230807093008080,6.82,6.81,6.828503184713376
20230807093008390,6.82,6.81,6.828503184713376
20230807093008760,6.82,6.81,6.828503184713376
20230807093008770,6.82,6.81,6.828503184713376
20230807093009070,6.82,6.81,6.828503184713376
20230807093009240,6.82,6.81,6.8278152492668625
20230807093010100,6.81,6.81,6.8278152492668625
20230807093010110,6.81,6.81,6.8278152492668625
20230807093010120,6.81,6.81,6.8278152492668625
20230807093010160,6.81,6.81,6.8278152492668625
20230807093010220,6.81,6.81,6.8278152492668625
20230807093010230,6.81,6.81,6.8278152492668625
20230807093010320,6.81,6.81,6.8278152492668625
20230807093013980,6.8,6.8,6.8278152492668625
20230807093014080,6.8,6.8,6.8278152492668625
20230807093015630,6.8,6.8,6.8278152492668625
20230807093016060,6.8,6.8,6.8278152492668625
20230807093016070,6.8,6.8,6.8278152492668625
20230807093016080,6.79,6.8,6.8278152492668625
20230807093016090,6.79,6.8,6.8278152492668625
20230807093016120,6.79,6.8,6.8278152492668625
20230807093018130,6.78,6.8,6.8278152492668625
20230807093018140,6.77,6.8,6.821860182370821
20230807093018150,6.77,6.8,6.821422543701025
20230807093018190,6.77,6.8,6.821422543701025
20230807093018200,6.77,6.8,6.821422543701025
20230807093018510,6.77,6.8,6.821422543701025
20230807093018530,6.77,6.8,6.818228929384966
20230807093018550,6.76,6.75,6.818228929384966
20230807093018560,6.76,6.75,6.8071198156682025
20230807093018610,6.76,6.75,6.8071198156682025
20230807093018650,6.76,6.75,6.80696830500689
20230807093018660,6.76,6.75,6.80696830500689
20230807093018680,6.76,6.75,6.80696830500689
20230807093018760,6.76,6.75,6.80696830500689
20230807093018810,6.76,6.75,6.805864864864865
20230807093019150,6.76,6.75,6.805864864864865
20230807093019220,6.75,6.75,6.804973404255319
20230807093019250,6.75,6.75,6.804973404255319
20230807093019270,6.75,6.75,6.804973404255319
20230807093019280,6.75,6.75,6.804973404255319
20230807093019390,6.75,6.75,6.804706660785179
20230807093019560,6.75,6.75,6.804706660785179
20230807093019680,6.75,6.75,6.8045622525296965
20230807093021330,6.75,6.75,6.8045622525296965
20230807093021350,6.75,6.75,6.8045622525296965
20230807093021360,6.75,6.75,6.8045622525296965
20230807093021450,6.75,6.75,6.8045622525296965
20230807093021520,6.75,6.75,6.8045622525296965
20230807093021610,6.75,6.75,6.8045622525296965
20230807093021650,6.76,6.77,6.802158067158067
20230807093021680,6.76,6.77,6.802158067158067
20230807093021740,6.76,6.77,6.802158067158067
20230807093021920,6.76,6.77,6.801767799352751
20230807093021930,6.76,6.77,6.801767799352751
20230807093022080,6.76,6.77,6.801767799352751
20230807093022100,6.76,6.77,6.801767799352751
20230807093022120,6.76,6.77,6.801767799352751
20230807093022140,6.76,6.77,6.801767799352751
20230807093022150,6.76,6.77,6.801767799352751
20230807093022180,6.76,6.77,6.801767799352751
20230807093022240,6.76,6.77,6.801767799352751
20230807093022390,6.76,6.77,6.801767799352751
20230807093023880,6.76,6.77,6.801767799352751
20230807093023890,6.76,6.79,6.801767799352751
20230807093024360,6.76,6.79,6.801767799352751
20230807093024370,6.76,6.79,6.801767799352751
20230807093024380,6.76,6.77,6.80107156525067
20230807093024390,6.76,6.77,6.80107156525067
20230807093024520,6.76,6.77,6.80107156525067
20230807093024570,6.76,6.77,6.801033562166285
20230807093024810,6.76,6.77,6.801033562166285
20230807093024840,6.76,6.77,6.801033562166285
20230807093024950,6.76,6.78,6.801033562166285
20230807093024970,6.76,6.78,6.801033562166285
20230807093025070,6.76,6.78,6.801033562166285
20230807093025090,6.76,6.78,6.801033562166285
20230807093026800,6.76,6.78,6.801025152439024
20230807093026940,6.76,6.78,6.801025152439024
20230807093027040,6.76,6.78,6.801025152439024
20230807093027080,6.76,6.78,6.801025152439024
20230807093027100,6.76,6.78,6.801025152439024
20230807093027110,6.76,6.78,6.801025152439024
20230807093027400,6.76,6.78,6.801025152439024
20230807093027560,6.76,6.78,6.799711678832117
20230807093027570,6.76,6.78,6.799603636363637
20230807093027720,6.76,6.78,6.799603636363637
20230807093027800,6.76,6.78,6.799539688292859
20230807093029410,6.76,6.78,6.799539688292859
20230807093029450,6.76,6.78,6.799539688292859
20230807093029590,6.76,6.78,6.799539688292859
20230807093029600,6.76,6.78,6.799539688292859
20230807093029620,6.76,6.78,6.799539688292859
20230807093029640,6.76,6.78,6.799539688292859
20230807093029730,6.76,6.78,6.799539688292859
20230807093029880,6.76,6.78,6.799539688292859
20230807093029900,6.76,6.75,6.799539688292859
20230807093030030,6.76,6.75,6.799539688292859
20230807093030050,6.76,6.75,6.799539688292859
20230807093030180,6.76,6.75,6.792249008239243
20230807093030210,6.76,6.75,6.792249008239243
20230807093030260,6.76,6.75,6.792249008239243
20230807093032060,6.76,6.75,6.792249008239243
20230807093032110,6.76,6.76,6.792249008239243
20230807093032130,6.76,6.76,6.792249008239243
20230807093032140,6.76,6.76,6.792249008239243
20230807093032150,6.76,6.76,6.792249008239243
20230807093032170,6.76,6.76,6.792249008239243
20230807093032210,6.76,6.77,6.792249008239243
20230807093032220,6.76,6.77,6.792249008239243
20230807093032230,6.76,6.77,6.792249008239243
20230807093032310,6.76,6.77,6.792249008239243
20230807093032400,6.76,6.77,6.790955509107196
20230807093032510,6.76,6.77,6.790955509107196
20230807093032690,6.76,6.77,6.79095223880597
20230807093032730,6.76,6.77,6.79095223880597
20230807093032740,6.76,6.77,6.790919642857143
20230807093032760,6.76,6.77,6.790919642857143
20230807093032920,6.76,6.77,6.790903417533432
20230807093033070,6.76,6.77,6.790903417533432
20230807093033080,6.76,6.77,6.790903417533432
20230807093033120,6.76,6.77,6.789887196841511
20230807093033160,6.77,6.77,6.789826233183857
20230807093033170,6.77,6.78,6.789826233183857
20230807093033180,6.77,6.78,6.7894298009682625
20230807093033260,6.77,6.78,6.7894298009682625
20230807093034820,6.77,6.78,6.7894298009682625
20230807093034830,6.77,6.78,6.7894298009682625
20230807093035010,6.77,6.78,6.7894298009682625
20230807093035040,6.77,6.79,6.7894298009682625
20230807093035060,6.77,6.79,6.789435719989354
20230807093035070,6.77,6.79,6.789439894319683
20230807093035330,6.77,6.79,6.789439894319683
20230807093035890,6.77,6.79,6.789440337909187
20230807093035900,6.77,6.79,6.789440337909187
20230807093037520,6.77,6.79,6.789440337909187
20230807093037690,6.77,6.79,6.789440337909187
20230807093038210,6.77,6.79,6.789440337909187
20230807093038420,6.77,6.79,6.789440337909187
20230807093038440,6.77,6.79,6.789442398737506
20230807093040100,6.77,6.79,6.789442398737506
20230807093040130,6.77,6.79,6.789442398737506
20230807093040200,6.77,6.79,6.789442398737506
20230807093040880,6.77,6.79,6.789442398737506
20230807093041040,6.77,6.79,6.789442398737506
20230807093041160,6.77,6.79,6.788753637245393
20230807093041170,6.79,6.77,6.788308400460299
20230807093041180,6.79,6.77,6.788308400460299
20230807093041320,6.79,6.77,6.788308400460299
20230807093041340,6.79,6.77,6.788308400460299
20230807093041350,6.79,6.77,6.788308400460299
20230807093042880,6.79,6.77,6.788308400460299
20230807093043050,6.79,6.77,6.788308400460299
20230807093043170,6.79,6.77,6.788308400460299
20230807093043370,6.79,6.77,6.788308400460299
20230807093043490,6.79,6.77,6.788308400460299
20230807093043650,6.79,6.77,6.788308400460299
20230807093043770,6.79,6.77,6.788138430219408
20230807093043800,6.79,6.77,6.788138430219408
20230807093043840,6.79,6.77,6.788138430219408
20230807093043900,6.79,6.78,6.788138430219408
20230807093045560,6.79,6.78,6.788138430219408
20230807093045610,6.79,6.78,6.788138430219408
20230807093045620,6.79,6.78,6.788138430219408
20230807093045630,6.79,6.78,6.788138430219408
20230807093045720,6.79,6.78,6.788138430219408
20230807093045740,6.79,6.78,6.788138430219408
20230807093045750,6.79,6.78,6.788138430219408
20230807093045760,6.79,6.78,6.788138430219408
20230807093046230,6.79,6.78,6.788127400045178
20230807093048330,6.79,6.78,6.788127400045178
20230807093048350,6.78,6.78,6.788127400045178
20230807093048530,6.78,6.78,6.788127400045178
20230807093048690,6.78,6.77,6.788127400045178
20230807093048820,6.78,6.77,6.788127400045178
20230807093048990,6.78,6.77,6.788021066786195
20230807093049030,6.78,6.77,6.788021066786195
20230807093049140,6.78,6.77,6.788021066786195
20230807093049160,6.78,6.77,6.788021066786195
20230807093049220,6.78,6.77,6.788021066786195
20230807093049260,6.78,6.77,6.788021066786195
20230807093050920,6.78,6.77,6.787951807228915
20230807093051030,6.8,6.77,6.787888659793815
20230807093051040,6.8,6.77,6.787888659793815
20230807093051140,6.8,6.77,6.787881286067601
20230807093051160,6.8,6.77,6.787859201317414
20230807093051170,6.79,6.77,6.787859201317414
20230807093051180,6.79,6.77,6.787859201317414
20230807093051280,6.79,6.77,6.787859201317414
20230807093051390,6.79,6.78,6.787859201317414
20230807093051440,6.79,6.78,6.787859201317414
20230807093051460,6.78,6.77,6.787826800738765
20230807093051470,6.78,6.77,6.7878107720663525
20230807093051600,6.78,6.77,6.787772569798247
20230807093051750,6.78,6.77,6.787772569798247
20230807093051880,6.78,6.77,6.787772569798247
20230807093051970,6.78,6.77,6.787772569798247
20230807093052050,6.78,6.77,6.787772569798247
20230807093052080,6.78,6.77,6.787769403137095
20230807093052090,6.78,6.77,6.787769403137095
20230807093052120,6.78,6.77,6.787769403137095
20230807093053970,6.78,6.77,6.787769857433808
20230807093054040,6.78,6.77,6.787769857433808
20230807093054150,6.78,6.77,6.787769857433808
20230807093054220,6.78,6.77,6.787769857433808
20230807093054420,6.78,6.77,6.787769857433808
20230807093054580,6.78,6.77,6.787769857433808
20230807093054720,6.78,6.78,6.787769857433808
20230807093054790,6.78,6.78,6.787769857433808
20230807093056360,6.78,6.78,6.787769857433808
20230807093056670,6.78,6.78,6.787769857433808
20230807093056810,6.78,6.77,6.787633053221288
20230807093056990,6.78,6.77,6.787633053221288
20230807093057070,6.78,6.77,6.787633053221288
20230807093057360,6.78,6.78,6.787633053221288
20230807093057470,6.78,6.78,6.787633053221288
20230807093057550,6.78,6.78,6.787633053221288
20230807093059400,6.78,6.78,6.787605100617653
20230807093059510,6.78,6.78,6.787605100617653
20230807093059550,6.78,6.78,6.787598487863112
20230807093059930,6.78,6.78,6.787598487863112
20230807093059940,6.8,6.79,6.787644878048781
20230807093059970,6.8,6.79,6.787644878048781
20230807093100060,6.8,6.79,6.787644878048781
20230807093100070,6.8,6.79,6.787644878048781
20230807093100200,6.8,6.79,6.787683745922088
20230807093100210,6.8,6.79,6.787684190330007
20230807093101890,6.8,6.79,6.787684190330007
20230807093102160,6.8,6.79,6.787684190330007
20230807093102480,6.8,6.8,6.787684190330007
20230807093102490,6.8,6.8,6.787684190330007
20230807093102840,6.8,6.8,6.787684190330007
20230807093102890,6.8,6.8,6.787684190330007
20230807093102920,6.8,6.8,6.787684190330007
20230807093102930,6.8,6.8,6.787684190330007
20230807093104420,6.8,6.8,6.787684190330007
20230807093104460,6.8,6.8,6.787684190330007
20230807093104700,6.8,6.8,6.787684190330007
20230807093104920,6.8,6.8,6.787684190330007
20230807093104960,6.8,6.8,6.787684190330007
20230807093105080,6.8,6.8,6.787684190330007
20230807093105420,6.8,6.8,6.787684190330007
20230807093105640,6.8,6.8,6.787684190330007
20230807093107110,6.8,6.8,6.787684190330007
20230807093107120,6.8,6.8,6.787684190330007
20230807093107360,6.8,6.8,6.787684190330007
20230807093107720,6.8,6.8,6.787684190330007
20230807093107970,6.8,6.79,6.787978835978836
20230807093107980,6.8,6.79,6.787978835978836
20230807093107990,6.8,6.79,6.787978835978836
20230807093108000,6.8,6.79,6.787978835978836
20230807093108220,6.8,6.79,6.787978835978836
20230807093110080,6.8,6.79,6.787978835978836
20230807093110120,6.8,6.79,6.787978835978836
20230807093110130,6.8,6.79,6.787978835978836
20230807093110230,6.8,6.79,6.787978835978836
20230807093110640,6.8,6.79,6.787978835978836
20230807093110710,6.8,6.79,6.787978835978836
20230807093110900,6.8,6.79,6.787978835978836
20230807093110980,6.8,6.79,6.787978835978836
20230807093112550,6.8,6.8,6.787978835978836
20230807093112720,6.8,6.8,6.787978835978836
20230807093112800,6.8,6.8,6.788097389558233
20230807093113100,6.8,6.8,6.788097389558233
20230807093113130,6.8,6.8,6.788099380960348
20230807093115200,6.8,6.8,6.788099380960348
20230807093115360,6.8,6.8,6.788099380960348
20230807093115380,6.8,6.8,6.788105351170569
20230807093115570,6.8,6.8,6.788105351170569
20230807093115610,6.8,6.8,6.788105351170569
20230807093115660,6.8,6.8,6.788105351170569
20230807093115890,6.8,6.8,6.788105351170569
20230807093115930,6.8,6.8,6.788105351170569
20230807093116180,6.8,6.79,6.7881321410829605
20230807093117980,6.8,6.79,6.7881321410829605
20230807093118050,6.8,6.79,6.78815328708292
20230807093118150,6.8,6.79,6.788161109276989
20230807093118480,6.8,6.79,6.788161109276989
20230807093118580,6.8,6.79,6.788161109276989
20230807093118650,6.8,6.79,6.788161109276989
20230807093118690,6.8,6.79,6.788161109276989
20230807093118820,6.8,6.79,6.788161109276989
20230807093118830,6.8,6.79,6.788161109276989
20230807093119030,6.8,6.79,6.788161109276989
20230807093119080,6.8,6.79,6.788163063211751
20230807093119090,6.8,6.8,6.78816501650165
20230807093119140,6.8,6.8,6.78816501650165
20230807093120740,6.8,6.8,6.78816501650165
20230807093120850,6.79,6.78,6.788232282834747
20230807093121100,6.79,6.78,6.788232282834747
20230807093121560,6.79,6.78,6.788232282834747
20230807093121620,6.79,6.78,6.788232282834747
20230807093123600,6.79,6.78,6.788232282834747
20230807093123700,6.79,6.78,6.788232282834747
20230807093123720,6.8,6.78,6.788232282834747
20230807093123770,6.79,6.78,6.788232282834747
20230807093123780,6.79,6.79,6.788232282834747
20230807093123900,6.79,6.79,6.788232282834747
20230807093124010,6.79,6.79,6.788232282834747
20230807093124300,6.79,6.79,6.788232282834747
20230807093124310,6.79,6.79,6.788232282834747
20230807093124320,6.79,6.79,6.788232282834747
20230807093124380,6.79,6.79,6.788232282834747
20230807093124440,6.79,6.79,6.788232282834747
20230807093126140,6.79,6.79,6.788232282834747
20230807093126460,6.79,6.79,6.788232282834747
20230807093126750,6.79,6.79,6.788232282834747
20230807093126840,6.79,6.79,6.788232282834747
20230807093126870,6.79,6.79,6.788232282834747
20230807093126920,6.79,6.79,6.788232282834747
20230807093128970,6.79,6.79,6.788232282834747
20230807093129020,6.79,6.79,6.788232282834747
20230807093129090,6.79,6.79,6.788232282834747
20230807093129270,6.79,6.79,6.788232282834747
20230807093129460,6.79,6.79,6.788232282834747
20230807093129620,6.79,6.79,6.788232282834747
20230807093129630,6.79,6.79,6.788232282834747
20230807093129910,6.79,6.79,6.788361758723204
20230807093131490,6.8,6.79,6.788371441903873
20230807093131660,6.8,6.79,6.788371441903873
20230807093131970,6.8,6.79,6.788371441903873
20230807093132220,6.8,6.79,6.788371441903873
20230807093132290,6.8,6.79,6.788371441903873
20230807093132400,6.79,6.79,6.788390963577686
20230807093132410,6.79,6.79,6.788390963577686
20230807093132500,6.79,6.79,6.788390963577686
20230807093134110,6.79,6.79,6.788390963577686
20230807093134410,6.79,6.79,6.788390963577686
20230807093134500,6.8,6.79,6.788390963577686
20230807093134720,6.8,6.79,6.788390963577686
20230807093135320,6.8,6.79,6.788390963577686
20230807093136840,6.8,6.79,6.788383481731655
20230807093137070,6.79,6.79,6.788383481731655
20230807093137080,6.79,6.79,6.788383481731655
20230807093137090,6.8,6.79,6.788383481731655
20230807093137100,6.8,6.79,6.7884625454545455
20230807093137120,6.8,6.79,6.7884625454545455
20230807093137140,6.8,6.79,6.7884625454545455
20230807093137390,6.8,6.79,6.7884625454545455
20230807093137510,6.8,6.79,6.7884625454545455
20230807093137590,6.8,6.79,6.7884625454545455
20230807093137790,6.8,6.79,6.7884625454545455
20230807093139760,6.8,6.79,6.7884625454545455
20230807093139890,6.8,6.79,6.7884625454545455
20230807093140070,6.8,6.79,6.788482232772263
20230807093140110,6.8,6.79,6.788482232772263
20230807093140320,6.8,6.79,6.788484413159029
20230807093140500,6.8,6.79,6.788484630853203
20230807093140570,6.8,6.79,6.788484630853203
20230807093142210,6.8,6.79,6.788484630853203
20230807093142240,6.8,6.79,6.788484630853203
20230807093142260,6.8,6.79,6.788484630853203
20230807093142640,6.8,6.79,6.788485066053992
20230807093142670,6.8,6.79,6.788485066053992
20230807093142900,6.8,6.79,6.788485066053992
20230807093144910,6.8,6.79,6.788485066053992
20230807093144970,6.8,6.79,6.788485066053992
20230807093145030,6.8,6.79,6.788485066053992
20230807093145800,6.8,6.79,6.788485066053992
20230807093145840,6.8,6.79,6.788485066053992
20230807093147630,6.8,6.79,6.788485066053992
20230807093147640,6.8,6.79,6.788485066053992
20230807093147680,6.8,6.79,6.788485066053992
20230807093147800,6.8,6.79,6.788485066053992
20230807093147870,6.8,6.79,6.788485066053992
20230807093148040,6.8,6.79,6.788485066053992
20230807093148050,6.8,6.8,6.788485066053992
20230807093148100,6.8,6.8,6.788485066053992
20230807093148250,6.8,6.8,6.788485066053992
20230807093148470,6.8,6.8,6.788485066053992
20230807093148510,6.8,6.8,6.788485066053992
20230807093148840,6.8,6.8,6.788485066053992
20230807093150550,6.8,6.8,6.788485066053992
20230807093150640,6.8,6.8,6.788485066053992
20230807093151220,6.8,6.8,6.788485066053992
20230807093151460,6.8,6.8,6.788485066053992
20230807093151540,6.8,6.8,6.788622872415249
20230807093151550,6.8,6.8,6.788628884826325
20230807093153420,6.8,6.8,6.788628884826325
20230807093153510,6.8,6.8,6.788628884826325
20230807093153530,6.8,6.8,6.788628884826325
20230807093153570,6.8,6.8,6.788628884826325
20230807093153900,6.8,6.8,6.788628884826325
20230807093154040,6.8,6.81,6.788628884826325
20230807093154190,6.8,6.8,6.788628884826325
20230807093155800,6.8,6.8,6.788628884826325
20230807093156110,6.8,6.79,6.788806114018177
20230807093156120,6.8,6.79,6.788806114018177
20230807093156130,6.8,6.79,6.788806114018177
20230807093156150,6.8,6.79,6.788806114018177
20230807093156160,6.8,6.79,6.788806114018177
20230807093156170,6.8,6.8,6.788806114018177
20230807093156190,6.8,6.8,6.788818519027339
20230807093156220,6.8,6.8,6.788818519027339
20230807093156250,6.8,6.8,6.788818519027339
20230807093156260,6.8,6.8,6.788818519027339
20230807093156270,6.8,6.8,6.788818519027339
20230807093156280,6.8,6.8,6.788818519027339
20230807093156470,6.8,6.8,6.788818519027339
20230807093156570,6.8,6.8,6.788818519027339
20230807093156880,6.8,6.8,6.788818519027339
20230807093156940,6.8,6.8,6.788818519027339
20230807093158570,6.8,6.8,6.788818519027339
20230807093158970,6.8,6.8,6.788820054945055
20230807093159030,6.8,6.8,6.788820054945055
20230807093159180,6.8,6.81,6.788820054945055
20230807093159280,6.8,6.81,6.788820054945055
20230807093159360,6.79,6.8,6.788837496568762
20230807093159450,6.79,6.8,6.788839028406752
20230807093201090,6.79,6.8,6.788839028406752
20230807093201100,6.79,6.8,6.788839028406752
20230807093201110,6.79,6.8,6.788839028406752
20230807093201140,6.79,6.8,6.788839028406752
20230807093201180,6.79,6.8,6.788839028406752
20230807093201220,6.79,6.8,6.788839028406752
20230807093201520,6.79,6.8,6.788839028406752
20230807093201730,6.79,6.8,6.788839028406752
20230807093201910,6.79,6.8,6.788839028406752
20230807093203920,6.79,6.8,6.788839028406752
20230807093203930,6.79,6.8,6.788839028406752
20230807093204780,6.8,6.8,6.788857377722976
20230807093204950,6.8,6.8,6.788857377722976
20230807093206640,6.8,6.8,6.788857377722976
20230807093206730,6.8,6.8,6.788857377722976
20230807093209480,6.8,6.8,6.788895420369105
20230807093209580,6.8,6.8,6.788895420369105
20230807093209900,6.8,6.8,6.788895420369105
20230807093210230,6.8,6.8,6.788895420369105
20230807093210260,6.8,6.8,6.788895420369105
20230807093212140,6.8,6.8,6.788895420369105
20230807093212170,6.8,6.8,6.788895420369105
20230807093212880,6.8,6.8,6.788895420369105
20230807093213150,6.8,6.8,6.788895420369105
20230807093214990,6.8,6.8,6.788895420369105
20230807093215000,6.8,6.8,6.788895420369105
20230807093215090,6.8,6.8,6.788895420369105
20230807093215150,6.8,6.8,6.788895420369105
20230807093215330,6.8,6.8,6.788895420369105
20230807093215360,6.8,6.8,6.788921167484998
20230807093215530,6.8,6.8,6.788921167484998
20230807093217390,6.8,6.8,6.788921167484998
20230807093217460,6.8,6.8,6.788921167484998
20230807093217720,6.8,6.8,6.788921167484998
20230807093217860,6.8,6.8,6.788921167484998
20230807093218040,6.8,6.8,6.788921167484998
20230807093218050,6.8,6.8,6.788921167484998
20230807093218200,6.8,6.8,6.788921167484998
20230807093218400,6.8,6.8,6.788921167484998
20230807093220090,6.8,6.8,6.788921167484998
20230807093220140,6.8,6.8,6.788921167484998
20230807093220160,6.8,6.8,6.788921167484998
20230807093220900,6.8,6.8,6.788921167484998
20230807093220960,6.8,6.8,6.788921167484998
20230807093221160,6.8,6.8,6.788921167484998
20230807093222850,6.8,6.8,6.788921167484998
20230807093222900,6.8,6.8,6.788921167484998
20230807093222930,6.8,6.8,6.788921167484998
20230807093223210,6.8,6.8,6.788921167484998
20230807093223220,6.8,6.81,6.788921167484998
20230807093223230,6.8,6.81,6.788921167484998
20230807093223300,6.8,6.81,6.788921167484998
20230807093223490,6.8,6.8,6.789088696592753
20230807093223500,6.8,6.8,6.789088696592753
20230807093223560,6.8,6.8,6.789088696592753
20230807093223680,6.8,6.8,6.789088696592753
20230807093225540,6.8,6.8,6.789088696592753
20230807093225800,6.8,6.81,6.789088696592753
20230807093225930,6.8,6.81,6.789088696592753
20230807093226060,6.8,6.81,6.789088696592753
20230807093226140,6.8,6.81,6.789088696592753
20230807093226290,6.8,6.81,6.789088696592753
20230807093226390,6.8,6.81,6.789088696592753
20230807093226560,6.8,6.81,6.789088696592753
20230807093226580,6.8,6.81,6.789088696592753
20230807093228120,6.8,6.81,6.789088696592753
20230807093228160,6.8,6.8,6.789325872635225
20230807093228270,6.8,6.8,6.789325872635225
20230807093228470,6.8,6.8,6.789325872635225
20230807093228630,6.8,6.8,6.789325872635225
20230807093229160,6.8,6.8,6.789325872635225
20230807093229170,6.8,6.8,6.789325872635225
20230807093229180,6.8,6.8,6.789325872635225
20230807093230840,6.8,6.8,6.789325872635225
20230807093230960,6.8,6.8,6.789325872635225
20230807093230990,6.8,6.8,6.789574327886136
20230807093231040,6.8,6.8,6.789574327886136
20230807093231080,6.8,6.81,6.789574327886136
20230807093231090,6.8,6.81,6.789574327886136
20230807093231100,6.8,6.81,6.789574327886136
20230807093231240,6.8,6.81,6.789574327886136
20230807093231670,6.8,6.81,6.789574327886136
20230807093233510,6.8,6.81,6.789574327886136
20230807093233580,6.8,6.81,6.789574327886136
20230807093233730,6.8,6.81,6.789574327886136
20230807093233980,6.8,6.81,6.789574327886136
20230807093233990,6.8,6.81,6.789574327886136
20230807093234020,6.8,6.8,6.789574327886136
20230807093234080,6.8,6.8,6.789574327886136
20230807093234090,6.8,6.8,6.789574327886136
20230807093234120,6.8,6.8,6.789574327886136
20230807093236330,6.8,6.8,6.789574327886136
20230807093236570,6.8,6.8,6.789574327886136
20230807093236840,6.8,6.8,6.789574327886136
20230807093237080,6.8,6.8,6.789574327886136
20230807093237120,6.8,6.8,6.789574327886136
20230807093237130,6.8,6.8,6.789574327886136
20230807093237280,6.8,6.8,6.789574327886136
20230807093239080,6.8,6.8,6.789574327886136
20230807093239110,6.8,6.8,6.789574327886136
20230807093239320,6.8,6.8,6.789574327886136
20230807093239370,6.8,6.8,6.789574327886136
20230807093239530,6.8,6.8,6.789574327886136
20230807093239590,6.8,6.8,6.789574327886136
20230807093239750,6.8,6.8,6.789574327886136
20230807093241820,6.8,6.8,6.789574327886136
20230807093241840,6.8,6.8,6.789574327886136
20230807093242020,6.8,6.8,6.789574327886136
20230807093242480,6.8,6.8,6.789574327886136
20230807093242630,6.8,6.8,6.789574327886136
20230807093244370,6.8,6.8,6.789574327886136
20230807093244620,6.8,6.8,6.789574327886136
20230807093244700,6.8,6.8,6.789574327886136
20230807093244790,6.8,6.8,6.789574327886136
20230807093244900,6.8,6.8,6.789574327886136
20230807093245020,6.8,6.8,6.789574327886136
20230807093245030,6.8,6.8,6.789574327886136
20230807093245210,6.8,6.8,6.789574327886136
20230807093245230,6.8,6.8,6.789574327886136
20230807093247220,6.8,6.8,6.789574327886136
20230807093247230,6.8,6.8,6.789574327886136
20230807093247240,6.8,6.8,6.789574327886136
20230807093247520,6.8,6.8,6.789574327886136
20230807093247640,6.8,6.8,6.789574327886136
20230807093247780,6.8,6.8,6.789574327886136
20230807093247840,6.8,6.8,6.789574327886136
20230807093247850,6.8,6.8,6.789574327886136
20230807093247990,6.8,6.8,6.789574327886136
20230807093248020,6.8,6.8,6.789574327886136
20230807093248240,6.8,6.8,6.789574327886136
20230807093249970,6.8,6.8,6.789574327886136
20230807093250130,6.8,6.8,6.789574327886136
20230807093250230,6.8,6.8,6.789574327886136
20230807093250390,6.8,6.8,6.789574327886136
20230807093250650,6.8,6.8,6.789574327886136
20230807093250800,6.8,6.8,6.789574327886136
20230807093250830,6.8,6.8,6.789574327886136
20230807093252400,6.8,6.8,6.789574327886136
20230807093252820,6.8,6.8,6.789574327886136
20230807093253570,6.8,6.8,6.789574327886136
20230807093253620,6.8,6.8,6.789574327886136
20230807093255380,6.8,6.8,6.789574327886136
20230807093255390,6.8,6.8,6.789574327886136
20230807093255450,6.8,6.8,6.789574327886136
20230807093255490,6.8,6.8,6.789574327886136
20230807093255880,6.8,6.8,6.789574327886136
20230807093256160,6.8,6.8,6.789574327886136
20230807093256180,6.8,6.8,6.789574327886136
20230807093258150,6.8,6.8,6.790414260607582
20230807093258330,6.8,6.8,6.790414260607582
20230807093258400,6.8,6.8,6.790414260607582
20230807093258410,6.8,6.8,6.790414260607582
20230807093258440,6.8,6.8,6.790414260607582
20230807093258700,6.8,6.8,6.790414260607582
20230807093258770,6.8,6.8,6.790415463788126
20230807093258880,6.8,6.8,6.790416666666666
20230807093258920,6.8,6.8,6.790416666666666
20230807093300530,6.8,6.8,6.790416666666666
20230807093300880,6.8,6.8,6.790416666666666
20230807093300910,6.8,6.8,6.790416666666666
20230807093301180,6.8,6.8,6.79067370229476
20230807093301530,6.8,6.8,6.79067370229476
20230807093301580,6.8,6.8,6.790679421142998
20230807093303320,6.8,6.8,6.790679421142998
20230807093303610,6.8,6.8,6.790680564071122
20230807093303820,6.8,6.8,6.790680564071122
20230807093303880,6.8,6.8,6.790680564071122
20230807093304300,6.8,6.8,6.790680564071122
20230807093306270,6.8,6.8,6.790680564071122
20230807093308930,6.8,6.8,6.790680564071122
20230807093309130,6.8,6.8,6.790680564071122
20230807093309170,6.8,6.8,6.790680564071122
20230807093309240,6.8,6.8,6.790680564071122
20230807093309340,6.8,6.8,6.790680564071122
20230807093309500,6.8,6.8,6.790680564071122
20230807093309570,6.8,6.8,6.790771951219512
20230807093311420,6.8,6.8,6.790771951219512
20230807093311560,6.8,6.8,6.790771951219512
20230807093311570,6.82,6.8,6.79155474964904
20230807093311580,6.82,6.81,6.79155474964904
20230807093311590,6.82,6.81,6.79155474964904
20230807093311600,6.82,6.81,6.79155474964904
20230807093311620,6.82,6.81,6.79155474964904
20230807093311630,6.82,6.81,6.79155474964904
20230807093311640,6.82,6.81,6.79155474964904
20230807093311650,6.82,6.81,6.79155474964904
20230807093311660,6.82,6.81,6.79155474964904
20230807093311670,6.82,6.81,6.79155474964904
20230807093311690,6.82,6.81,6.79155474964904
20230807093311730,6.82,6.81,6.79155474964904
20230807093311810,6.82,6.81,6.79155474964904
20230807093311820,6.82,6.81,6.79155474964904
20230807093311970,6.82,6.81,6.79155474964904
20230807093312050,6.82,6.81,6.79155474964904
20230807093312150,6.82,6.81,6.79155474964904
20230807093312160,6.82,6.81,6.79155474964904
20230807093312220,6.82,6.81,6.79155474964904
20230807093312230,6.82,6.81,6.79155474964904
20230807093312380,6.82,6.81,6.792124487938097
20230807093312460,6.82,6.81,6.792124487938097
20230807093312470,6.82,6.81,6.7921625
20230807093312490,6.82,6.81,6.7921625
20230807093312500,6.82,6.81,6.7921625
20230807093314060,6.82,6.81,6.7921625
20230807093314110,6.82,6.82,6.7921625
20230807093314120,6.82,6.82,6.7921625
20230807093314130,6.82,6.82,6.7921625
20230807093314240,6.82,6.82,6.7921625
20230807093314260,6.82,6.82,6.7921625
20230807093314270,6.82,6.82,6.7921625
20230807093314370,6.82,6.82,6.7921625
20230807093314460,6.82,6.82,6.7921625
20230807093314640,6.82,6.82,6.7921625
20230807093314910,6.82,6.82,6.7921625
20230807093317320,6.82,6.82,6.7921625
20230807093317460,6.82,6.82,6.7921625
20230807093317610,6.82,6.82,6.7921625
20230807093317740,6.83,6.82,6.792424242424242
20230807093317770,6.83,6.82,6.792424242424242
20230807093317860,6.83,6.82,6.792424242424242
20230807093317910,6.83,6.82,6.792427348501914
20230807093319430,6.83,6.82,6.792579089073368
20230807093320100,6.83,6.82,6.792579089073368
20230807093320130,6.83,6.82,6.792579089073368
20230807093320140,6.83,6.82,6.792579089073368
20230807093320150,6.83,6.82,6.792579089073368
20230807093320160,6.83,6.82,6.792579089073368
20230807093320170,6.83,6.82,6.792579089073368
20230807093320190,6.83,6.82,6.792579089073368
20230807093320570,6.83,6.82,6.792579089073368
20230807093322090,6.83,6.82,6.792585240017945
20230807093322120,6.83,6.82,6.792585240017945
20230807093322350,6.83,6.82,6.792585240017945
20230807093322380,6.83,6.82,6.792585240017945
20230807093322470,6.83,6.82,6.792585240017945
20230807093322480,6.83,6.82,6.792585240017945
20230807093322500,6.83,6.82,6.792585240017945
20230807093322700,6.83,6.82,6.792585240017945
20230807093323330,6.83,6.82,6.792585240017945
20230807093324860,6.83,6.82,6.792606210066136
20230807093325010,6.83,6.82,6.792606210066136
20230807093325110,6.83,6.82,6.792612350106467
20230807093325240,6.83,6.82,6.792612350106467
20230807093325810,6.83,6.82,6.792612350106467
20230807093325840,6.83,6.82,6.792612350106467
20230807093327710,6.83,6.82,6.792612350106467
20230807093328050,6.83,6.82,6.792612350106467
20230807093328070,6.82,6.82,6.792612350106467
20230807093328080,6.82,6.82,6.792612350106467
20230807093328130,6.82,6.82,6.792612350106467
20230807093328140,6.82,6.82,6.792612350106467
20230807093328230,6.82,6.82,6.792612350106467
20230807093330390,6.82,6.82,6.792612350106467
20230807093330430,6.82,6.82,6.792612350106467
20230807093330740,6.82,6.82,6.792612350106467
20230807093331140,6.82,6.82,6.792612350106467
20230807093331200,6.82,6.82,6.792612350106467
20230807093333150,6.82,6.82,6.792612350106467
20230807093333170,6.82,6.82,6.792612350106467
20230807093333270,6.82,6.82,6.792612350106467
20230807093333990,6.82,6.82,6.792612350106467
20230807093335690,6.82,6.82,6.792612350106467
20230807093335820,6.82,6.82,6.792612350106467
20230807093335900,6.82,6.82,6.792612350106467
20230807093336000,6.82,6.82,6.792612350106467
20230807093336040,6.82,6.82,6.792612350106467
20230807093338420,6.82,6.82,6.792654134497035
20230807093339290,6.82,6.82,6.792654134497035
20230807093340990,6.82,6.82,6.792654134497035
20230807093341670,6.82,6.82,6.792654134497035
20230807093342200,6.82,6.82,6.792654134497035
20230807093343930,6.82,6.82,6.792654134497035
20230807093344160,6.82,6.82,6.792654134497035
20230807093347010,6.82,6.82,6.792654134497035
20230807093347620,6.82,6.82,6.792654134497035
20230807093349800,6.82,6.82,6.792654134497035
20230807093349990,6.82,6.82,6.792654134497035
20230807093351780,6.82,6.82,6.792654134497035
20230807093352080,6.81,6.82,6.792654134497035
20230807093352160,6.81,6.82,6.792654134497035
20230807093352330,6.81,6.82,6.792654134497035
20230807093352410,6.82,6.82,6.792678291974067
20230807093352540,6.82,6.82,6.792678291974067
20230807093354680,6.81,6.82,6.792678291974067
20230807093354920,6.81,6.82,6.792678291974067
20230807093355090,6.81,6.82,6.792678291974067
20230807093355120,6.81,6.82,6.792678291974067
20230807093355130,6.81,6.82,6.792678291974067
20230807093355730,6.81,6.82,6.792678291974067
20230807093357720,6.81,6.82,6.792678291974067
20230807093358020,6.81,6.82,6.792678291974067
20230807093358090,6.81,6.82,6.792678291974067
20230807093358190,6.81,6.82,6.792678291974067
20230807093359880,6.81,6.82,6.792678291974067
20230807093359930,6.81,6.82,6.792678291974067
20230807093400010,6.81,6.82,6.792678291974067
20230807093400070,6.81,6.82,6.792678291974067
20230807093400240,6.81,6.82,6.792678291974067
20230807093400360,6.81,6.82,6.792678291974067
20230807093400790,6.81,6.82,6.792678291974067
20230807093400800,6.81,6.82,6.792678291974067
20230807093401000,6.81,6.82,6.792868870402802
20230807093401010,6.81,6.82,6.792868870402802
20230807093401080,6.81,6.82,6.792868870402802
20230807093401110,6.82,6.82,6.793032307025152
20230807093403050,6.81,6.82,6.793032307025152
20230807093403210,6.81,6.82,6.793032307025152
20230807093405650,6.81,6.82,6.793032307025152
20230807093405710,6.81,6.82,6.793032307025152
20230807093405760,6.81,6.82,6.793032307025152
20230807093406160,6.81,6.82,6.793032307025152
20230807093406450,6.8,6.82,6.793032307025152
20230807093406460,6.8,6.82,6.793045124986473
20230807093408160,6.8,6.82,6.793045124986473
20230807093408210,6.8,6.82,6.793045124986473
20230807093408220,6.8,6.82,6.793045124986473
20230807093408790,6.81,6.82,6.793045124986473
20230807093408960,6.81,6.82,6.793045124986473
20230807093408970,6.81,6.82,6.793045124986473
20230807093409040,6.81,6.82,6.793045124986473
20230807093410820,6.81,6.82,6.793045124986473
20230807093410970,6.81,6.82,6.793045124986473
20230807093411300,6.81,6.82,6.793045124986473
20230807093411330,6.81,6.82,6.793045124986473
20230807093411440,6.8,6.82,6.793045124986473
20230807093411450,6.8,6.82,6.793045124986473
20230807093413380,6.81,6.82,6.793045124986473
20230807093413650,6.81,6.81,6.793045124986473
20230807093413730,6.81,6.81,6.793045124986473
20230807093413880,6.81,6.82,6.793045124986473
20230807093413890,6.8,6.82,6.793045124986473
20230807093414120,6.8,6.81,6.793045124986473
20230807093414270,6.8,6.81,6.793045124986473
20230807093416090,6.8,6.81,6.793045124986473
20230807093416110,6.8,6.81,6.793045124986473
20230807093416140,6.81,6.81,6.793178730630439
20230807093416250,6.81,6.81,6.793178730630439
20230807093417010,6.81,6.81,6.793178730630439
20230807093417020,6.81,6.81,6.793178730630439
20230807093417030,6.81,6.81,6.793178730630439
20230807093418900,6.81,6.81,6.793178730630439
20230807093419030,6.81,6.81,6.793180178268251
20230807093419090,6.81,6.81,6.793180178268251
20230807093419120,6.82,6.81,6.793209863477617
20230807093419180,6.81,6.81,6.793209863477617
20230807093419270,6.81,6.81,6.793209863477617
20230807093419290,6.81,6.81,6.793209863477617
20230807093419440,6.81,6.81,6.793209863477617
20230807093419740,6.81,6.81,6.793209863477617
20230807093419750,6.81,6.81,6.793209863477617
20230807093419780,6.81,6.81,6.793209863477617
20230807093419830,6.81,6.81,6.793209863477617
20230807093421740,6.81,6.81,6.793209863477617
20230807093422030,6.81,6.81,6.793209863477617
20230807093422120,6.81,6.81,6.793209863477617
20230807093422580,6.81,6.81,6.793258792650919
20230807093422610,6.81,6.81,6.793258792650919
20230807093422630,6.82,6.81,6.793258792650919
20230807093422710,6.82,6.81,6.793258792650919
20230807093424290,6.8,6.81,6.793258792650919
20230807093424300,6.82,6.81,6.793296634815123
20230807093424310,6.82,6.81,6.793296634815123
20230807093424400,6.82,6.81,6.793296634815123
20230807093424650,6.82,6.81,6.793296634815123
20230807093424720,6.82,6.81,6.793296634815123
20230807093424840,6.82,6.81,6.793296634815123
20230807093425070,6.82,6.81,6.793296634815123
20230807093425080,6.82,6.81,6.793296634815123
20230807093425100,6.82,6.81,6.793296634815123
20230807093425120,6.82,6.81,6.793296634815123
20230807093425150,6.82,6.81,6.793296634815123
20230807093425270,6.82,6.81,6.793296634815123
20230807093425400,6.82,6.81,6.793296634815123
20230807093427000,6.82,6.81,6.793296634815123
20230807093427040,6.82,6.81,6.793296634815123
20230807093427050,6.82,6.81,6.793296634815123
20230807093427270,6.82,6.81,6.793296634815123
20230807093427710,6.82,6.81,6.793296634815123
20230807093427720,6.82,6.81,6.793296634815123
20230807093427810,6.82,6.81,6.793296634815123
20230807093427900,6.82,6.81,6.793296634815123
20230807093428010,6.82,6.81,6.793296634815123
20230807093428040,6.82,6.81,6.793296634815123
20230807093428070,6.82,6.81,6.793296634815123
20230807093428110,6.82,6.81,6.793296634815123
20230807093428120,6.82,6.81,6.793296634815123
20230807093428140,6.82,6.81,6.793296634815123
20230807093429690,6.82,6.81,6.793296634815123
20230807093429930,6.82,6.81,6.793296634815123
20230807093429940,6.82,6.81,6.793296634815123
20230807093430040,6.81,6.81,6.793296634815123
20230807093430210,6.81,6.81,6.793296634815123
20230807093430440,6.81,6.81,6.793296634815123
20230807093432610,6.81,6.81,6.793296634815123
20230807093432760,6.81,6.81,6.793296634815123
20230807093433310,6.82,6.81,6.793296634815123
20230807093433340,6.82,6.81,6.793296634815123
20230807093433490,6.82,6.81,6.793296634815123
20230807093435090,6.82,6.81,6.793651935941618
20230807093435260,6.82,6.81,6.793651935941618
20230807093435390,6.82,6.81,6.793651935941618
20230807093435400,6.82,6.81,6.793651935941618
20230807093435420,6.82,6.81,6.793651935941618
20230807093435430,6.83,6.81,6.793651935941618
20230807093435440,6.83,6.81,6.793651935941618
20230807093435450,6.83,6.81,6.793651935941618
20230807093435460,6.83,6.81,6.793651935941618
20230807093435480,6.83,6.81,6.793651935941618
20230807093435500,6.83,6.81,6.793651935941618
20230807093435510,6.83,6.82,6.794681016850102
20230807093435520,6.83,6.82,6.794681016850102
20230807093435530,6.83,6.82,6.794681016850102
20230807093435540,6.83,6.82,6.794681016850102
20230807093435650,6.83,6.82,6.794681016850102
20230807093435740,6.83,6.82,6.794681016850102
20230807093435910,6.83,6.82,6.794681016850102
20230807093437900,6.83,6.82,6.794681016850102
20230807093438020,6.83,6.82,6.794815927145902
20230807093438180,6.83,6.82,6.794815927145902
20230807093438260,6.83,6.82,6.794815927145902
20230807093438290,6.83,6.82,6.794815927145902
20230807093438560,6.83,6.82,6.794815927145902
20230807093438740,6.83,6.82,6.794845171279272
20230807093440920,6.83,6.81,6.7948597678916824
20230807093440930,6.83,6.81,6.7948597678916824
20230807093441080,6.83,6.81,6.7948597678916824
20230807093443070,6.83,6.81,6.7948597678916824
20230807093443200,6.83,6.81,6.7948597678916824
20230807093443860,6.82,6.81,6.7948597678916824
20230807093443900,6.82,6.81,6.7948597678916824
20230807093443920,6.82,6.81,6.7948597678916824
20230807093444230,6.82,6.81,6.7948597678916824
20230807093446020,6.82,6.81,6.7948597678916824
20230807093446110,6.83,6.81,6.7948597678916824
20230807093446960,6.83,6.81,6.7948597678916824
20230807093448730,6.83,6.81,6.7948597678916824
20230807093449180,6.83,6.81,6.7948597678916824
20230807093449340,6.83,6.81,6.7948597678916824
20230807093449410,6.83,6.81,6.7948597678916824
20230807093451670,6.83,6.81,6.7948597678916824
20230807093452050,6.83,6.81,6.7948597678916824
20230807093452080,6.83,6.81,6.7948597678916824
20230807093453870,6.83,6.81,6.7948597678916824
20230807093453890,6.82,6.81,6.7948597678916824
20230807093453900,6.82,6.81,6.7948597678916824
20230807093454140,6.82,6.81,6.7948597678916824
20230807093454240,6.82,6.81,6.7948597678916824
20230807093454270,6.82,6.81,6.79516221101703
20230807093454760,6.82,6.81,6.7951858188385135
20230807093454800,6.82,6.81,6.7951858188385135
20230807093454810,6.82,6.81,6.795190535018531
20230807093456790,6.82,6.81,6.795190535018531
20230807093457580,6.82,6.81,6.795207027540361
20230807093457620,6.82,6.81,6.795207027540361
20230807093459300,6.82,6.81,6.795207027540361
20230807093459400,6.82,6.81,6.795207027540361
20230807093459410,6.82,6.81,6.795207027540361
20230807093459740,6.82,6.81,6.795207027540361
20230807093459810,6.82,6.81,6.795207027540361
20230807093459990,6.82,6.81,6.795207027540361
20230807093502110,6.82,6.81,6.795207027540361
20230807093502250,6.82,6.81,6.795207027540361
20230807093502810,6.82,6.81,6.795207027540361
20230807093502840,6.82,6.81,6.795207027540361
20230807093504950,6.82,6.81,6.795207027540361
20230807093505290,6.82,6.81,6.795207027540361
20230807093505330,6.82,6.81,6.795207027540361
20230807093505470,6.82,6.81,6.795207027540361
20230807093505630,6.82,6.81,6.795207027540361
20230807093505680,6.82,6.81,6.795207027540361
20230807093505700,6.82,6.81,6.795207027540361
20230807093507520,6.82,6.81,6.795207027540361
20230807093507870,6.82,6.81,6.795207027540361
20230807093508130,6.82,6.81,6.795207027540361
20230807093508140,6.82,6.81,6.795207027540361
20230807093508170,6.82,6.81,6.795207027540361
20230807093508180,6.82,6.81,6.795207027540361
20230807093508190,6.82,6.81,6.795207027540361
20230807093508400,6.82,6.81,6.795207027540361
20230807093508480,6.82,6.81,6.795207027540361
20230807093510240,6.82,6.81,6.795290395693645
20230807093510260,6.82,6.81,6.795290395693645
20230807093510590,6.82,6.81,6.795290395693645
20230807093510900,6.82,6.81,6.795290395693645
20230807093510950,6.82,6.81,6.795290395693645
20230807093513100,6.82,6.81,6.795290395693645
20230807093513660,6.82,6.81,6.795290395693645
20230807093513680,6.82,6.81,6.795290395693645
20230807093515520,6.82,6.81,6.795290395693645
20230807093515670,6.82,6.81,6.795290395693645
20230807093516050,6.82,6.81,6.795655541213351
20230807093516330,6.82,6.81,6.795655541213351
20230807093516690,6.82,6.81,6.795655541213351
20230807093518670,6.82,6.81,6.795655541213351
20230807093518800,6.82,6.81,6.795673484429703
20230807093519330,6.82,6.81,6.795673484429703
20230807093519420,6.82,6.81,6.795673484429703
20230807093520870,6.82,6.81,6.795673484429703
20230807093520900,6.82,6.81,6.795673484429703
20230807093521400,6.82,6.81,6.795673484429703
20230807093521540,6.82,6.81,6.795673484429703
20230807093521550,6.82,6.81,6.795673484429703
20230807093521700,6.82,6.81,6.795673484429703
20230807093521710,6.82,6.81,6.795673484429703
20230807093521950,6.82,6.81,6.795673484429703
20230807093524040,6.82,6.81,6.795673484429703
20230807093524230,6.82,6.81,6.795673484429703
20230807093524290,6.82,6.81,6.795673484429703
20230807093527380,6.82,6.81,6.795673484429703
20230807093527410,6.82,6.81,6.795673484429703
20230807093527480,6.82,6.81,6.795673484429703
20230807093529120,6.82,6.81,6.795673484429703
20230807093529440,6.82,6.81,6.795673484429703
20230807093529790,6.82,6.81,6.795673484429703
20230807093529900,6.82,6.81,6.795692718401915
20230807093529930,6.82,6.81,6.795692718401915
20230807093531980,6.82,6.81,6.795692718401915
20230807093532020,6.82,6.81,6.795692718401915
20230807093532460,6.82,6.81,6.795692718401915
20230807093532490,6.82,6.81,6.795692718401915
20230807093532530,6.82,6.81,6.795771203517128
20230807093534580,6.82,6.81,6.795771203517128
20230807093534740,6.82,6.81,6.795771203517128
20230807093537240,6.82,6.81,6.795771203517128
20230807093537410,6.82,6.81,6.795771203517128
20230807093537570,6.82,6.81,6.795778245742538
20230807093537630,6.82,6.81,6.795784753363229
20230807093538020,6.82,6.81,6.795784753363229
20230807093538030,6.82,6.81,6.795784753363229
20230807093538090,6.82,6.81,6.795784753363229
20230807093538170,6.82,6.81,6.795784753363229
20230807093539800,6.82,6.81,6.795784753363229
20230807093539860,6.82,6.81,6.795784753363229
20230807093539900,6.82,6.81,6.795784753363229
20230807093539950,6.82,6.81,6.795897622734311
20230807093540100,6.82,6.81,6.795897622734311
20230807093540400,6.82,6.81,6.795897622734311
20230807093540620,6.82,6.81,6.795897622734311
20230807093540710,6.82,6.81,6.796073591899467
20230807093542490,6.82,6.81,6.796073591899467
20230807093542570,6.82,6.81,6.796073591899467
20230807093542650,6.82,6.81,6.796096218070223
20230807093542740,6.82,6.81,6.796111311564135
20230807093542800,6.82,6.81,6.796111311564135
20230807093542840,6.82,6.81,6.796111311564135
20230807093543300,6.82,6.81,6.796157511462735
20230807093543340,6.82,6.81,6.796158755843222
20230807093545400,6.82,6.81,6.796158755843222
20230807093546080,6.82,6.81,6.796158755843222
20230807093546180,6.82,6.81,6.796171608265948
20230807093548190,6.82,6.81,6.796177817691962
20230807093548310,6.82,6.81,6.7962162646821485
20230807093548800,6.82,6.81,6.7962162646821485
20230807093551170,6.82,6.81,6.7962162646821485
20230807093551220,6.82,6.81,6.7962162646821485
20230807093551260,6.82,6.81,6.796224791610648
20230807093551410,6.82,6.81,6.7962269223875245
20230807093551560,6.82,6.81,6.7962269223875245
20230807093551790,6.82,6.81,6.7962269223875245
20230807093553460,6.82,6.81,6.7962269223875245
20230807093553590,6.82,6.81,6.7962269223875245
20230807093554380,6.83,6.81,6.796461087940368
20230807093554400,6.83,6.81,6.796461087940368
20230807093554450,6.83,6.81,6.796461087940368
20230807093556060,6.83,6.81,6.796461087940368
20230807093556260,6.83,6.81,6.796461087940368
20230807093556270,6.83,6.81,6.796467352732434
20230807093556390,6.83,6.81,6.796467352732434
20230807093556560,6.83,6.81,6.796467352732434
20230807093556990,6.83,6.81,6.796467352732434
20230807093557160,6.83,6.81,6.796467352732434
20230807093558830,6.83,6.81,6.796467352732434
20230807093558960,6.82,6.81,6.796467352732434
20230807093559450,6.82,6.81,6.796467352732434
20230807093601890,6.83,6.81,6.796504871567759
20230807093601970,6.83,6.81,6.796504871567759
20230807093602290,6.83,6.81,6.796504871567759
20230807093605030,6.83,6.81,6.796506952439996
20230807093605060,6.83,6.81,6.796513192845759
20230807093606910,6.83,6.81,6.796513192845759
20230807093606920,6.83,6.81,6.796513192845759
20230807093607050,6.83,6.81,6.796513192845759
20230807093607070,6.83,6.81,6.796513192845759
20230807093607080,6.83,6.81,6.796513192845759
20230807093607240,6.83,6.81,6.796513192845759
20230807093607250,6.83,6.81,6.796513192845759
20230807093607600,6.83,6.81,6.796513192845759
20230807093607800,6.83,6.81,6.796513192845759
20230807093607930,6.83,6.81,6.796513192845759
20230807093609540,6.83,6.81,6.796513192845759
20230807093610210,6.83,6.81,6.7965987654320985
20230807093610350,6.83,6.81,6.7965987654320985
20230807093610430,6.83,6.81,6.7965987654320985
20230807093610720,6.83,6.81,6.7965987654320985
20230807093612240,6.83,6.81,6.7965987654320985
20230807093612290,6.83,6.81,6.7965987654320985
20230807093612510,6.83,6.81,6.7965987654320985
20230807093612640,6.83,6.82,6.7965987654320985
20230807093612910,6.83,6.82,6.7965987654320985
20230807093612990,6.83,6.82,6.7965987654320985
20230807093613040,6.83,6.82,6.7965987654320985
20230807093613070,6.83,6.82,6.7965987654320985
20230807093613090,6.83,6.82,6.7965987654320985
20230807093613100,6.83,6.82,6.7965987654320985
20230807093613150,6.83,6.82,6.7965987654320985
20230807093613160,6.83,6.82,6.7965987654320985
20230807093613350,6.83,6.82,6.7965987654320985
20230807093613390,6.83,6.82,6.7965987654320985
20230807093613410,6.83,6.82,6.7965987654320985
20230807093614940,6.83,6.82,6.7965987654320985
20230807093615780,6.83,6.82,6.7965987654320985
20230807093615890,6.83,6.82,6.7965987654320985
20230807093617680,6.83,6.82,6.7965987654320985
20230807093617880,6.83,6.82,6.7965987654320985
20230807093618330,6.83,6.82,6.7965987654320985
20230807093618430,6.83,6.82,6.7965987654320985
20230807093618730,6.83,6.82,6.7965987654320985
20230807093620450,6.83,6.82,6.7965987654320985
20230807093620890,6.83,6.82,6.79677747566003
20230807093620900,6.83,6.82,6.79679495046901
20230807093623200,6.83,6.82,6.79679495046901
20230807093623500,6.83,6.82,6.79679495046901
20230807093623840,6.83,6.82,6.79679495046901
20230807093623890,6.83,6.82,6.79679495046901
20230807093625970,6.83,6.82,6.79679495046901
20230807093626130,6.83,6.82,6.797637559808613
20230807093626470,6.83,6.82,6.797637559808613
20230807093626480,6.83,6.82,6.797637559808613
20230807093626510,6.83,6.82,6.797637559808613
20230807093626520,6.83,6.82,6.797637559808613
20230807093626640,6.83,6.82,6.797637559808613
20230807093626770,6.83,6.82,6.797637559808613
20230807093626800,6.83,6.82,6.797637559808613
20230807093628470,6.83,6.82,6.797637559808613
20230807093628480,6.83,6.82,6.797637559808613
20230807093628760,6.83,6.82,6.797637559808613
20230807093628800,6.83,6.82,6.797637559808613
20230807093628840,6.83,6.82,6.797637559808613
20230807093628860,6.83,6.82,6.797637559808613
20230807093629200,6.83,6.82,6.797637559808613
20230807093629330,6.83,6.82,6.797637559808613
20230807093631080,6.83,6.82,6.797637559808613
20230807093631210,6.83,6.82,6.797637559808613
20230807093631290,6.83,6.82,6.797637559808613
20230807093631300,6.83,6.82,6.797637559808613
20230807093631310,6.83,6.82,6.797637559808613
20230807093631700,6.83,6.82,6.797637559808613
20230807093631900,6.83,6.82,6.797637559808613
20230807093631960,6.83,6.82,6.797637559808613
20230807093634380,6.83,6.82,6.797637559808613
20230807093634530,6.83,6.82,6.797637559808613
20230807093635000,6.83,6.82,6.797637559808613
20230807093636610,6.83,6.82,6.797637559808613
20230807093636900,6.83,6.82,6.797637559808613
20230807093637080,6.83,6.82,6.797637559808613
20230807093637110,6.83,6.82,6.797637559808613
20230807093637120,6.83,6.82,6.797637559808613
20230807093637210,6.83,6.82,6.797637559808613
20230807093637460,6.83,6.82,6.797637559808613
20230807093637510,6.83,6.82,6.797637559808613
20230807093637570,6.83,6.82,6.797637559808613
20230807093637670,6.83,6.82,6.797637559808613
20230807093639280,6.83,6.82,6.797637559808613
20230807093639480,6.83,6.82,6.797637559808613
20230807093639500,6.83,6.82,6.797637559808613
20230807093639550,6.83,6.82,6.797637559808613
20230807093640270,6.83,6.82,6.797637559808613
20230807093640340,6.83,6.82,6.797637559808613
20230807093640410,6.83,6.82,6.797637559808613
20230807093641910,6.83,6.82,6.797637559808613
20230807093642080,6.83,6.82,6.797637559808613
20230807093643090,6.83,6.82,6.797906189145712
20230807093643120,6.83,6.82,6.797906189145712
20230807093644620,6.83,6.82,6.797906189145712
20230807093644650,6.83,6.82,6.797906189145712
20230807093644660,6.83,6.82,6.797906189145712
20230807093645040,6.83,6.82,6.797906189145712
20230807093645400,6.83,6.82,6.797906189145712
20230807093645470,6.83,6.82,6.797973977695167
20230807093647350,6.83,6.82,6.797973977695167
20230807093647500,6.83,6.82,6.797973977695167
20230807093647770,6.83,6.82,6.797973977695167
20230807093647870,6.83,6.82,6.797973977695167
20230807093647980,6.83,6.82,6.797973977695167
20230807093648080,6.83,6.82,6.797973977695167
20230807093650090,6.83,6.82,6.798080161670597
20230807093650790,6.83,6.82,6.798080161670597
20230807093650990,6.83,6.82,6.798179299924453
20230807093653050,6.83,6.82,6.798184641208561
20230807093653070,6.83,6.82,6.798184641208561
20230807093653100,6.83,6.83,6.798184641208561
20230807093653110,6.83,6.83,6.79821665129538
20230807093653120,6.83,6.83,6.7982193158953725
20230807093653250,6.83,6.83,6.7982193158953725
20230807093653410,6.83,6.83,6.7982193158953725
20230807093653550,6.83,6.83,6.7982193158953725
20230807093653640,6.83,6.83,6.7982193158953725
20230807093653900,6.83,6.83,6.7982193158953725
20230807093655420,6.83,6.83,6.7982193158953725
20230807093655580,6.83,6.83,6.7982193158953725
20230807093655610,6.83,6.83,6.7982193158953725
20230807093655940,6.83,6.83,6.7982193158953725
20230807093656330,6.83,6.83,6.7982193158953725
20230807093658100,6.83,6.83,6.798230266465561
20230807093658270,6.83,6.83,6.798230266465561
20230807093658600,6.83,6.83,6.798230266465561
20230807093658720,6.83,6.83,6.798230266465561
20230807093658850,6.83,6.83,6.798230266465561
20230807093658890,6.83,6.83,6.798230266465561
20230807093658940,6.83,6.82,6.798230266465561
20230807093659120,6.83,6.82,6.798230266465561
20230807093700800,6.83,6.82,6.798230266465561
20230807093701040,6.83,6.81,6.798726271673925
20230807093701410,6.83,6.81,6.798726271673925
20230807093701790,6.83,6.82,6.798726271673925
20230807093701900,6.83,6.82,6.798726271673925
20230807093703570,6.83,6.82,6.798726271673925
20230807093703960,6.83,6.82,6.798726271673925
20230807093704070,6.83,6.82,6.798726271673925
20230807093704110,6.83,6.82,6.798726271673925
20230807093704170,6.83,6.82,6.798726271673925
20230807093706830,6.83,6.82,6.798748562982428
20230807093707090,6.83,6.82,6.798748562982428
20230807093707340,6.83,6.82,6.798748562982428
20230807093709090,6.83,6.82,6.798748562982428
20230807093709930,6.83,6.82,6.798748562982428
20230807093709940,6.83,6.82,6.798748562982428
20230807093711620,6.83,6.82,6.798748562982428
20230807093711900,6.83,6.82,6.798748562982428
20230807093711990,6.83,6.82,6.798748562982428
20230807093712060,6.83,6.82,6.798748562982428
20230807093712430,6.83,6.82,6.798748562982428
20230807093714310,6.83,6.82,6.798748562982428
20230807093714330,6.83,6.82,6.798760669730794
20230807093714340,6.83,6.82,6.798760669730794
20230807093714350,6.83,6.82,6.798760669730794
20230807093714390,6.83,6.82,6.798760669730794
20230807093714490,6.83,6.82,6.798760669730794
20230807093715190,6.83,6.82,6.798794332050127
20230807093715200,6.83,6.82,6.798794332050127
20230807093715220,6.83,6.82,6.798794332050127
20230807093717120,6.83,6.82,6.798794332050127
20230807093717380,6.83,6.82,6.798794332050127
20230807093717530,6.83,6.82,6.798794332050127
20230807093717720,6.83,6.82,6.798794332050127
20230807093717780,6.83,6.81,6.798796068796069
20230807093720070,6.83,6.81,6.798796068796069
20230807093720840,6.83,6.81,6.798871916353537
20230807093722360,6.83,6.82,6.798871916353537
20230807093722390,6.83,6.82,6.798871916353537
20230807093722720,6.83,6.82,6.798871916353537
20230807093722750,6.83,6.82,6.798871916353537
20230807093723030,6.83,6.82,6.798871916353537
20230807093725130,6.83,6.82,6.798871916353537
20230807093725390,6.83,6.82,6.798871916353537
20230807093725410,6.83,6.81,6.79891960208741
20230807093725920,6.83,6.81,6.79891960208741
20230807093726180,6.83,6.82,6.79891960208741
20230807093728380,6.83,6.82,6.79891960208741
20230807093728650,6.83,6.82,6.79891960208741
20230807093728690,6.83,6.82,6.79891960208741
20230807093728760,6.83,6.82,6.798997966653111
20230807093728900,6.83,6.82,6.798997966653111
20230807093729020,6.83,6.82,6.798997966653111
20230807093731700,6.83,6.82,6.798997966653111
20230807093733160,6.83,6.82,6.798997966653111
20230807093733970,6.83,6.82,6.798997966653111
20230807093734200,6.83,6.82,6.798997966653111
20230807093734220,6.83,6.82,6.798997966653111
20230807093736130,6.83,6.82,6.798997966653111
20230807093736160,6.83,6.82,6.798997966653111
20230807093736650,6.83,6.82,6.798997966653111
20230807093736750,6.83,6.82,6.798997966653111
20230807093736890,6.83,6.82,6.798997966653111
20230807093736990,6.83,6.82,6.798997966653111
20230807093737010,6.83,6.82,6.798997966653111
20230807093738670,6.83,6.82,6.798997966653111
20230807093738760,6.83,6.82,6.798997966653111
20230807093739440,6.83,6.82,6.798997966653111
20230807093739510,6.83,6.82,6.798997966653111
20230807093739630,6.83,6.82,6.798997966653111
20230807093741470,6.83,6.82,6.798997966653111
20230807093741600,6.83,6.82,6.798997966653111
20230807093741770,6.83,6.82,6.798997966653111
20230807093741800,6.83,6.82,6.798997966653111
20230807093741930,6.83,6.82,6.798997966653111
20230807093743950,6.83,6.82,6.798997966653111
20230807093744020,6.83,6.82,6.798997966653111
20230807093744480,6.83,6.82,6.798997966653111
20230807093744810,6.83,6.82,6.798997966653111
20230807093744880,6.83,6.82,6.798997966653111
20230807093744900,6.83,6.82,6.798997966653111
20230807093746780,6.83,6.82,6.798997966653111
20230807093746910,6.83,6.82,6.798997966653111
20230807093747080,6.83,6.82,6.798997966653111
20230807093747090,6.83,6.82,6.798997966653111
20230807093747150,6.83,6.82,6.798997966653111
20230807093747660,6.83,6.82,6.798997966653111
20230807093747720,6.83,6.82,6.798997966653111
20230807093749370,6.83,6.82,6.798997966653111
20230807093750270,6.83,6.82,6.798997966653111
20230807093750350,6.83,6.82,6.798997966653111
20230807093750500,6.83,6.82,6.798997966653111
20230807093752120,6.83,6.82,6.798997966653111
20230807093752220,6.83,6.82,6.799920296717172
20230807093752230,6.83,6.82,6.799920296717172
20230807093752500,6.83,6.82,6.799920296717172
20230807093752630,6.83,6.82,6.799920296717172
20230807093752840,6.83,6.82,6.799920296717172
20230807093752890,6.83,6.82,6.79992741617357
20230807093752920,6.83,6.82,6.79992741617357
20230807093754980,6.83,6.82,6.799988197340467
20230807093755090,6.83,6.82,6.799988197340467
20230807093755340,6.83,6.82,6.799988197340467
20230807093755350,6.83,6.82,6.799988197340467
20230807093755400,6.83,6.82,6.799988197340467
20230807093755620,6.83,6.82,6.799988197340467
20230807093757710,6.83,6.82,6.799988197340467
20230807093757860,6.83,6.82,6.799988197340467
20230807093758040,6.83,6.82,6.80005182160804
20230807093758050,6.83,6.82,6.80005182160804
20230807093758070,6.84,6.82,6.800131558339859
20230807093758080,6.84,6.82,6.800217849613492
20230807093758090,6.84,6.83,6.800217849613492
20230807093758100,6.84,6.82,6.800217849613492
20230807093758110,6.84,6.82,6.800217849613492
20230807093758130,6.84,6.82,6.800217849613492
20230807093758140,6.84,6.82,6.800217849613492
20230807093758150,6.84,6.82,6.800217849613492
20230807093758180,6.84,6.83,6.800217849613492
20230807093758190,6.84,6.83,6.800217849613492
20230807093758200,6.84,6.86,6.800217849613492
20230807093758240,6.84,6.86,6.800217849613492
20230807093758270,6.84,6.86,6.800217849613492
20230807093758490,6.84,6.84,6.800217849613492
20230807093758540,6.84,6.84,6.800217849613492
20230807093758640,6.84,6.84,6.800217849613492
20230807093758650,6.84,6.84,6.800217849613492
20230807093800460,6.84,6.84,6.800217849613492
20230807093800610,6.84,6.84,6.800217849613492
20230807093800900,6.84,6.83,6.800217849613492
20230807093800920,6.84,6.83,6.800217849613492
20230807093801090,6.84,6.83,6.800217849613492
20230807093801120,6.84,6.83,6.800217849613492
20230807093801160,6.84,6.83,6.800217849613492
20230807093801170,6.84,6.83,6.800217849613492
20230807093802900,6.84,6.83,6.800217849613492
20230807093802970,6.84,6.83,6.800217849613492
20230807093802990,6.84,6.83,6.800217849613492
20230807093803110,6.84,6.83,6.800217849613492
20230807093803280,6.84,6.82,6.801246023329798
20230807093803330,6.84,6.83,6.801246023329798
20230807093803340,6.84,6.83,6.801246023329798
20230807093803790,6.84,6.83,6.801246023329798
20230807093804090,6.84,6.83,6.801246023329798
20230807093805610,6.84,6.83,6.801439861508355
20230807093805830,6.84,6.83,6.801439861508355
20230807093805990,6.84,6.83,6.801439861508355
20230807093808440,6.84,6.83,6.801439861508355
20230807093808800,6.84,6.83,6.801439861508355
20230807093808900,6.84,6.83,6.801439861508355
20230807093809180,6.84,6.83,6.801439861508355
20230807093809380,6.84,6.83,6.801439861508355
20230807093809450,6.84,6.83,6.801439861508355
20230807093809470,6.84,6.83,6.801439861508355
20230807093811100,6.84,6.83,6.801439861508355
20230807093811600,6.84,6.83,6.801439861508355
20230807093811680,6.84,6.83,6.801439861508355
20230807093811870,6.84,6.83,6.801439861508355
20230807093813960,6.84,6.83,6.801439861508355
20230807093813990,6.84,6.83,6.801439861508355
20230807093814240,6.84,6.83,6.801439861508355
20230807093814310,6.84,6.83,6.801439861508355
20230807093814410,6.84,6.83,6.801439861508355
20230807093816370,6.84,6.83,6.801439861508355
20230807093817040,6.84,6.83,6.801439861508355
20230807093817450,6.84,6.83,6.801439861508355
20230807093817480,6.84,6.83,6.801439861508355
20230807093819090,6.84,6.83,6.801439861508355
20230807093819200,6.84,6.83,6.801439861508355
20230807093819360,6.84,6.83,6.801439861508355
20230807093820050,6.84,6.83,6.801439861508355
20230807093821750,6.84,6.83,6.801439861508355
20230807093821920,6.84,6.83,6.801439861508355
20230807093822010,6.84,6.83,6.801439861508355
20230807093822230,6.84,6.83,6.801439861508355
20230807093822250,6.84,6.83,6.801439861508355
20230807093822420,6.84,6.83,6.801439861508355
20230807093822560,6.84,6.83,6.801439861508355
20230807093822600,6.84,6.83,6.801439861508355
20230807093822880,6.84,6.83,6.801439861508355
20230807093825070,6.84,6.83,6.801439861508355
20230807093825410,6.84,6.83,6.801439861508355
20230807093825510,6.84,6.83,6.801439861508355
20230807093827840,6.84,6.83,6.801439861508355
20230807093828080,6.84,6.83,6.801439861508355
20230807093828090,6.84,6.83,6.801439861508355
20230807093829920,6.84,6.83,6.801439861508355
20230807093829970,6.84,6.83,6.801439861508355
20230807093829990,6.84,6.83,6.801439861508355
20230807093830140,6.84,6.83,6.801439861508355
20230807093830370,6.84,6.83,6.801439861508355
20230807093830600,6.84,6.83,6.801439861508355
20230807093830980,6.84,6.83,6.801439861508355
20230807093832810,6.84,6.83,6.801439861508355
20230807093832950,6.84,6.83,6.801439861508355
20230807093833170,6.84,6.83,6.801439861508355
20230807093833360,6.84,6.83,6.801439861508355
20230807093835830,6.84,6.83,6.801439861508355
20230807093835930,6.84,6.83,6.801439861508355
20230807093836100,6.84,6.83,6.801439861508355
20230807093836270,6.84,6.83,6.801439861508355
20230807093837950,6.84,6.83,6.801439861508355
20230807093837960,6.84,6.83,6.801439861508355
20230807093838030,6.84,6.83,6.801439861508355
20230807093838670,6.84,6.83,6.801439861508355
20230807093840640,6.84,6.83,6.801439861508355
20230807093840780,6.84,6.83,6.801439861508355
20230807093840900,6.84,6.83,6.801439861508355
20230807093840910,6.84,6.83,6.801439861508355
20230807093841000,6.84,6.83,6.801439861508355
20230807093841290,6.84,6.82,6.8016705301727365
20230807093841540,6.84,6.83,6.8016705301727365
20230807093841610,6.84,6.83,6.8016705301727365
20230807093841710,6.84,6.83,6.8016705301727365
20230807093841830,6.84,6.83,6.8016705301727365
20230807093841900,6.84,6.83,6.8016705301727365
20230807093843400,6.84,6.83,6.8016705301727365
20230807093843420,6.84,6.83,6.8016705301727365
20230807093843660,6.84,6.83,6.8016705301727365
20230807093844030,6.84,6.83,6.8016705301727365
20230807093844040,6.84,6.83,6.8016705301727365
20230807093844500,6.84,6.83,6.8016705301727365
20230807093846080,6.84,6.84,6.8016705301727365
20230807093846090,6.84,6.84,6.8016705301727365
20230807093846120,6.84,6.84,6.8016705301727365
20230807093846130,6.84,6.84,6.8016705301727365
20230807093846170,6.84,6.84,6.8016705301727365
20230807093846720,6.84,6.84,6.8016705301727365
20230807093847140,6.84,6.84,6.8016705301727365
20230807093847150,6.84,6.84,6.8016705301727365
20230807093849090,6.84,6.84,6.8016705301727365
20230807093849140,6.84,6.84,6.8016705301727365
20230807093849170,6.84,6.84,6.8016705301727365
20230807093849190,6.84,6.84,6.8016705301727365
20230807093849470,6.84,6.84,6.8016705301727365
20230807093849550,6.84,6.84,6.8016705301727365
20230807093849570,6.84,6.84,6.8016705301727365
20230807093849720,6.84,6.84,6.8016705301727365
20230807093849740,6.84,6.84,6.8016705301727365
20230807093849900,6.84,6.84,6.8016705301727365
20230807093852070,6.84,6.84,6.8016705301727365
20230807093852100,6.84,6.84,6.8016705301727365
20230807093852130,6.84,6.84,6.8016705301727365
20230807093854230,6.84,6.84,6.8016705301727365
20230807093854330,6.84,6.84,6.8016705301727365
20230807093854420,6.84,6.84,6.8016705301727365
20230807093854540,6.84,6.84,6.8016705301727365
20230807093854550,6.84,6.84,6.8016705301727365
20230807093854700,6.84,6.84,6.8016705301727365
20230807093854790,6.84,6.84,6.8016705301727365
20230807093855090,6.84,6.84,6.8016705301727365
20230807093855140,6.84,6.84,6.8016705301727365
20230807093855190,6.84,6.84,6.8016705301727365
20230807093855270,6.84,6.84,6.8016705301727365
20230807093857310,6.84,6.84,6.8016705301727365
20230807093857700,6.84,6.84,6.8016705301727365
20230807093859590,6.84,6.84,6.8016705301727365
20230807093859730,6.84,6.84,6.8016705301727365
20230807093859930,6.84,6.84,6.8016705301727365
20230807093859970,6.84,6.84,6.8016705301727365
20230807093900030,6.84,6.84,6.8016705301727365
20230807093900040,6.84,6.84,6.8016705301727365
20230807093900050,6.84,6.84,6.8016705301727365
20230807093900090,6.84,6.84,6.8016705301727365
20230807093900140,6.84,6.84,6.8016705301727365
20230807093900520,6.84,6.84,6.8016705301727365
20230807093900540,6.84,6.84,6.8016705301727365
20230807093900550,6.84,6.84,6.8016705301727365
20230807093900710,6.84,6.84,6.8016705301727365
20230807093902420,6.84,6.84,6.8016705301727365
20230807093902440,6.84,6.84,6.802035790874806
20230807093903000,6.84,6.84,6.802035790874806
20230807093905340,6.84,6.83,6.803028229871813
20230807093905350,6.84,6.83,6.803028229871813
20230807093905440,6.84,6.83,6.803028229871813
20230807093905500,6.84,6.83,6.803028229871813
20230807093906000,6.84,6.83,6.803139718552556
20230807093906050,6.84,6.83,6.803139718552556
20230807093907670,6.84,6.83,6.803139718552556
20230807093907750,6.84,6.83,6.803139718552556
20230807093907780,6.84,6.83,6.803139718552556
20230807093908010,6.84,6.83,6.803139718552556
20230807093908020,6.84,6.83,6.803139718552556
20230807093908550,6.84,6.83,6.803139718552556
20230807093908710,6.84,6.83,6.803139718552556
20230807093908760,6.84,6.83,6.803150301464255
20230807093908900,6.84,6.83,6.803150301464255
20230807093910920,6.84,6.83,6.803150301464255
20230807093911010,6.84,6.83,6.803150301464255
20230807093911160,6.84,6.83,6.803152946242733
20230807093911190,6.84,6.83,6.803152946242733
20230807093911580,6.84,6.83,6.803158234660926
20230807093913180,6.84,6.83,6.803197849462365
20230807093913690,6.84,6.83,6.803197849462365
20230807093914220,6.84,6.83,6.803234746490976
20230807093915780,6.84,6.83,6.80325316727507
20230807093915860,6.84,6.83,6.8033842094001855
20230807093916080,6.84,6.83,6.8033842094001855
20230807093916110,6.84,6.83,6.8033842094001855
20230807093916190,6.84,6.83,6.8033842094001855
20230807093916200,6.84,6.83,6.8033842094001855
20230807093916900,6.84,6.83,6.8033842094001855
20230807093917000,6.84,6.83,6.8033842094001855
20230807093918500,6.84,6.83,6.80340248075278
20230807093918530,6.84,6.83,6.80340248075278
20230807093918680,6.84,6.83,6.803532461997443
20230807093918860,6.84,6.83,6.803532461997443
20230807093919540,6.84,6.83,6.803532461997443
20230807093921250,6.84,6.83,6.803532461997443
20230807093921260,6.84,6.83,6.803532461997443
20230807093921540,6.84,6.83,6.803532461997443
20230807093921620,6.84,6.83,6.803532461997443
20230807093922220,6.84,6.83,6.803628055260361
20230807093924930,6.84,6.83,6.803638359657199
20230807093926880,6.84,6.83,6.803638359657199
20230807093927090,6.84,6.83,6.803638359657199
20230807093929310,6.84,6.83,6.803638359657199
20230807093929930,6.84,6.83,6.803638359657199
20230807093930310,6.84,6.83,6.803638359657199
20230807093932030,6.84,6.83,6.803638359657199
20230807093932280,6.84,6.83,6.803638359657199
20230807093932450,6.84,6.83,6.803638359657199
20230807093934780,6.84,6.83,6.803638359657199
20230807093934930,6.84,6.83,6.803638359657199
20230807093935180,6.84,6.83,6.803638359657199
20230807093935290,6.84,6.83,6.803638359657199
20230807093937430,6.84,6.83,6.803638359657199
20230807093938010,6.84,6.83,6.803638359657199
20230807093938040,6.84,6.83,6.803638359657199
20230807093938170,6.84,6.83,6.803638359657199
20230807093938470,6.84,6.83,6.803638359657199
20230807093938480,6.84,6.83,6.803638359657199
20230807093942900,6.84,6.83,6.803638359657199
20230807093943050,6.84,6.83,6.803638359657199
20230807093943170,6.84,6.83,6.803638359657199
20230807093943790,6.84,6.83,6.803638359657199
20230807093945590,6.84,6.83,6.803638359657199
20230807093945690,6.84,6.83,6.803638359657199
20230807093946080,6.84,6.83,6.803638359657199
20230807093948210,6.84,6.83,6.803638359657199
20230807093949090,6.84,6.83,6.803638359657199
20230807093949190,6.84,6.83,6.803638359657199
20230807093950920,6.84,6.83,6.803638359657199
20230807093951560,6.84,6.83,6.803638359657199
20230807093951740,6.84,6.83,6.803677583645753
20230807093953970,6.84,6.83,6.803792520600043
20230807093954020,6.84,6.83,6.803792520600043
20230807093954320,6.84,6.83,6.803792520600043
20230807093954380,6.84,6.83,6.803792520600043
20230807093956470,6.84,6.83,6.803792520600043
20230807093956500,6.84,6.83,6.803792520600043
20230807093957460,6.84,6.83,6.803792520600043
20230807093959000,6.84,6.83,6.803792520600043
20230807093959010,6.84,6.83,6.803792520600043
20230807093959020,6.84,6.83,6.803792520600043
20230807093959370,6.84,6.83,6.803792520600043
20230807093959380,6.84,6.83,6.803792520600043
20230807093959730,6.84,6.83,6.803792520600043
20230807093959900,6.84,6.83,6.803792520600043
20230807093959910,6.84,6.83,6.803792520600043
20230807093959930,6.84,6.83,6.803993004547045
20230807094000190,6.84,6.83,6.803993004547045
20230807094001740,6.84,6.83,6.803993004547045
20230807094001840,6.84,6.83,6.803993004547045
20230807094002010,6.84,6.83,6.803993004547045
20230807094002030,6.84,6.83,6.803993004547045
20230807094002100,6.84,6.83,6.803993004547045
20230807094002400,6.84,6.83,6.803993004547045
20230807094002460,6.84,6.83,6.803993004547045
20230807094002760,6.84,6.83,6.803993004547045
20230807094004930,6.84,6.83,6.803993004547045
20230807094007130,6.84,6.83,6.803993004547045
20230807094007180,6.84,6.83,6.803993004547045
20230807094007310,6.84,6.83,6.803993004547045
20230807094008060,6.84,6.83,6.803993004547045
20230807094010140,6.84,6.83,6.804038273501885
20230807094010550,6.84,6.83,6.804038273501885
20230807094012470,6.84,6.83,6.804038273501885
20230807094013090,6.84,6.83,6.804063633826402
20230807094013120,6.84,6.83,6.804063633826402
20230807094013300,6.84,6.83,6.804063633826402
20230807094013330,6.84,6.83,6.804063633826402
20230807094013340,6.84,6.83,6.804063633826402
20230807094013620,6.84,6.83,6.804063633826402
20230807094015310,6.84,6.83,6.804121292299123
20230807094015900,6.84,6.83,6.804121292299123
20230807094016080,6.84,6.83,6.804121292299123
20230807094016230,6.84,6.83,6.804121292299123
20230807094016360,6.84,6.83,6.804121292299123
20230807094017920,6.84,6.83,6.804138770965272
20230807094018420,6.84,6.83,6.804143761742398
20230807094018560,6.84,6.83,6.804186127328329
20230807094018680,6.84,6.83,6.8042108186931465
20230807094019080,6.84,6.83,6.8042108186931465
20230807094020830,6.84,6.83,6.8042108186931465
20230807094020900,6.84,6.83,6.8042108186931465
20230807094021540,6.84,6.83,6.804362782344408
20230807094023930,6.84,6.83,6.804362782344408
20230807094024010,6.84,6.83,6.804362782344408
20230807094026730,6.84,6.83,6.804362782344408
20230807094029600,6.84,6.83,6.804362782344408
20230807094029710,6.84,6.83,6.804362782344408
20230807094029800,6.84,6.83,6.804362782344408
20230807094031370,6.84,6.83,6.804362782344408
20230807094031430,6.84,6.83,6.804362782344408
20230807094031480,6.84,6.83,6.804362782344408
20230807094031570,6.84,6.83,6.804362782344408
20230807094031640,6.84,6.83,6.804362782344408
20230807094032100,6.84,6.83,6.804362782344408
20230807094032150,6.84,6.83,6.804362782344408
20230807094032510,6.84,6.83,6.804362782344408
20230807094032570,6.84,6.83,6.804362782344408
20230807094032580,6.84,6.83,6.80448299600716
20230807094034050,6.84,6.83,6.80448299600716
20230807094034060,6.84,6.83,6.80448299600716
20230807094034070,6.84,6.83,6.80448299600716
20230807094034080,6.84,6.83,6.80448299600716
20230807094034230,6.84,6.83,6.80448299600716
20230807094034380,6.84,6.83,6.80448299600716
20230807094034400,6.84,6.83,6.80448299600716
20230807094035140,6.84,6.83,6.80448299600716
20230807094035150,6.84,6.83,6.80448299600716
20230807094035160,6.84,6.83,6.80448299600716
20230807094036780,6.84,6.83,6.80448299600716
20230807094037010,6.84,6.83,6.80448299600716
20230807094037080,6.84,6.83,6.80448299600716
20230807094037090,6.84,6.83,6.804485440903146
20230807094037120,6.84,6.83,6.804490329685457
20230807094037130,6.84,6.83,6.804495217122015
20230807094037240,6.84,6.83,6.804495217122015
20230807094037490,6.84,6.83,6.804495217122015
20230807094039640,6.84,6.83,6.804502545754782
20230807094039840,6.84,6.83,6.804502545754782
20230807094039860,6.84,6.83,6.804502545754782
20230807094039900,6.84,6.83,6.804502545754782
20230807094040090,6.84,6.83,6.804502545754782
20230807094040120,6.84,6.83,6.804502545754782
20230807094040500,6.84,6.83,6.804502545754782
20230807094043090,6.84,6.83,6.804502545754782
20230807094045520,6.84,6.83,6.804502545754782
20230807094045770,6.84,6.83,6.804502545754782
20230807094045850,6.84,6.83,6.804502545754782
20230807094045930,6.84,6.83,6.804502545754782
20230807094045970,6.84,6.83,6.804502545754782
20230807094047900,6.84,6.83,6.804502545754782
20230807094048020,6.84,6.83,6.804502545754782
20230807094048040,6.84,6.83,6.804502545754782
20230807094048100,6.84,6.83,6.804502545754782
20230807094048410,6.84,6.83,6.804502545754782
20230807094050310,6.84,6.83,6.804502545754782
20230807094050320,6.84,6.83,6.804502545754782
20230807094050330,6.84,6.83,6.804502545754782
20230807094051010,6.84,6.83,6.804502545754782
20230807094051030,6.84,6.83,6.804502545754782
20230807094051100,6.84,6.83,6.804502545754782
20230807094051430,6.84,6.83,6.804502545754782
20230807094051470,6.84,6.83,6.804502545754782
20230807094053290,6.84,6.83,6.804502545754782
20230807094053410,6.84,6.83,6.804502545754782
20230807094053740,6.84,6.83,6.804502545754782
20230807094053900,6.84,6.83,6.804502545754782
20230807094055740,6.84,6.83,6.804502545754782
20230807094055810,6.84,6.83,6.80455625772771
20230807094055920,6.84,6.83,6.80455625772771
20230807094056270,6.84,6.83,6.80455625772771
20230807094056850,6.84,6.83,6.80455625772771
20230807094058480,6.84,6.83,6.804708936867997
20230807094058600,6.84,6.83,6.804708936867997
20230807094059210,6.84,6.83,6.804708936867997
20230807094101080,6.84,6.83,6.804708936867997
20230807094101220,6.84,6.83,6.804708936867997
20230807094101390,6.84,6.83,6.804708936867997
20230807094101640,6.84,6.83,6.804708936867997
20230807094101700,6.83,6.82,6.805274784122097
20230807094101710,6.83,6.82,6.805376974868342
20230807094101720,6.83,6.82,6.805376974868342
20230807094101740,6.83,6.82,6.805376974868342
20230807094101820,6.83,6.82,6.805376974868342
20230807094101850,6.83,6.82,6.805376974868342
20230807094101960,6.83,6.82,6.80547669632187
20230807094101970,6.83,6.82,6.805489714664897
20230807094102060,6.83,6.82,6.805489714664897
20230807094102110,6.83,6.82,6.805489714664897
20230807094102150,6.83,6.82,6.805504343789376
20230807094103770,6.83,6.82,6.805515709929736
20230807094103800,6.83,6.82,6.805530308049023
20230807094103820,6.83,6.82,6.805538410596027
20230807094103840,6.83,6.82,6.805538410596027
20230807094103890,6.83,6.82,6.805538410596027
20230807094104000,6.83,6.82,6.805716915390178
20230807094104010,6.83,6.82,6.805731274638633
20230807094104080,6.83,6.82,6.805867633607735
20230807094104090,6.83,6.82,6.8058755143360985
20230807094104100,6.83,6.82,6.805889686684073
20230807094104120,6.83,6.82,6.805908557265849
20230807094104190,6.83,6.82,6.805908557265849
20230807094104230,6.83,6.82,6.805919551470109
20230807094104240,6.83,6.82,6.80592112125163
20230807094104260,6.83,6.82,6.805922690828499
20230807094104270,6.83,6.82,6.805922690828499
20230807094104320,6.83,6.82,6.805922690828499
20230807094104470,6.83,6.82,6.805922690828499
20230807094104540,6.83,6.82,6.805927398331596
20230807094104550,6.83,6.82,6.805935240080787
20230807094104910,6.83,6.82,6.805935240080787
20230807094106800,6.83,6.82,6.805935240080787
20230807094106810,6.83,6.82,6.805938904448642
20230807094106840,6.83,6.82,6.805949869791666
20230807094107080,6.83,6.82,6.805949869791666
20230807094107090,6.83,6.82,6.80595300091134
20230807094107100,6.83,6.82,6.805956131215829
20230807094107230,6.83,6.82,6.805967080866567
20230807094107590,6.83,6.82,6.805967080866567
20230807094107630,6.83,6.82,6.805967080866567
20230807094109460,6.83,6.82,6.805967080866567
20230807094109620,6.83,6.82,6.805970207506667
20230807094110000,6.83,6.82,6.805970207506667
20230807094110080,6.83,6.82,6.805973333333333
20230807094110100,6.83,6.82,6.805973333333333
20230807094110240,6.83,6.82,6.8059795825476295
20230807094112070,6.83,6.82,6.805995191370459
20230807094112080,6.83,6.82,6.806027903958468
20230807094112120,6.83,6.82,6.806031014793668
20230807094112590,6.83,6.82,6.806041896361632
20230807094113070,6.83,6.82,6.8061007957559685
20230807094113080,6.83,6.82,6.8061116140713915
20230807094113090,6.83,6.82,6.806114703219967
20230807094114540,6.83,6.82,6.806117791569692
20230807094114820,6.83,6.82,6.806117791569692
20230807094115320,6.83,6.82,6.806156328664558
20230807094115550,6.83,6.82,6.806167096774193
20230807094115600,6.83,6.82,6.806167096774193
20230807094117700,6.83,6.82,6.806167096774193
20230807094117900,6.83,6.82,6.806167096774193
20230807094119950,6.83,6.82,6.806167096774193
20230807094120010,6.83,6.82,6.806167096774193
20230807094120020,6.83,6.82,6.806167096774193
20230807094120190,6.83,6.82,6.806167096774193
20230807094120360,6.83,6.82,6.806167096774193
20230807094120370,6.83,6.82,6.806167096774193
20230807094120380,6.83,6.82,6.806167096774193
20230807094120650,6.83,6.83,6.806167096774193
20230807094120730,6.83,6.83,6.806167096774193
20230807094120970,6.83,6.83,6.806167096774193
20230807094121060,6.83,6.83,6.806167096774193
20230807094121150,6.83,6.83,6.806167096774193
20230807094122700,6.83,6.83,6.806167096774193
20230807094123110,6.83,6.83,6.806167096774193
20230807094123640,6.83,6.83,6.806167096774193
20230807094123740,6.83,6.83,6.806167096774193
20230807094125630,6.83,6.83,6.806167096774193
20230807094126010,6.83,6.83,6.806167096774193
20230807094126060,6.83,6.83,6.806167096774193
20230807094126190,6.83,6.83,6.806167096774193
20230807094126360,6.83,6.83,6.806167096774193
20230807094126430,6.83,6.83,6.806167096774193
20230807094128050,6.83,6.83,6.806167096774193
20230807094128070,6.83,6.83,6.806167096774193
20230807094128080,6.83,6.83,6.806167096774193
20230807094128090,6.83,6.83,6.806167096774193
20230807094128770,6.83,6.83,6.806167096774193
20230807094130800,6.83,6.83,6.806167096774193
20230807094131130,6.83,6.83,6.806167096774193
20230807094131490,6.83,6.83,6.806167096774193
20230807094131670,6.83,6.83,6.806167096774193
20230807094133520,6.83,6.82,6.806167096774193
20230807094133610,6.83,6.82,6.806167096774193
20230807094133890,6.83,6.82,6.806167096774193
20230807094134400,6.83,6.82,6.806167096774193
20230807094134410,6.83,6.82,6.806270228615464
20230807094134420,6.83,6.82,6.806270228615464
20230807094134590,6.83,6.82,6.80627175239196
20230807094136190,6.83,6.82,6.80627175239196
20230807094136510,6.83,6.82,6.80627175239196
20230807094136630,6.83,6.82,6.806288501026694
20230807094136900,6.83,6.82,6.806288501026694
20230807094137140,6.83,6.82,6.806288501026694
20230807094137230,6.83,6.82,6.806288501026694
20230807094138910,6.83,6.82,6.806288501026694
20230807094138920,6.83,6.82,6.806288501026694
20230807094139100,6.83,6.82,6.806288501026694
20230807094139110,6.83,6.82,6.806288501026694
20230807094139770,6.83,6.82,6.806288501026694
20230807094139800,6.83,6.82,6.806288501026694
20230807094139930,6.83,6.82,6.806288501026694
20230807094140000,6.83,6.82,6.806288501026694
20230807094140070,6.83,6.82,6.806288501026694
20230807094142050,6.83,6.82,6.806288501026694
20230807094142140,6.83,6.82,6.806288501026694
20230807094142150,6.83,6.82,6.806288501026694
20230807094142330,6.83,6.82,6.806288501026694
20230807094142780,6.83,6.82,6.806288501026694
20230807094144630,6.83,6.82,6.806288501026694
20230807094147120,6.83,6.82,6.806495133897335
20230807094147170,6.83,6.82,6.806499618417705
20230807094147270,6.83,6.82,6.806499618417705
20230807094147570,6.83,6.82,6.806499618417705
20230807094149760,6.83,6.82,6.806499618417705
20230807094149990,6.83,6.82,6.806499618417705
20230807094150410,6.83,6.82,6.806499618417705
20230807094150490,6.83,6.82,6.806499618417705
20230807094152640,6.83,6.82,6.806499618417705
20230807094153000,6.83,6.82,6.806499618417705
20230807094153010,6.83,6.82,6.806499618417705
20230807094153050,6.83,6.82,6.806499618417705
20230807094153570,6.83,6.82,6.806499618417705
20230807094155030,6.83,6.82,6.806499618417705
20230807094155070,6.83,6.82,6.806499618417705
20230807094155500,6.83,6.82,6.806499618417705
20230807094156030,6.83,6.82,6.806499618417705
20230807094157810,6.83,6.82,6.806499618417705
20230807094158080,6.83,6.82,6.806499618417705
20230807094158140,6.83,6.82,6.806593399632609
20230807094158430,6.83,6.82,6.806593399632609
20230807094158740,6.83,6.82,6.806593399632609
20230807094158800,6.83,6.82,6.806593399632609
20230807094158960,6.83,6.82,6.806593399632609
20230807094158980,6.83,6.82,6.806593399632609
20230807094200750,6.83,6.82,6.806593399632609
20230807094200800,6.83,6.82,6.806593399632609
20230807094200820,6.83,6.82,6.806593399632609
20230807094200840,6.83,6.82,6.806593399632609
20230807094200860,6.83,6.82,6.806593399632609
20230807094200990,6.83,6.82,6.806593399632609
20230807094201040,6.83,6.82,6.806593399632609
20230807094201080,6.83,6.82,6.806593399632609
20230807094201160,6.83,6.82,6.806593399632609
20230807094201170,6.83,6.82,6.806593399632609
20230807094201310,6.83,6.82,6.806593399632609
20230807094201640,6.83,6.82,6.806593399632609
20230807094203660,6.83,6.82,6.806593399632609
20230807094203830,6.83,6.82,6.806593399632609
20230807094204230,6.83,6.82,6.806593399632609
20230807094204320,6.83,6.82,6.806593399632609
20230807094205840,6.83,6.82,6.806593399632609
20230807094205900,6.83,6.82,6.806593399632609
20230807094205990,6.83,6.82,6.806593399632609
20230807094206150,6.83,6.82,6.806593399632609
20230807094206160,6.83,6.82,6.806593399632609
20230807094206480,6.83,6.82,6.806593399632609
20230807094208700,6.83,6.82,6.806593399632609
20230807094208760,6.83,6.82,6.806593399632609
20230807094209030,6.83,6.82,6.806593399632609
20230807094209120,6.83,6.82,6.806593399632609
20230807094211530,6.83,6.82,6.806593399632609
20230807094211740,6.83,6.82,6.806593399632609
20230807094211890,6.83,6.82,6.806593399632609
20230807094212010,6.83,6.82,6.806593399632609
20230807094214100,6.83,6.82,6.806593399632609
20230807094214450,6.83,6.82,6.806593399632609
20230807094217240,6.83,6.82,6.806593399632609
20230807094219920,6.83,6.82,6.806593399632609
20230807094220060,6.83,6.82,6.806593399632609
20230807094220470,6.83,6.82,6.806593399632609
20230807094220500,6.83,6.82,6.806593399632609
20230807094222060,6.83,6.82,6.806593399632609
20230807094222490,6.83,6.82,6.806593399632609
20230807094222980,6.83,6.82,6.806593399632609
20230807094224740,6.83,6.82,6.806593399632609
20230807094224790,6.83,6.82,6.806593399632609
20230807094225220,6.83,6.82,6.806593399632609
20230807094225570,6.83,6.82,6.806593399632609
20230807094227760,6.83,6.82,6.806593399632609
20230807094228070,6.83,6.82,6.806593399632609
20230807094228120,6.83,6.82,6.806593399632609
20230807094230240,6.83,6.82,6.806593399632609
20230807094230260,6.83,6.82,6.806593399632609
20230807094230640,6.83,6.82,6.806593399632609
20230807094230740,6.83,6.82,6.806593399632609
20230807094230900,6.83,6.82,6.806593399632609
20230807094231050,6.83,6.82,6.806593399632609
20230807094233510,6.83,6.82,6.806593399632609
20230807094233700,6.83,6.82,6.806593399632609
20230807094233770,6.83,6.82,6.8068078990126235
20230807094235940,6.83,6.82,6.8068078990126235
20230807094236060,6.83,6.82,6.8068078990126235
20230807094236390,6.83,6.82,6.806813269194727
20230807094236590,6.83,6.82,6.806813269194727
20230807094238410,6.83,6.82,6.806813269194727
20230807094238850,6.83,6.82,6.806813269194727
20230807094238900,6.83,6.82,6.806813269194727
20230807094238930,6.83,6.82,6.806813269194727
20230807094239080,6.83,6.82,6.806813269194727
20230807094239470,6.83,6.82,6.806813269194727
20230807094240920,6.83,6.82,6.806813269194727
20230807094241080,6.83,6.82,6.806813269194727
20230807094241220,6.83,6.82,6.806813269194727
20230807094241280,6.83,6.82,6.806813269194727
20230807094241460,6.83,6.82,6.806813269194727
20230807094241970,6.83,6.82,6.806813269194727
20230807094242170,6.83,6.82,6.806813269194727
20230807094244160,6.83,6.82,6.806813269194727
20230807094244270,6.83,6.82,6.806813269194727
20230807094244500,6.83,6.82,6.806813269194727
20230807094244800,6.83,6.82,6.806813269194727
20230807094244870,6.83,6.82,6.806813269194727
20230807094246340,6.83,6.82,6.806813269194727
20230807094246570,6.83,6.82,6.806813269194727
20230807094247090,6.83,6.82,6.806813269194727
20230807094247510,6.83,6.82,6.806813269194727
20230807094247580,6.83,6.82,6.806813269194727
20230807094249370,6.83,6.82,6.806813269194727
20230807094249550,6.83,6.82,6.806813269194727
20230807094249670,6.83,6.82,6.806813269194727
20230807094250140,6.83,6.82,6.806813269194727
20230807094250220,6.83,6.82,6.806813269194727
20230807094252220,6.83,6.82,6.806946839526084
20230807094252480,6.83,6.82,6.806955740143813
20230807094252560,6.83,6.82,6.806955740143813
20230807094252900,6.83,6.82,6.806955740143813
20230807094254960,6.83,6.82,6.806955740143813
20230807094255050,6.83,6.82,6.806955740143813
20230807094255160,6.83,6.82,6.806955740143813
20230807094255390,6.83,6.82,6.806955740143813
20230807094255430,6.83,6.82,6.806955740143813
20230807094255450,6.83,6.82,6.806955740143813
20230807094257410,6.83,6.82,6.806955740143813
20230807094257460,6.83,6.82,6.806955740143813
20230807094258070,6.83,6.82,6.806955740143813
20230807094258080,6.83,6.82,6.806955740143813
20230807094258150,6.83,6.82,6.806995854216942
20230807094258250,6.83,6.82,6.806995854216942
20230807094259850,6.83,6.82,6.806995854216942
20230807094300080,6.83,6.82,6.806995854216942
20230807094300470,6.83,6.82,6.806995854216942
20230807094300900,6.83,6.82,6.806995854216942
20230807094302580,6.83,6.82,6.806995854216942
20230807094302590,6.83,6.82,6.806995854216942
20230807094302850,6.83,6.82,6.806995854216942
20230807094302940,6.83,6.82,6.806995854216942
20230807094303040,6.83,6.82,6.806995854216942
20230807094303100,6.83,6.82,6.806995854216942
20230807094303690,6.83,6.82,6.806995854216942
20230807094305420,6.83,6.82,6.806995854216942
20230807094305980,6.83,6.82,6.806995854216942
20230807094306070,6.83,6.82,6.806995854216942
20230807094308520,6.83,6.82,6.806995854216942
20230807094308670,6.83,6.82,6.806995854216942
20230807094308940,6.83,6.82,6.806995854216942
20230807094309000,6.83,6.82,6.806995854216942
20230807094309170,6.83,6.82,6.806995854216942
20230807094310900,6.83,6.82,6.806995854216942
20230807094310920,6.83,6.82,6.806995854216942
20230807094311040,6.83,6.82,6.806995854216942
20230807094311170,6.83,6.82,6.806995854216942
20230807094313340,6.82,6.82,6.806995854216942
20230807094313360,6.83,6.82,6.806995854216942
20230807094313500,6.83,6.82,6.806995854216942
20230807094314140,6.82,6.82,6.806995854216942
20230807094314420,6.82,6.82,6.8070993914807305
20230807094316070,6.82,6.82,6.8070993914807305
20230807094316080,6.83,6.82,6.8070993914807305
20230807094316090,6.83,6.82,6.8070993914807305
20230807094316110,6.83,6.82,6.8070993914807305
20230807094316120,6.83,6.82,6.8070993914807305
20230807094316210,6.83,6.82,6.8070993914807305
20230807094316380,6.83,6.82,6.8070993914807305
20230807094316440,6.83,6.82,6.8070993914807305
20230807094316500,6.83,6.82,6.8070993914807305
20230807094316750,6.83,6.82,6.8070993914807305
20230807094317060,6.83,6.82,6.8070993914807305
20230807094317160,6.83,6.82,6.8070993914807305
20230807094319130,6.83,6.82,6.8070993914807305
20230807094319350,6.83,6.82,6.8070993914807305
20230807094319400,6.83,6.82,6.8070993914807305
20230807094319690,6.83,6.82,6.8070993914807305
20230807094319790,6.83,6.82,6.8070993914807305
20230807094321600,6.83,6.82,6.8070993914807305
20230807094321760,6.83,6.82,6.8070993914807305
20230807094321770,6.83,6.82,6.8070993914807305
20230807094321800,6.83,6.82,6.8070993914807305
20230807094321840,6.83,6.82,6.8070993914807305
20230807094322120,6.83,6.82,6.8070993914807305
20230807094322540,6.83,6.82,6.8070993914807305
20230807094324710,6.83,6.82,6.8070993914807305
20230807094324820,6.83,6.82,6.8070993914807305
20230807094324920,6.83,6.82,6.8070993914807305
20230807094327030,6.83,6.82,6.8070993914807305
20230807094327270,6.83,6.82,6.8070993914807305
20230807094327760,6.83,6.82,6.8070993914807305
20230807094327810,6.83,6.82,6.8070993914807305
20230807094327900,6.83,6.82,6.8070993914807305
20230807094329800,6.83,6.82,6.8070993914807305
20230807094329900,6.83,6.82,6.8070993914807305
20230807094329920,6.83,6.82,6.8070993914807305
20230807094332420,6.83,6.82,6.8070993914807305
20230807094332800,6.83,6.82,6.8070993914807305
20230807094333190,6.83,6.82,6.8070993914807305
20230807094333240,6.83,6.82,6.8070993914807305
20230807094333360,6.83,6.82,6.8070993914807305
20230807094335070,6.83,6.82,6.8070993914807305
20230807094335090,6.83,6.82,6.807244152046784
20230807094335680,6.83,6.82,6.807244152046784
20230807094338470,6.83,6.82,6.807244152046784
20230807094340450,6.83,6.82,6.807244152046784
20230807094340690,6.83,6.82,6.807249695493301
20230807094340760,6.83,6.82,6.807249695493301
20230807094341400,6.83,6.82,6.8072976580512075
20230807094341530,6.83,6.82,6.8072976580512075
20230807094341550,6.83,6.82,6.8072976580512075
20230807094343010,6.83,6.82,6.8072976580512075
20230807094343340,6.83,6.82,6.807311515151516
20230807094343400,6.83,6.82,6.807311515151516
20230807094343900,6.83,6.82,6.8073238072172435
20230807094344140,6.83,6.82,6.807326109328652
20230807094344220,6.83,6.82,6.807329177510137
20230807094345970,6.83,6.82,6.807329177510137
20230807094346040,6.83,6.82,6.807334260827486
20230807094346080,6.83,6.82,6.807334260827486
20230807094346100,6.83,6.82,6.807334260827486
20230807094346120,6.83,6.82,6.807349885224115
20230807094346130,6.83,6.82,6.807350045303534
20230807094346140,6.83,6.82,6.807350365404361
20230807094346170,6.83,6.82,6.807350525425776
20230807094346180,6.83,6.82,6.807351005374072
20230807094346210,6.83,6.82,6.807351165318198
20230807094346220,6.83,6.82,6.807351165318198
20230807094348760,6.83,6.82,6.807351165318198
20230807094349010,6.83,6.82,6.807351165318198
20230807094349070,6.83,6.82,6.807351165318198
20230807094349100,6.83,6.82,6.807351165318198
20230807094349140,6.83,6.82,6.807351165318198
20230807094349150,6.83,6.82,6.807351165318198
20230807094349160,6.83,6.82,6.807351165318198
20230807094349260,6.83,6.82,6.807351165318198
20230807094349480,6.83,6.82,6.807351165318198
20230807094351310,6.83,6.82,6.807351165318198
20230807094351410,6.83,6.82,6.807383216951601
20230807094351950,6.83,6.82,6.807383216951601
20230807094352040,6.82,6.82,6.807383216951601
20230807094352130,6.82,6.82,6.807383216951601
20230807094354190,6.82,6.82,6.807383216951601
20230807094354950,6.82,6.82,6.807383216951601
20230807094356590,6.82,6.82,6.807383216951601
20230807094357040,6.82,6.82,6.807383216951601
20230807094357200,6.82,6.82,6.807383216951601
20230807094357480,6.82,6.82,6.807383216951601
20230807094357510,6.82,6.82,6.807383216951601
20230807094357640,6.82,6.82,6.807383216951601
20230807094359340,6.82,6.82,6.807383216951601
20230807094359920,6.82,6.82,6.807383216951601
20230807094401940,6.82,6.82,6.807383216951601
20230807094402240,6.82,6.82,6.807383216951601
20230807094402370,6.82,6.82,6.807383216951601
20230807094402640,6.82,6.82,6.807383216951601
20230807094402760,6.82,6.82,6.807383216951601
20230807094405130,6.82,6.82,6.807383216951601
20230807094408140,6.82,6.82,6.807383216951601
20230807094408190,6.82,6.82,6.807383216951601
20230807094408200,6.82,6.82,6.807383216951601
20230807094408260,6.82,6.82,6.807383216951601
20230807094408300,6.82,6.82,6.807383216951601
20230807094410210,6.82,6.82,6.807383216951601
20230807094410580,6.82,6.82,6.807383216951601
20230807094411010,6.82,6.82,6.807383216951601
20230807094412750,6.82,6.82,6.807383216951601
20230807094412830,6.82,6.82,6.807383216951601
20230807094413600,6.82,6.82,6.807383216951601
20230807094413620,6.82,6.82,6.807383216951601
20230807094413800,6.82,6.82,6.807383216951601
20230807094413850,6.82,6.82,6.807383216951601
20230807094413900,6.82,6.82,6.807383216951601
20230807094413940,6.82,6.82,6.807383216951601
20230807094415700,6.82,6.82,6.807383216951601
20230807094416040,6.82,6.82,6.807383216951601
20230807094416260,6.82,6.82,6.807383216951601
20230807094416420,6.82,6.82,6.807383216951601
20230807094416480,6.82,6.82,6.807383216951601
20230807094416550,6.82,6.82,6.807383216951601
20230807094418140,6.82,6.82,6.807383216951601
20230807094418520,6.82,6.82,6.807383216951601
20230807094418580,6.83,6.82,6.807383216951601
20230807094421170,6.82,6.82,6.807383216951601
20230807094421320,6.82,6.82,6.807383216951601
20230807094421900,6.82,6.82,6.807383216951601
20230807094422060,6.82,6.82,6.807383216951601
20230807094424050,6.82,6.82,6.807383216951601
20230807094424410,6.82,6.82,6.807383216951601
20230807094424750,6.82,6.82,6.807383216951601
20230807094426790,6.82,6.82,6.807383216951601
20230807094427050,6.82,6.82,6.807383216951601
20230807094427420,6.83,6.82,6.807383216951601
20230807094428970,6.83,6.82,6.807383216951601
20230807094429500,6.83,6.82,6.807383216951601
20230807094431770,6.83,6.82,6.807383216951601
20230807094431900,6.83,6.82,6.807383216951601
20230807094432010,6.83,6.82,6.807383216951601
20230807094432600,6.83,6.82,6.807383216951601
20230807094432640,6.83,6.82,6.807383216951601
20230807094434340,6.82,6.82,6.807383216951601
20230807094434450,6.83,6.82,6.807537977688108
20230807094435230,6.83,6.82,6.807537977688108
20230807094435390,6.82,6.82,6.807537977688108
20230807094437120,6.82,6.82,6.807537977688108
20230807094437240,6.83,6.82,6.807544629618646
20230807094437390,6.83,6.82,6.807544629618646
20230807094437530,6.82,6.82,6.807544629618646
20230807094437850,6.82,6.82,6.807546230440967
20230807094438140,6.82,6.82,6.807556555726637
20230807094439790,6.82,6.82,6.807556555726637
20230807094439900,6.82,6.82,6.807556555726637
20230807094440090,6.82,6.82,6.807556555726637
20230807094440380,6.82,6.82,6.807556555726637
20230807094440640,6.82,6.82,6.807556555726637
20230807094440840,6.82,6.82,6.8075801715024085
20230807094442740,6.82,6.82,6.8075801715024085
20230807094442890,6.82,6.82,6.8075801715024085
20230807094443550,6.82,6.82,6.8075801715024085
20230807094445100,6.82,6.82,6.8075801715024085
20230807094445300,6.82,6.82,6.8075801715024085
20230807094446210,6.82,6.82,6.8075801715024085
20230807094447860,6.82,6.82,6.8075801715024085
20230807094448180,6.82,6.82,6.8075801715024085
20230807094448630,6.82,6.82,6.8075801715024085
20230807094448690,6.82,6.82,6.8075801715024085
20230807094448870,6.82,6.82,6.8075801715024085
20230807094448900,6.82,6.82,6.8075801715024085
20230807094450630,6.82,6.82,6.8075801715024085
20230807094451320,6.82,6.82,6.8075801715024085
20230807094453330,6.82,6.82,6.8075801715024085
20230807094453480,6.82,6.82,6.8075801715024085
20230807094453670,6.82,6.82,6.8075801715024085
20230807094454080,6.82,6.82,6.8075801715024085
20230807094454330,6.82,6.82,6.8075801715024085
20230807094456280,6.82,6.82,6.807599509030335
20230807094456960,6.82,6.82,6.807599509030335
20230807094458810,6.82,6.82,6.807599509030335
20230807094459480,6.82,6.82,6.807599509030335
20230807094501610,6.82,6.82,6.807599509030335
20230807094501790,6.82,6.82,6.807599509030335
20230807094501930,6.82,6.82,6.807599509030335
20230807094502000,6.82,6.82,6.807599509030335
20230807094502030,6.82,6.82,6.807599509030335
20230807094502360,6.82,6.82,6.807599509030335
20230807094502420,6.82,6.82,6.807599509030335
20230807094504080,6.82,6.82,6.807599509030335
20230807094504710,6.82,6.82,6.807599509030335
20230807094504940,6.82,6.82,6.807599509030335
20230807094507150,6.82,6.82,6.807599509030335
20230807094507220,6.83,6.82,6.807735358669285
20230807094507410,6.83,6.82,6.807735358669285
20230807094507420,6.83,6.82,6.807735358669285
20230807094507710,6.82,6.82,6.807735358669285
20230807094510070,6.82,6.82,6.807782636211956
20230807094510080,6.82,6.82,6.807784744592729
20230807094512580,6.82,6.82,6.807784744592729
20230807094513080,6.82,6.82,6.807784744592729
20230807094513090,6.82,6.82,6.807784744592729
20230807094513150,6.82,6.82,6.807784744592729
20230807094515270,6.82,6.82,6.807784744592729
20230807094515280,6.82,6.82,6.807784744592729
20230807094515320,6.82,6.82,6.807798781889221
20230807094515450,6.82,6.82,6.807799287683824
20230807094515490,6.82,6.82,6.807799287683824
20230807094517620,6.82,6.82,6.807799287683824
20230807094517630,6.82,6.82,6.807811459409806
20230807094517660,6.82,6.82,6.807811459409806
20230807094517680,6.82,6.82,6.807811459409806
20230807094517740,6.82,6.82,6.807811459409806
20230807094517870,6.82,6.82,6.807811459409806
20230807094518090,6.82,6.82,6.807811459409806
20230807094518660,6.82,6.82,6.807811459409806
20230807094518670,6.82,6.82,6.807816553782573
20230807094518710,6.82,6.82,6.807816553782573
20230807094518720,6.82,6.82,6.807816553782573
20230807094520570,6.82,6.82,6.807828007572716
20230807094520930,6.82,6.82,6.807828007572716
20230807094523270,6.82,6.82,6.807828007572716
20230807094523320,6.82,6.82,6.807828007572716
20230807094525760,6.82,6.82,6.807828007572716
20230807094525900,6.82,6.82,6.807828007572716
20230807094526250,6.82,6.82,6.807828007572716
20230807094526320,6.82,6.82,6.807828007572716
20230807094526460,6.82,6.82,6.807833591375652
20230807094526700,6.82,6.82,6.807833591375652
20230807094528310,6.82,6.82,6.807833591375652
20230807094528660,6.82,6.82,6.807833591375652
20230807094528780,6.82,6.82,6.807841215247922
20230807094529390,6.82,6.82,6.80784502521779
20230807094529460,6.82,6.82,6.807851291745432
20230807094529550,6.82,6.82,6.807851291745432
20230807094531030,6.82,6.82,6.807851291745432
20230807094531080,6.82,6.82,6.807851291745432
20230807094531110,6.82,6.82,6.807851291745432
20230807094532140,6.82,6.82,6.807851291745432
20230807094533730,6.82,6.82,6.807851291745432
20230807094533830,6.82,6.82,6.807851291745432
20230807094533990,6.82,6.82,6.807851291745432
20230807094534090,6.82,6.82,6.807851291745432
