Timestamp,ask1,bid1,VWAP
20230726093000090,6.18,7.56,0.0
20230726093000100,6.18,7.56,0.0
20230726093000110,6.18,7.56,0.0
20230726093000120,6.18,7.56,0.0
20230726093000150,6.18,7.56,0.0
20230726093000160,6.18,7.56,0.0
20230726093000170,6.18,7.56,0.0
20230726093000180,6.18,7.56,0.0
20230726093000190,6.18,7.56,0.0
20230726093000210,6.18,7.56,0.0
20230726093000480,6.18,7.56,0.0
20230726093000500,6.18,7.56,0.0
20230726093000520,6.18,7.56,0.0
20230726093000540,6.18,7.56,0.0
20230726093000550,6.18,7.56,0.0
20230726093000580,6.86,6.89,6.86
20230726093000590,6.86,6.89,6.86
20230726093000600,6.86,6.89,6.86
20230726093000680,6.86,6.89,6.86
20230726093000690,6.86,6.89,6.86
20230726093000700,6.86,6.89,6.86
20230726093000730,6.86,6.89,6.86
20230726093000740,6.86,6.89,6.86
20230726093000760,6.86,6.89,6.86
20230726093000780,6.86,6.89,6.86
20230726093000790,6.86,6.89,6.86
20230726093000800,6.86,6.89,6.86
20230726093001330,6.86,6.89,6.86
20230726093001340,6.86,6.89,6.86
20230726093001360,6.86,6.89,6.86
20230726093001380,6.86,6.89,6.86
20230726093001400,6.86,6.89,6.86
20230726093001450,6.86,6.89,6.86
20230726093001480,6.86,6.89,6.86
20230726093001510,6.86,6.89,6.86
20230726093001520,6.86,6.89,6.86
20230726093001590,6.86,6.89,6.86
20230726093001610,6.86,6.89,6.86
20230726093001680,6.86,6.89,6.86
20230726093001750,6.86,6.89,6.86
20230726093001760,6.86,6.89,6.86
20230726093001780,6.86,6.89,6.86
20230726093001820,6.86,6.89,6.86
20230726093001830,6.86,6.89,6.86
20230726093001850,6.86,6.89,6.86
20230726093001880,6.86,6.89,6.86
20230726093001890,6.86,6.89,6.86
20230726093002910,6.86,6.89,6.86
20230726093002920,6.86,6.89,6.86
20230726093002960,6.86,6.89,6.86
20230726093002970,6.86,6.89,6.86
20230726093003050,6.86,6.89,6.86
20230726093003080,6.86,6.89,6.86
20230726093003090,6.86,6.89,6.86
20230726093003180,6.86,6.89,6.86
20230726093003240,6.86,6.89,6.86
20230726093003320,6.86,6.89,6.86
20230726093003380,6.86,6.89,6.859210526315789
20230726093003390,6.86,6.89,6.859210526315789
20230726093003450,6.86,6.89,6.859210526315789
20230726093003500,6.86,6.89,6.859210526315789
20230726093003620,6.86,6.89,6.859210526315789
20230726093003690,6.86,6.89,6.859210526315789
20230726093003760,6.86,6.89,6.859210526315789
20230726093003840,6.86,6.89,6.859210526315789
20230726093003900,6.86,6.89,6.859210526315789
20230726093003930,6.86,6.89,6.859210526315789
20230726093003950,6.86,6.89,6.859210526315789
20230726093003960,6.86,6.89,6.859210526315789
20230726093005600,6.86,6.89,6.859210526315789
20230726093005750,6.86,6.89,6.859210526315789
20230726093005840,6.86,6.89,6.859210526315789
20230726093005870,6.85,6.89,6.859210526315789
20230726093005890,6.85,6.89,6.859210526315789
20230726093005910,6.85,6.89,6.859210526315789
20230726093005950,6.85,6.89,6.859210526315789
20230726093005980,6.85,6.89,6.859210526315789
20230726093006060,6.85,6.89,6.859210526315789
20230726093006430,6.85,6.89,6.859210526315789
20230726093007110,6.85,6.89,6.859210526315789
20230726093007120,6.85,6.89,6.859210526315789
20230726093007180,6.85,6.89,6.859210526315789
20230726093007190,6.85,6.89,6.859210526315789
20230726093007280,6.85,6.89,6.859210526315789
20230726093007300,6.85,6.89,6.859210526315789
20230726093007730,6.85,6.89,6.859210526315789
20230726093012730,6.85,6.89,6.859210526315789
20230726093013180,6.84,6.89,6.859210526315789
20230726093013210,6.84,6.89,6.8545320197044335
20230726093013260,6.84,6.89,6.8545320197044335
20230726093013510,6.84,6.89,6.8545320197044335
20230726093013810,6.85,6.89,6.849672131147541
20230726093013900,6.85,6.87,6.849672131147541
20230726093013910,6.85,6.87,6.848788819875776
20230726093014030,6.85,6.87,6.848788819875776
20230726093014170,6.85,6.87,6.8488046647230325
20230726093014180,6.85,6.87,6.8488046647230325
20230726093014440,6.85,6.84,6.8488046647230325
20230726093014470,6.83,6.82,6.8482870370370375
20230726093014690,6.83,6.82,6.8482870370370375
20230726093017140,6.83,6.82,6.8482870370370375
20230726093017250,6.83,6.82,6.8482870370370375
20230726093017730,6.83,6.82,6.8482870370370375
20230726093017970,6.83,6.82,6.8482870370370375
20230726093018030,6.83,6.82,6.8482870370370375
20230726093019850,6.83,6.82,6.8482870370370375
20230726093020130,6.83,6.82,6.8482870370370375
20230726093020290,6.83,6.83,6.8482870370370375
20230726093020520,6.83,6.83,6.8482870370370375
20230726093020580,6.83,6.83,6.8482870370370375
20230726093020600,6.83,6.83,6.8482870370370375
20230726093020610,6.83,6.83,6.8482870370370375
20230726093020820,6.83,6.82,6.843545751633987
20230726093020830,6.83,6.82,6.843545751633987
20230726093022550,6.83,6.83,6.843545751633987
20230726093023050,6.83,6.83,6.843545751633987
20230726093023140,6.83,6.83,6.843545751633987
20230726093023250,6.83,6.82,6.842788605697152
20230726093023420,6.83,6.83,6.842788605697152
20230726093023430,6.83,6.83,6.842788605697152
20230726093023570,6.83,6.83,6.842788605697152
20230726093023590,6.83,6.83,6.841302521008403
20230726093023650,6.83,6.83,6.841302521008403
20230726093025590,6.83,6.83,6.841302521008403
20230726093025680,6.84,6.83,6.841302521008403
20230726093025740,6.84,6.83,6.841302521008403
20230726093026310,6.85,6.83,6.841302521008403
20230726093026430,6.85,6.83,6.841302521008403
20230726093028070,6.85,6.83,6.841302521008403
20230726093028230,6.85,6.83,6.841302521008403
20230726093028250,6.85,6.83,6.841302521008403
20230726093028260,6.85,6.83,6.841302521008403
20230726093028740,6.85,6.83,6.841302521008403
20230726093029040,6.85,6.83,6.841302521008403
20230726093030680,6.85,6.83,6.841302521008403
20230726093030780,6.85,6.84,6.841302521008403
20230726093031110,6.85,6.84,6.841302521008403
20230726093031120,6.85,6.84,6.841302521008403
20230726093031210,6.85,6.84,6.841302521008403
20230726093031640,6.85,6.84,6.841302521008403
20230726093031670,6.85,6.84,6.841302521008403
20230726093033380,6.85,6.84,6.841302521008403
20230726093033420,6.85,6.84,6.841302521008403
20230726093033660,6.85,6.84,6.841302521008403
20230726093033760,6.85,6.84,6.841302521008403
20230726093034070,6.85,6.84,6.841302521008403
20230726093034250,6.85,6.84,6.841302521008403
20230726093034310,6.85,6.84,6.842901785714286
20230726093036310,6.85,6.84,6.842901785714286
20230726093036460,6.85,6.84,6.842901785714286
20230726093036780,6.85,6.83,6.842901785714286
20230726093036960,6.85,6.83,6.842901785714286
20230726093036990,6.85,6.83,6.842901785714286
20230726093037160,6.85,6.84,6.842901785714286
20230726093038770,6.85,6.84,6.842901785714286
20230726093038950,6.85,6.84,6.842901785714286
20230726093039290,6.85,6.84,6.843601990049751
20230726093039430,6.85,6.84,6.843601990049751
20230726093039670,6.85,6.84,6.843601990049751
20230726093039760,6.85,6.84,6.843601990049751
20230726093039810,6.85,6.84,6.843601990049751
20230726093039980,6.85,6.84,6.843601990049751
20230726093041710,6.85,6.84,6.843601990049751
20230726093041740,6.85,6.84,6.843601990049751
20230726093044530,6.85,6.84,6.843601990049751
20230726093045280,6.85,6.84,6.843562315996075
20230726093047160,6.85,6.84,6.843562315996075
20230726093047430,6.85,6.84,6.843562315996075
20230726093047450,6.85,6.84,6.843562315996075
20230726093047530,6.85,6.84,6.843562315996075
20230726093047550,6.84,6.83,6.843562315996075
20230726093047570,6.84,6.83,6.843562315996075
20230726093047580,6.84,6.83,6.843562315996075
20230726093049780,6.84,6.83,6.843562315996075
20230726093049950,6.84,6.83,6.843562315996075
20230726093050080,6.84,6.83,6.843562315996075
20230726093050090,6.84,6.83,6.843562315996075
20230726093050100,6.84,6.83,6.843562315996075
20230726093050120,6.84,6.83,6.843562315996075
20230726093050130,6.84,6.83,6.843562315996075
20230726093050140,6.84,6.83,6.843562315996075
20230726093050220,6.84,6.83,6.843562315996075
20230726093050490,6.84,6.83,6.843562315996075
20230726093050550,6.84,6.83,6.843562315996075
20230726093052610,6.84,6.83,6.843562315996075
20230726093052840,6.84,6.83,6.843562315996075
20230726093052860,6.84,6.84,6.843562315996075
20230726093052870,6.84,6.84,6.843562315996075
20230726093052880,6.84,6.84,6.843562315996075
20230726093052900,6.84,6.84,6.843562315996075
20230726093052920,6.84,6.84,6.843562315996075
20230726093053130,6.84,6.84,6.843562315996075
20230726093053150,6.84,6.84,6.843562315996075
20230726093053160,6.84,6.84,6.843562315996075
20230726093053170,6.84,6.84,6.843562315996075
20230726093053180,6.84,6.84,6.843562315996075
20230726093053190,6.84,6.84,6.843562315996075
20230726093053210,6.84,6.84,6.843562315996075
20230726093053410,6.84,6.84,6.843562315996075
20230726093055160,6.84,6.84,6.843562315996075
20230726093055170,6.84,6.84,6.843562315996075
20230726093055200,6.84,6.84,6.843562315996075
20230726093055320,6.84,6.84,6.843562315996075
20230726093055340,6.84,6.84,6.843562315996075
20230726093055400,6.84,6.84,6.843562315996075
20230726093055440,6.84,6.84,6.843562315996075
20230726093055860,6.84,6.84,6.843562315996075
20230726093055880,6.84,6.84,6.843562315996075
20230726093055890,6.84,6.84,6.843562315996075
20230726093055900,6.84,6.84,6.843562315996075
20230726093055920,6.84,6.84,6.843562315996075
20230726093055930,6.84,6.84,6.843562315996075
20230726093057830,6.84,6.84,6.843562315996075
20230726093057910,6.84,6.84,6.843562315996075
20230726093058080,6.84,6.84,6.843562315996075
20230726093058100,6.84,6.84,6.843562315996075
20230726093058110,6.84,6.84,6.843261840929401
20230726093058120,6.84,6.84,6.843250222617987
20230726093058570,6.84,6.84,6.843250222617987
20230726093100390,6.84,6.84,6.843250222617987
20230726093100530,6.84,6.84,6.843250222617987
20230726093100550,6.84,6.84,6.843250222617987
20230726093100560,6.84,6.84,6.843250222617987
20230726093100570,6.84,6.84,6.843250222617987
20230726093101050,6.84,6.84,6.843250222617987
20230726093101060,6.84,6.84,6.843224381625442
20230726093101070,6.84,6.84,6.843095843935538
20230726093101080,6.84,6.84,6.843095843935538
20230726093101100,6.84,6.84,6.843048986486487
20230726093101170,6.84,6.84,6.84303872053872
20230726093101180,6.84,6.84,6.84303872053872
20230726093101420,6.84,6.84,6.84303872053872
20230726093101430,6.84,6.84,6.84303872053872
20230726093103240,6.84,6.84,6.84303872053872
20230726093103440,6.84,6.84,6.843157024793388
20230726093103570,6.84,6.84,6.843157024793388
20230726093103710,6.84,6.84,6.843157024793388
20230726093103880,6.84,6.84,6.843157024793388
20230726093104120,6.84,6.84,6.843157024793388
20230726093104230,6.84,6.84,6.843157024793388
20230726093105860,6.84,6.84,6.843157024793388
20230726093105990,6.84,6.84,6.843157024793388
20230726093106100,6.84,6.84,6.843157024793388
20230726093106200,6.84,6.84,6.843187347931874
20230726093106440,6.84,6.84,6.843187347931874
20230726093106660,6.84,6.84,6.843187347931874
20230726093106800,6.84,6.84,6.843187347931874
20230726093108480,6.84,6.84,6.843187347931874
20230726093108790,6.84,6.84,6.843187347931874
20230726093108810,6.84,6.84,6.843187347931874
20230726093108930,6.84,6.84,6.843187347931874
20230726093109040,6.84,6.84,6.84310917721519
20230726093111180,6.84,6.84,6.84310917721519
20230726093111210,6.84,6.84,6.84310917721519
20230726093111260,6.84,6.84,6.84310917721519
20230726093111400,6.84,6.84,6.84310917721519
20230726093111740,6.84,6.84,6.84310917721519
20230726093112060,6.84,6.84,6.84310917721519
20230726093112080,6.84,6.84,6.84310917721519
20230726093112090,6.84,6.84,6.84310917721519
20230726093112120,6.84,6.84,6.84310917721519
20230726093112170,6.84,6.84,6.84310917721519
20230726093112260,6.84,6.84,6.84310917721519
20230726093112320,6.84,6.84,6.84310917721519
20230726093112380,6.84,6.84,6.84310917721519
20230726093113960,6.84,6.84,6.84310917721519
20230726093113980,6.84,6.84,6.84310917721519
20230726093114090,6.84,6.84,6.84310917721519
20230726093114500,6.84,6.84,6.84310917721519
20230726093114890,6.84,6.84,6.84310917721519
20230726093116890,6.84,6.84,6.84310917721519
20230726093116940,6.84,6.84,6.84310917721519
20230726093117150,6.84,6.84,6.84310917721519
20230726093117160,6.84,6.84,6.843148009015778
20230726093117450,6.84,6.84,6.843148009015778
20230726093119500,6.84,6.84,6.843148009015778
20230726093119640,6.84,6.84,6.843148009015778
20230726093120100,6.84,6.84,6.843148009015778
20230726093120330,6.84,6.84,6.843148009015778
20230726093120350,6.84,6.84,6.843183856502242
20230726093120420,6.84,6.84,6.843183856502242
20230726093121970,6.84,6.84,6.843183856502242
20230726093122010,6.84,6.84,6.843249444855663
20230726093122040,6.84,6.84,6.843249444855663
20230726093122090,6.84,6.84,6.843249444855663
20230726093122380,6.84,6.84,6.843249444855663
20230726093123120,6.84,6.84,6.843249444855663
20230726093125090,6.84,6.84,6.843249444855663
20230726093125180,6.84,6.84,6.843249444855663
20230726093125540,6.84,6.84,6.843249444855663
20230726093125570,6.84,6.84,6.843249444855663
20230726093125690,6.84,6.84,6.843249444855663
20230726093127900,6.84,6.84,6.843249444855663
20230726093127910,6.84,6.84,6.843249444855663
20230726093128010,6.84,6.84,6.843249444855663
20230726093128080,6.84,6.84,6.843249444855663
20230726093128110,6.84,6.84,6.843249444855663
20230726093128190,6.84,6.84,6.843249444855663
20230726093128410,6.84,6.84,6.843249444855663
20230726093130140,6.84,6.84,6.843249444855663
20230726093130240,6.84,6.84,6.843313782991203
20230726093130260,6.84,6.84,6.843313782991203
20230726093130320,6.84,6.84,6.843313782991203
20230726093130420,6.84,6.84,6.843313782991203
20230726093130650,6.84,6.84,6.843313782991203
20230726093130860,6.84,6.84,6.843313782991203
20230726093131210,6.84,6.84,6.843313782991203
20230726093131280,6.84,6.84,6.843313782991203
20230726093132880,6.84,6.84,6.843313782991203
20230726093132950,6.84,6.84,6.843313782991203
20230726093133090,6.84,6.84,6.843313782991203
20230726093133100,6.84,6.84,6.8433913043478265
20230726093133160,6.85,6.84,6.843275017494752
20230726093133350,6.85,6.84,6.8433125433125435
20230726093133360,6.85,6.84,6.8433125433125435
20230726093133370,6.85,6.84,6.8433125433125435
20230726093133410,6.85,6.84,6.843335635359116
20230726093133530,6.85,6.84,6.843335635359116
20230726093133760,6.85,6.84,6.843335635359116
20230726093133940,6.85,6.84,6.843335635359116
20230726093135600,6.85,6.84,6.843335635359116
20230726093135710,6.85,6.84,6.843335635359116
20230726093135770,6.85,6.84,6.843335635359116
20230726093135870,6.85,6.84,6.843335635359116
20230726093135890,6.85,6.84,6.843335635359116
20230726093136180,6.85,6.84,6.843335635359116
20230726093136240,6.85,6.84,6.843335635359116
20230726093136350,6.84,6.84,6.843335635359116
20230726093136480,6.84,6.84,6.843335635359116
20230726093136690,6.84,6.84,6.843335635359116
20230726093138140,6.84,6.84,6.843335635359116
20230726093138750,6.84,6.84,6.843335635359116
20230726093139080,6.85,6.84,6.843335635359116
20230726093139130,6.84,6.84,6.843335635359116
20230726093139170,6.84,6.84,6.843335635359116
20230726093141000,6.85,6.84,6.843335635359116
20230726093141010,6.85,6.84,6.843335635359116
20230726093141020,6.85,6.84,6.843335635359116
20230726093141070,6.85,6.84,6.843335635359116
20230726093141210,6.85,6.84,6.843335635359116
20230726093141220,6.85,6.84,6.843335635359116
20230726093143570,6.85,6.84,6.843335635359116
20230726093143840,6.85,6.84,6.843335635359116
20230726093144050,6.85,6.84,6.843335635359116
20230726093144270,6.85,6.84,6.843335635359116
20230726093144330,6.85,6.84,6.843335635359116
20230726093144550,6.85,6.84,6.843335635359116
20230726093144770,6.85,6.84,6.843335635359116
20230726093146300,6.85,6.84,6.843335635359116
20230726093146600,6.85,6.84,6.8432855280312905
20230726093146620,6.85,6.84,6.8432855280312905
20230726093146980,6.85,6.84,6.8432855280312905
20230726093147100,6.85,6.84,6.8432855280312905
20230726093147170,6.85,6.84,6.8432855280312905
20230726093147290,6.85,6.84,6.8432855280312905
20230726093147320,6.85,6.84,6.8432855280312905
20230726093147410,6.85,6.84,6.8432855280312905
20230726093149070,6.85,6.84,6.8432855280312905
20230726093149080,6.85,6.84,6.8432855280312905
20230726093149110,6.85,6.84,6.8432855280312905
20230726093149130,6.85,6.84,6.8432855280312905
20230726093149140,6.85,6.84,6.8432855280312905
20230726093149180,6.85,6.84,6.84377998829725
20230726093149240,6.85,6.84,6.843783625730994
20230726093149260,6.85,6.84,6.843783625730994
20230726093149390,6.85,6.84,6.843787258912917
20230726093149470,6.85,6.84,6.843787258912917
20230726093149540,6.85,6.84,6.843787258912917
20230726093149570,6.85,6.84,6.843787258912917
20230726093149720,6.85,6.84,6.843787258912917
20230726093149790,6.85,6.84,6.843787258912917
20230726093152100,6.85,6.84,6.843787258912917
20230726093152440,6.85,6.84,6.843787258912917
20230726093152490,6.85,6.84,6.843787258912917
20230726093154350,6.85,6.84,6.843787258912917
20230726093154600,6.85,6.84,6.843787258912917
20230726093154660,6.85,6.84,6.843787258912917
20230726093154860,6.85,6.84,6.843787258912917
20230726093154880,6.85,6.84,6.843787258912917
20230726093155080,6.85,6.84,6.843787258912917
20230726093155130,6.85,6.84,6.843787258912917
20230726093155230,6.85,6.84,6.843787258912917
20230726093155250,6.85,6.84,6.843787258912917
20230726093155400,6.85,6.85,6.843787258912917
20230726093155420,6.85,6.85,6.843787258912917
20230726093157160,6.85,6.85,6.843787258912917
20230726093157200,6.85,6.85,6.843787258912917
20230726093157800,6.85,6.85,6.843787258912917
20230726093158010,6.85,6.85,6.843787258912917
20230726093158040,6.85,6.85,6.843787258912917
20230726093158080,6.85,6.85,6.843787258912917
20230726093158110,6.85,6.85,6.843787258912917
20230726093158120,6.85,6.85,6.843816666666667
20230726093158210,6.85,6.85,6.843816666666667
20230726093159930,6.85,6.85,6.843816666666667
20230726093200000,6.85,6.85,6.843816666666667
20230726093200020,6.85,6.85,6.843816666666667
20230726093200040,6.85,6.85,6.843816666666667
20230726093200050,6.85,6.85,6.843816666666667
20230726093200060,6.85,6.85,6.843816666666667
20230726093200090,6.85,6.85,6.843816666666667
20230726093200100,6.85,6.85,6.843816666666667
20230726093200740,6.85,6.85,6.843816666666667
20230726093200760,6.85,6.85,6.843816666666667
20230726093200900,6.85,6.85,6.843816666666667
20230726093202820,6.85,6.85,6.843884615384615
20230726093202830,6.85,6.85,6.843884615384615
20230726093203360,6.85,6.85,6.843884615384615
20230726093205590,6.85,6.85,6.843884615384615
20230726093206110,6.85,6.85,6.843878984332793
20230726093206200,6.85,6.85,6.843983005841742
20230726093206280,6.85,6.84,6.843983005841742
20230726093206320,6.85,6.84,6.844085018144116
20230726093206350,6.85,6.84,6.844085018144116
20230726093207920,6.85,6.84,6.844085018144116
20230726093207980,6.85,6.84,6.844085018144116
20230726093208160,6.85,6.84,6.844085018144116
20230726093208410,6.85,6.84,6.844085018144116
20230726093208470,6.85,6.84,6.844085018144116
20230726093208720,6.85,6.84,6.844085018144116
20230726093208800,6.85,6.84,6.844085018144116
20230726093209100,6.85,6.84,6.844085018144116
20230726093210590,6.85,6.84,6.844085018144116
20230726093210630,6.85,6.84,6.844085018144116
20230726093210660,6.85,6.84,6.844085018144116
20230726093210680,6.85,6.84,6.844085018144116
20230726093210990,6.85,6.84,6.844085018144116
20230726093211110,6.85,6.84,6.844085018144116
20230726093211140,6.85,6.84,6.844085018144116
20230726093211150,6.85,6.84,6.844085018144116
20230726093211160,6.85,6.84,6.844085018144116
20230726093211180,6.85,6.84,6.844085018144116
20230726093211200,6.85,6.84,6.844085018144116
20230726093211220,6.85,6.84,6.844085018144116
20230726093211380,6.85,6.84,6.844085018144116
20230726093211420,6.85,6.84,6.844085018144116
20230726093211530,6.85,6.84,6.844085018144116
20230726093211570,6.85,6.84,6.844085018144116
20230726093213390,6.85,6.84,6.844085018144116
20230726093213430,6.85,6.84,6.844085018144116
20230726093213590,6.85,6.85,6.844085018144116
20230726093213860,6.85,6.85,6.844085018144116
20230726093213880,6.85,6.85,6.844085018144116
20230726093214010,6.85,6.85,6.844085018144116
20230726093214050,6.85,6.85,6.844085018144116
20230726093214080,6.85,6.85,6.844085018144116
20230726093214100,6.85,6.84,6.844496086105675
20230726093214230,6.85,6.84,6.844498777506113
20230726093216020,6.85,6.84,6.844498777506113
20230726093216040,6.85,6.84,6.844498777506113
20230726093216050,6.85,6.84,6.844498777506113
20230726093216060,6.85,6.84,6.844498777506113
20230726093216100,6.85,6.84,6.844498777506113
20230726093216110,6.85,6.84,6.844498777506113
20230726093216220,6.85,6.84,6.844498777506113
20230726093216350,6.85,6.84,6.844498777506113
20230726093216370,6.85,6.84,6.844498777506113
20230726093216500,6.85,6.84,6.844498777506113
20230726093216510,6.85,6.84,6.844498777506113
20230726093216590,6.85,6.84,6.844492544492544
20230726093216710,6.85,6.84,6.844492544492544
20230726093219010,6.85,6.84,6.844492544492544
20230726093219080,6.85,6.84,6.844492544492544
20230726093219090,6.85,6.84,6.844492544492544
20230726093219130,6.85,6.85,6.844492544492544
20230726093219180,6.85,6.85,6.844492544492544
20230726093219190,6.85,6.85,6.844492544492544
20230726093219210,6.85,6.84,6.84450575815739
20230726093219790,6.85,6.84,6.8445162835249045
20230726093219860,6.85,6.84,6.8445162835249045
20230726093221570,6.85,6.84,6.8445162835249045
20230726093221940,6.85,6.84,6.8445162835249045
20230726093222070,6.85,6.85,6.8445162835249045
20230726093222080,6.85,6.85,6.8445162835249045
20230726093222100,6.85,6.85,6.8445162835249045
20230726093222220,6.85,6.85,6.8445162835249045
20230726093222270,6.85,6.85,6.8445162835249045
20230726093224040,6.85,6.85,6.8445162835249045
20230726093224060,6.85,6.85,6.8445162835249045
20230726093224340,6.85,6.85,6.8445162835249045
20230726093224360,6.85,6.85,6.8445162835249045
20230726093224410,6.85,6.85,6.8445162835249045
20230726093224430,6.85,6.85,6.8445162835249045
20230726093224450,6.85,6.85,6.8445162835249045
20230726093224500,6.85,6.85,6.8445162835249045
20230726093224530,6.85,6.85,6.8445162835249045
20230726093224790,6.85,6.85,6.8445162835249045
20230726093225190,6.85,6.85,6.8445162835249045
20230726093225300,6.85,6.85,6.846023029229406
20230726093226780,6.85,6.85,6.846023029229406
20230726093227030,6.85,6.85,6.846023029229406
20230726093227140,6.85,6.85,6.846023029229406
20230726093227270,6.85,6.85,6.846023029229406
20230726093229490,6.85,6.85,6.846023029229406
20230726093229930,6.85,6.85,6.846023029229406
20230726093230210,6.85,6.86,6.846023029229406
20230726093232560,6.85,6.86,6.846023029229406
20230726093232910,6.85,6.86,6.846023029229406
20230726093233290,6.85,6.86,6.8466133909287255
20230726093233300,6.85,6.86,6.846683893195521
20230726093235530,6.85,6.86,6.846683893195521
20230726093235700,6.85,6.86,6.846683893195521
20230726093235790,6.85,6.86,6.846683893195521
20230726093235860,6.85,6.86,6.846683893195521
20230726093237730,6.85,6.86,6.846683893195521
20230726093237750,6.85,6.86,6.846991075223119
20230726093238090,6.85,6.86,6.846991075223119
20230726093238120,6.85,6.87,6.847213804713805
20230726093238130,6.85,6.87,6.847213804713805
20230726093238250,6.85,6.87,6.847213804713805
20230726093238800,6.85,6.87,6.847213804713805
20230726093240290,6.85,6.87,6.847213804713805
20230726093240440,6.85,6.87,6.847213804713805
20230726093240470,6.85,6.87,6.847213804713805
20230726093240490,6.85,6.87,6.847213804713805
20230726093240500,6.85,6.87,6.847213804713805
20230726093240510,6.85,6.87,6.847213804713805
20230726093240530,6.85,6.87,6.847213804713805
20230726093240560,6.85,6.87,6.847213804713805
20230726093241010,6.85,6.87,6.847213804713805
20230726093241050,6.85,6.87,6.847213804713805
20230726093241060,6.85,6.87,6.847213804713805
20230726093241080,6.85,6.87,6.847213804713805
20230726093241090,6.85,6.87,6.847213804713805
20230726093241300,6.85,6.87,6.847213804713805
20230726093241330,6.85,6.87,6.847213804713805
20230726093241360,6.85,6.87,6.847213804713805
20230726093241380,6.85,6.87,6.847213804713805
20230726093241410,6.85,6.87,6.847213804713805
20230726093241440,6.85,6.87,6.847213804713805
20230726093241450,6.85,6.87,6.847213804713805
20230726093241490,6.85,6.87,6.847213804713805
20230726093241500,6.85,6.87,6.847213804713805
20230726093243370,6.85,6.87,6.847213804713805
20230726093243630,6.85,6.87,6.847213804713805
20230726093243850,6.85,6.87,6.847392214315613
20230726093244160,6.85,6.87,6.847392214315613
20230726093245800,6.85,6.87,6.847392214315613
20230726093245980,6.85,6.87,6.847392214315613
20230726093246010,6.85,6.87,6.847392214315613
20230726093246060,6.85,6.87,6.847392214315613
20230726093246100,6.85,6.87,6.847392214315613
20230726093246540,6.85,6.87,6.847392214315613
20230726093248690,6.85,6.87,6.847392214315613
20230726093248900,6.85,6.87,6.847392214315613
20230726093249180,6.85,6.87,6.847392214315613
20230726093249230,6.85,6.87,6.847392214315613
20230726093249340,6.85,6.87,6.847392214315613
20230726093249420,6.85,6.87,6.847392214315613
20230726093249440,6.85,6.87,6.847392214315613
20230726093251060,6.85,6.87,6.847392214315613
20230726093251100,6.85,6.87,6.847392214315613
20230726093251330,6.85,6.87,6.847392214315613
20230726093251380,6.85,6.87,6.847392214315613
20230726093251390,6.85,6.87,6.847392214315613
20230726093251470,6.85,6.87,6.847392214315613
20230726093251480,6.85,6.87,6.847392214315613
20230726093251490,6.85,6.87,6.847392214315613
20230726093251500,6.85,6.87,6.847392214315613
20230726093251510,6.85,6.87,6.847624584717608
20230726093251600,6.85,6.87,6.847624584717608
20230726093251770,6.85,6.87,6.847624584717608
20230726093252020,6.85,6.87,6.847624584717608
20230726093252040,6.85,6.87,6.84776310359059
20230726093252090,6.85,6.87,6.84776310359059
20230726093252100,6.85,6.87,6.84776310359059
20230726093252150,6.85,6.87,6.84809756097561
20230726093252160,6.85,6.87,6.84809756097561
20230726093252220,6.85,6.87,6.84809756097561
20230726093253830,6.85,6.87,6.84809756097561
20230726093254140,6.85,6.87,6.84809756097561
20230726093254360,6.85,6.87,6.84809756097561
20230726093254410,6.85,6.87,6.84809756097561
20230726093254540,6.85,6.87,6.84809756097561
20230726093254700,6.85,6.87,6.84809756097561
20230726093254710,6.85,6.87,6.848110524177164
20230726093254810,6.85,6.87,6.848110524177164
20230726093256470,6.85,6.87,6.848110524177164
20230726093256680,6.85,6.87,6.848110524177164
20230726093257050,6.85,6.87,6.848110524177164
20230726093257480,6.85,6.87,6.848110524177164
20230726093257650,6.85,6.87,6.848110524177164
20230726093257700,6.85,6.87,6.848110524177164
20230726093259430,6.85,6.87,6.848110524177164
20230726093259560,6.85,6.87,6.848110524177164
20230726093259590,6.85,6.87,6.848110524177164
20230726093259710,6.85,6.87,6.848110524177164
20230726093259730,6.85,6.87,6.848110524177164
20230726093259980,6.85,6.87,6.848110524177164
20230726093300040,6.85,6.87,6.848110524177164
20230726093300180,6.85,6.87,6.848110524177164
20230726093300260,6.85,6.87,6.848276140492532
20230726093300400,6.85,6.87,6.848276140492532
20230726093302490,6.85,6.87,6.848276140492532
20230726093302690,6.85,6.87,6.848276140492532
20230726093302750,6.85,6.87,6.848276140492532
20230726093302780,6.85,6.87,6.848276140492532
20230726093302920,6.85,6.87,6.848354786806114
20230726093302990,6.85,6.87,6.848354786806114
20230726093304770,6.85,6.87,6.848354786806114
20230726093304820,6.85,6.87,6.848354786806114
20230726093305390,6.85,6.87,6.848578821656051
20230726093307450,6.85,6.87,6.848578821656051
20230726093307660,6.85,6.87,6.848578821656051
20230726093308170,6.85,6.87,6.848578821656051
20230726093308290,6.85,6.87,6.848578821656051
20230726093309940,6.85,6.87,6.848578821656051
20230726093310010,6.85,6.87,6.848578821656051
20230726093310020,6.85,6.87,6.848578821656051
20230726093310110,6.85,6.87,6.848890196078432
20230726093310180,6.85,6.87,6.848890196078432
20230726093310480,6.85,6.87,6.848890196078432
20230726093310590,6.85,6.87,6.848890196078432
20230726093310650,6.85,6.87,6.848890196078432
20230726093310680,6.85,6.87,6.848890196078432
20230726093310730,6.85,6.87,6.848911084998042
20230726093310770,6.85,6.87,6.848911084998042
20230726093310850,6.85,6.87,6.848911084998042
20230726093310890,6.85,6.87,6.848911084998042
20230726093310960,6.85,6.87,6.848911084998042
20230726093310990,6.85,6.87,6.848911084998042
20230726093311010,6.85,6.87,6.848911084998042
20230726093311020,6.85,6.87,6.848911084998042
20230726093311030,6.85,6.87,6.848911084998042
20230726093311050,6.85,6.87,6.848911084998042
20230726093311080,6.85,6.87,6.848911084998042
20230726093311090,6.85,6.87,6.848911084998042
20230726093311190,6.85,6.87,6.848911084998042
20230726093312920,6.85,6.87,6.848911084998042
20230726093312930,6.85,6.87,6.849009746588694
20230726093312950,6.85,6.87,6.8501328413284135
20230726093312960,6.85,6.87,6.850140169679086
20230726093313020,6.85,6.87,6.850140169679086
20230726093313090,6.85,6.87,6.850140169679086
20230726093313160,6.85,6.87,6.850140169679086
20230726093313170,6.85,6.87,6.850778293466619
20230726093313660,6.85,6.87,6.850778293466619
20230726093315410,6.85,6.87,6.850778293466619
20230726093315420,6.85,6.87,6.850778293466619
20230726093315500,6.85,6.87,6.850778293466619
20230726093315600,6.85,6.87,6.850778293466619
20230726093315770,6.85,6.87,6.850778293466619
20230726093315900,6.85,6.87,6.850778293466619
20230726093316080,6.85,6.87,6.850778293466619
20230726093316110,6.85,6.87,6.850778293466619
20230726093316180,6.85,6.86,6.851637902963204
20230726093316190,6.85,6.86,6.851637902963204
20230726093316200,6.85,6.86,6.851637902963204
20230726093316220,6.85,6.86,6.851637902963204
20230726093316230,6.85,6.86,6.851637902963204
20230726093316240,6.85,6.86,6.851637902963204
20230726093316250,6.85,6.86,6.851686629977339
20230726093316280,6.85,6.86,6.851686629977339
20230726093316290,6.85,6.86,6.851686629977339
20230726093316440,6.85,6.86,6.851686629977339
20230726093318210,6.85,6.86,6.851686629977339
20230726093318330,6.85,6.86,6.851686629977339
20230726093318350,6.85,6.86,6.851686629977339
20230726093318380,6.85,6.86,6.851686629977339
20230726093318440,6.85,6.86,6.851686629977339
20230726093318740,6.85,6.86,6.851686629977339
20230726093318760,6.85,6.86,6.851686629977339
20230726093318860,6.85,6.86,6.851686629977339
20230726093318910,6.85,6.86,6.851686629977339
20230726093318950,6.85,6.86,6.851686629977339
20230726093319060,6.85,6.86,6.851686629977339
20230726093319110,6.85,6.86,6.851686629977339
20230726093319180,6.85,6.86,6.851686629977339
20230726093320810,6.85,6.86,6.851686629977339
20230726093321130,6.85,6.86,6.851686629977339
20230726093321150,6.85,6.86,6.851686629977339
20230726093321720,6.85,6.86,6.851686629977339
20230726093323450,6.85,6.86,6.851686629977339
20230726093323620,6.85,6.86,6.851686629977339
20230726093324270,6.85,6.86,6.851686629977339
20230726093324410,6.85,6.86,6.851686629977339
20230726093324450,6.85,6.86,6.851686629977339
20230726093324580,6.85,6.86,6.851686629977339
20230726093324680,6.85,6.86,6.851686629977339
20230726093324700,6.85,6.86,6.851686629977339
20230726093326300,6.85,6.86,6.851686629977339
20230726093326710,6.85,6.86,6.851686629977339
20230726093326800,6.85,6.86,6.851686629977339
20230726093327140,6.87,6.85,6.853966005665723
20230726093327150,6.87,6.86,6.853966005665723
20230726093327240,6.86,6.85,6.85401180770312
20230726093327270,6.87,6.85,6.8540519407986595
20230726093327290,6.87,6.85,6.8540519407986595
20230726093327350,6.87,6.85,6.8540519407986595
20230726093328920,6.87,6.85,6.8540519407986595
20230726093329090,6.87,6.85,6.8540519407986595
20230726093329100,6.87,6.85,6.8540519407986595
20230726093329250,6.87,6.85,6.8540519407986595
20230726093329810,6.87,6.85,6.8540519407986595
20230726093329950,6.87,6.85,6.85408913649025
20230726093329970,6.87,6.85,6.854186046511628
20230726093331720,6.87,6.85,6.854186046511628
20230726093332230,6.87,6.85,6.854186046511628
20230726093332690,6.87,6.85,6.854186046511628
20230726093334500,6.87,6.85,6.854186046511628
20230726093334700,6.87,6.86,6.854186046511628
20230726093334940,6.87,6.86,6.854186046511628
20230726093334970,6.87,6.86,6.854186046511628
20230726093335260,6.87,6.86,6.854186046511628
20230726093335280,6.87,6.85,6.854196576477085
20230726093335390,6.87,6.85,6.854196576477085
20230726093335420,6.87,6.85,6.854196576477085
20230726093337110,6.87,6.85,6.854205298013245
20230726093337150,6.87,6.86,6.854205298013245
20230726093337210,6.87,6.86,6.854205298013245
20230726093337230,6.87,6.85,6.854205298013245
20230726093337360,6.87,6.85,6.854205298013245
20230726093337600,6.87,6.85,6.854205298013245
20230726093337670,6.86,6.85,6.854238683127572
20230726093339820,6.86,6.85,6.854238683127572
20230726093339980,6.86,6.85,6.854254445964433
20230726093340080,6.86,6.85,6.854274809160305
20230726093340090,6.86,6.85,6.854282602777022
20230726093340110,6.86,6.85,6.854285714285714
20230726093340180,6.86,6.86,6.854402985074627
20230726093340220,6.86,6.86,6.854402985074627
20230726093340240,6.86,6.86,6.854402985074627
20230726093340250,6.86,6.86,6.854402985074627
20230726093340670,6.86,6.86,6.854402985074627
20230726093340700,6.86,6.86,6.854402985074627
20230726093340830,6.86,6.86,6.854402985074627
20230726093342460,6.86,6.86,6.854402985074627
20230726093342550,6.86,6.86,6.854402985074627
20230726093342820,6.86,6.86,6.854402985074627
20230726093343100,6.86,6.86,6.854404476418865
20230726093343230,6.86,6.86,6.854404476418865
20230726093345080,6.86,6.86,6.854404476418865
20230726093345110,6.86,6.86,6.854404476418865
20230726093345140,6.86,6.86,6.854404476418865
20230726093345220,6.86,6.86,6.854404476418865
20230726093345260,6.86,6.86,6.854404476418865
20230726093345430,6.86,6.86,6.8544210806494545
20230726093345470,6.86,6.86,6.854828926905133
20230726093346040,6.86,6.86,6.854828926905133
20230726093346050,6.86,6.86,6.854828926905133
20230726093346060,6.86,6.86,6.854828926905133
20230726093346070,6.86,6.86,6.854828926905133
20230726093348250,6.86,6.86,6.854828926905133
20230726093348470,6.86,6.86,6.854828926905133
20230726093348490,6.86,6.86,6.854828926905133
20230726093348500,6.86,6.86,6.854828926905133
20230726093348510,6.86,6.86,6.854828926905133
20230726093348700,6.86,6.86,6.8553200498132005
20230726093348710,6.86,6.86,6.8553200498132005
20230726093348790,6.86,6.86,6.8553200498132005
20230726093350970,6.86,6.86,6.8553200498132005
20230726093351170,6.86,6.86,6.8553200498132005
20230726093351280,6.86,6.86,6.8553200498132005
20230726093351560,6.86,6.86,6.8553200498132005
20230726093353160,6.86,6.86,6.8553200498132005
20230726093353340,6.86,6.86,6.855321215139442
20230726093353640,6.86,6.86,6.855321215139442
20230726093355850,6.86,6.86,6.855321215139442
20230726093355860,6.86,6.86,6.855321215139442
20230726093355940,6.86,6.86,6.855321215139442
20230726093356130,6.86,6.86,6.855321215139442
20230726093356470,6.86,6.86,6.855321215139442
20230726093356710,6.86,6.86,6.855321215139442
20230726093356980,6.86,6.86,6.855321215139442
20230726093357010,6.86,6.86,6.855321215139442
20230726093359020,6.86,6.86,6.855321215139442
20230726093359540,6.86,6.86,6.855321215139442
20230726093359640,6.86,6.86,6.855321215139442
20230726093401230,6.86,6.86,6.855321215139442
20230726093401270,6.86,6.86,6.855321215139442
20230726093401290,6.86,6.86,6.855321215139442
20230726093401590,6.86,6.86,6.855321215139442
20230726093401640,6.86,6.86,6.855321215139442
20230726093401700,6.86,6.86,6.855321215139442
20230726093401710,6.86,6.86,6.855321215139442
20230726093401720,6.86,6.86,6.855321215139442
20230726093402040,6.86,6.86,6.855324707638716
20230726093402140,6.86,6.86,6.855324707638716
20230726093402370,6.86,6.86,6.855324707638716
20230726093402440,6.86,6.86,6.855324707638716
20230726093403950,6.86,6.86,6.855324707638716
20230726093404070,6.86,6.86,6.855324707638716
20230726093404110,6.86,6.86,6.855324707638716
20230726093404120,6.86,6.86,6.855324707638716
20230726093404950,6.86,6.86,6.855324707638716
20230726093405050,6.86,6.86,6.855324707638716
20230726093405100,6.86,6.86,6.855324707638716
20230726093407140,6.86,6.86,6.855324707638716
20230726093407170,6.86,6.86,6.855324707638716
20230726093407180,6.86,6.86,6.855324707638716
20230726093407190,6.86,6.86,6.855324707638716
20230726093407710,6.86,6.86,6.855324707638716
20230726093407820,6.86,6.86,6.855324707638716
20230726093409680,6.86,6.86,6.855324707638716
20230726093412260,6.86,6.86,6.855324707638716
20230726093412710,6.86,6.86,6.855324707638716
20230726093412790,6.86,6.86,6.855324707638716
20230726093412920,6.86,6.86,6.855324707638716
20230726093413080,6.86,6.86,6.8556353055286126
20230726093413090,6.86,6.86,6.8556353055286126
20230726093413150,6.86,6.86,6.8556353055286126
20230726093414830,6.86,6.86,6.8556353055286126
20230726093414910,6.86,6.86,6.8556353055286126
20230726093414930,6.86,6.86,6.8556353055286126
20230726093415510,6.86,6.86,6.8556353055286126
20230726093415840,6.86,6.86,6.8556353055286126
20230726093417460,6.86,6.86,6.8556353055286126
20230726093417890,6.86,6.86,6.8556353055286126
20230726093418070,6.86,6.86,6.8556353055286126
20230726093418450,6.86,6.86,6.8556353055286126
20230726093420210,6.86,6.86,6.8556353055286126
20230726093420220,6.86,6.86,6.8556353055286126
20230726093420250,6.86,6.86,6.8556353055286126
20230726093420290,6.86,6.86,6.8556353055286126
20230726093420400,6.86,6.86,6.8556353055286126
20230726093420410,6.86,6.86,6.8556353055286126
20230726093420550,6.86,6.86,6.8556353055286126
20230726093420600,6.87,6.86,6.855851444948651
20230726093420810,6.87,6.86,6.855851444948651
20230726093420840,6.87,6.86,6.855851444948651
20230726093420900,6.87,6.86,6.855851444948651
20230726093422940,6.87,6.86,6.855995271867612
20230726093422950,6.87,6.86,6.855995271867612
20230726093422960,6.87,6.86,6.855995271867612
20230726093422980,6.87,6.86,6.855995271867612
20230726093422990,6.87,6.86,6.855995271867612
20230726093423080,6.87,6.86,6.855995271867612
20230726093423300,6.87,6.86,6.855996218388088
20230726093423310,6.87,6.86,6.855996218388088
20230726093423320,6.87,6.86,6.855997164461248
20230726093423580,6.87,6.86,6.855997164461248
20230726093423680,6.87,6.86,6.856128277153558
20230726093423890,6.87,6.86,6.856128277153558
20230726093423950,6.87,6.86,6.856128277153558
20230726093423960,6.87,6.86,6.856128277153558
20230726093425630,6.87,6.86,6.856128277153558
20230726093425680,6.87,6.86,6.856128277153558
20230726093428220,6.87,6.86,6.856128277153558
20230726093428460,6.87,6.86,6.856161522394987
20230726093428500,6.87,6.86,6.856161522394987
20230726093429010,6.87,6.86,6.856161522394987
20230726093429020,6.87,6.86,6.856161522394987
20230726093429070,6.87,6.86,6.856161522394987
20230726093429220,6.87,6.86,6.856161522394987
20230726093429230,6.87,6.86,6.856161522394987
20230726093429270,6.87,6.86,6.856161522394987
20230726093430920,6.87,6.86,6.856161522394987
20230726093430990,6.87,6.86,6.856161522394987
20230726093431070,6.87,6.86,6.856161522394987
20230726093431220,6.87,6.86,6.856161522394987
20230726093431310,6.87,6.86,6.856161522394987
20230726093431330,6.87,6.86,6.856161522394987
20230726093431520,6.87,6.86,6.856161522394987
20230726093431700,6.87,6.86,6.856161522394987
20230726093433660,6.87,6.86,6.856161522394987
20230726093433760,6.87,6.86,6.856161522394987
20230726093434360,6.87,6.86,6.856462676529926
20230726093434780,6.87,6.86,6.856462676529926
20230726093434790,6.87,6.86,6.856462676529926
20230726093434810,6.87,6.86,6.856462676529926
20230726093436350,6.87,6.86,6.856462676529926
20230726093437150,6.87,6.86,6.856462676529926
20230726093437170,6.87,6.86,6.856462676529926
20230726093437220,6.87,6.86,6.856462676529926
20230726093439350,6.87,6.86,6.856462676529926
20230726093439360,6.87,6.86,6.856462676529926
20230726093439570,6.87,6.86,6.856462676529926
20230726093439610,6.87,6.86,6.856462676529926
20230726093440190,6.87,6.86,6.856462676529926
20230726093440230,6.87,6.86,6.856462676529926
20230726093442120,6.87,6.86,6.856462676529926
20230726093442130,6.87,6.86,6.856462676529926
20230726093442220,6.87,6.86,6.856462676529926
20230726093442520,6.87,6.86,6.856462676529926
20230726093442750,6.87,6.86,6.856462676529926
20230726093442800,6.87,6.86,6.856462676529926
20230726093444470,6.87,6.86,6.856462676529926
20230726093444510,6.87,6.86,6.856462676529926
20230726093445080,6.87,6.86,6.856465053763441
20230726093445090,6.87,6.86,6.856465053763441
20230726093445110,6.87,6.86,6.856465053763441
20230726093445310,6.87,6.86,6.856465053763441
20230726093447260,6.87,6.86,6.856465053763441
20230726093447340,6.86,6.86,6.856561342340379
20230726093447600,6.86,6.86,6.856561342340379
20230726093447730,6.86,6.86,6.856561342340379
20230726093447900,6.86,6.86,6.856561342340379
20230726093448100,6.86,6.86,6.8565187269971855
20230726093448120,6.86,6.86,6.8565187269971855
20230726093448370,6.86,6.86,6.856533735718905
20230726093450090,6.86,6.86,6.856533735718905
20230726093450160,6.86,6.86,6.856533735718905
20230726093450480,6.86,6.86,6.856533735718905
20230726093450670,6.86,6.86,6.856533735718905
20230726093450950,6.86,6.86,6.856533735718905
20230726093450960,6.86,6.86,6.856533735718905
20230726093450970,6.86,6.86,6.856533735718905
20230726093453100,6.86,6.86,6.856541191654119
20230726093453290,6.86,6.86,6.856541191654119
20230726093453390,6.86,6.86,6.856541191654119
20230726093453450,6.86,6.86,6.856541191654119
20230726093453550,6.86,6.86,6.856541191654119
20230726093455320,6.86,6.86,6.856541191654119
20230726093455560,6.86,6.86,6.856541191654119
20230726093455700,6.86,6.86,6.856541191654119
20230726093456190,6.86,6.86,6.856541191654119
20230726093456280,6.86,6.86,6.856541191654119
20230726093456460,6.86,6.86,6.8565341641598625
20230726093458120,6.86,6.86,6.8565341641598625
20230726093458260,6.86,6.86,6.8565341641598625
20230726093458510,6.86,6.86,6.8565341641598625
20230726093459010,6.86,6.86,6.8565341641598625
20230726093459070,6.86,6.86,6.8565341641598625
20230726093500710,6.86,6.86,6.8565341641598625
20230726093500980,6.86,6.86,6.8565341641598625
20230726093501010,6.86,6.86,6.8565341641598625
20230726093501080,6.86,6.86,6.856544558697515
20230726093501090,6.86,6.86,6.856544558697515
20230726093501140,6.86,6.86,6.856541755888651
20230726093501260,6.86,6.86,6.856541755888651
20230726093501530,6.86,6.86,6.856540355384286
20230726093501590,6.86,6.86,6.856540355384286
20230726093501640,6.86,6.86,6.856540355384286
20230726093503550,6.86,6.86,6.856533361847733
20230726093503610,6.86,6.86,6.85660594639866
20230726093503780,6.86,6.86,6.85660594639866
20230726093503890,6.86,6.86,6.856668721742705
20230726093503900,6.86,6.86,6.856668721742705
20230726093504070,6.86,6.86,6.856668721742705
20230726093504120,6.86,6.86,6.856668721742705
20230726093504170,6.86,6.86,6.856668721742705
20230726093504240,6.86,6.86,6.856668721742705
20230726093504280,6.86,6.86,6.856670774286301
20230726093504450,6.86,6.86,6.856670774286301
20230726093506040,6.86,6.86,6.856670774286301
20230726093506070,6.86,6.86,6.856670774286301
20230726093506280,6.86,6.86,6.856670774286301
20230726093506450,6.86,6.86,6.856657101865136
20230726093506550,6.86,6.86,6.856657101865136
20230726093506780,6.86,6.86,6.856657101865136
20230726093506790,6.86,6.86,6.856657101865136
20230726093506860,6.86,6.86,6.856657101865136
20230726093508720,6.86,6.86,6.856657101865136
20230726093508910,6.86,6.86,6.856657101865136
20230726093508990,6.86,6.86,6.856657101865136
20230726093509050,6.86,6.86,6.856657101865136
20230726093509080,6.86,6.86,6.856658471624667
20230726093509220,6.86,6.86,6.856658471624667
20230726093509280,6.86,6.86,6.856658471624667
20230726093509300,6.86,6.86,6.856658471624667
20230726093509860,6.86,6.86,6.856658471624667
20230726093509880,6.86,6.86,6.856658471624667
20230726093511420,6.86,6.86,6.856659156083572
20230726093511520,6.86,6.86,6.856659156083572
20230726093511660,6.86,6.86,6.856659156083572
20230726093512050,6.86,6.86,6.856637403021642
20230726093512230,6.86,6.85,6.856637403021642
20230726093514180,6.86,6.85,6.856637403021642
20230726093514350,6.86,6.85,6.856637403021642
20230726093514400,6.86,6.85,6.856637403021642
20230726093514730,6.86,6.85,6.856484655241132
20230726093515180,6.86,6.85,6.856484655241132
20230726093516910,6.86,6.85,6.856488154489349
20230726093517100,6.86,6.85,6.856488154489349
20230726093517430,6.86,6.85,6.856488154489349
20230726093517610,6.86,6.85,6.856488154489349
20230726093519550,6.86,6.85,6.856580732700135
20230726093519720,6.86,6.85,6.856639359878072
20230726093519750,6.86,6.85,6.856639359878072
20230726093520240,6.86,6.85,6.856639359878072
20230726093520490,6.86,6.85,6.856639359878072
20230726093520690,6.86,6.85,6.85657671258728
20230726093522240,6.86,6.85,6.85657671258728
20230726093522330,6.86,6.85,6.85657671258728
20230726093522370,6.86,6.85,6.85657671258728
20230726093522530,6.86,6.85,6.85657671258728
20230726093522580,6.86,6.85,6.85657671258728
20230726093523040,6.86,6.85,6.85657671258728
20230726093523400,6.86,6.85,6.85657671258728
20230726093525070,6.86,6.85,6.85657800415016
20230726093525080,6.86,6.85,6.85657800415016
20230726093525190,6.86,6.85,6.85657800415016
20230726093525300,6.86,6.85,6.85657800415016
20230726093525540,6.86,6.85,6.85657800415016
20230726093525860,6.86,6.85,6.856617564795823
20230726093527660,6.86,6.85,6.856617564795823
20230726093527810,6.86,6.85,6.856617564795823
20230726093528100,6.86,6.85,6.856617564795823
20230726093528120,6.86,6.85,6.856617564795823
20230726093528130,6.86,6.85,6.856617564795823
20230726093528210,6.86,6.85,6.856617564795823
20230726093528420,6.87,6.85,6.856617564795823
20230726093528430,6.87,6.85,6.856617564795823
20230726093528530,6.87,6.85,6.856617564795823
20230726093528660,6.87,6.85,6.856617564795823
20230726093528760,6.87,6.85,6.856617564795823
20230726093530540,6.87,6.85,6.856617564795823
20230726093530550,6.87,6.85,6.856617564795823
20230726093530570,6.87,6.85,6.856617564795823
20230726093531080,6.87,6.85,6.856617564795823
20230726093531110,6.87,6.85,6.856617564795823
20230726093531180,6.86,6.85,6.856617564795823
20230726093533280,6.86,6.85,6.856617564795823
20230726093533420,6.86,6.85,6.856617564795823
20230726093533460,6.86,6.85,6.856617564795823
20230726093534070,6.86,6.85,6.856617564795823
20230726093534140,6.86,6.85,6.856617564795823
20230726093535810,6.86,6.85,6.856617564795823
20230726093536030,6.86,6.85,6.856736236056135
20230726093536070,6.86,6.85,6.856736236056135
20230726093538750,6.86,6.85,6.856736236056135
20230726093539060,6.86,6.85,6.856736236056135
20230726093539090,6.86,6.85,6.856736236056135
20230726093539650,6.86,6.85,6.856736236056135
20230726093541340,6.86,6.85,6.856736236056135
20230726093541820,6.86,6.85,6.856736236056135
20230726093541830,6.86,6.85,6.856736236056135
20230726093542000,6.86,6.85,6.856736236056135
20230726093542110,6.86,6.85,6.856736236056135
20230726093542190,6.86,6.85,6.856467438244947
20230726093542200,6.86,6.85,6.856467438244947
20230726093542300,6.86,6.85,6.856467438244947
20230726093543980,6.86,6.85,6.856467438244947
20230726093544000,6.86,6.85,6.856467438244947
20230726093544040,6.86,6.85,6.856467438244947
20230726093544070,6.86,6.85,6.856467438244947
20230726093544090,6.86,6.85,6.856510443199185
20230726093544390,6.86,6.85,6.856510443199185
20230726093544610,6.86,6.85,6.85650492025789
20230726093546760,6.86,6.85,6.85650492025789
20230726093546850,6.86,6.85,6.85650492025789
20230726093546860,6.86,6.85,6.85650492025789
20230726093546870,6.86,6.85,6.85650492025789
20230726093546880,6.86,6.85,6.85650492025789
20230726093546960,6.86,6.85,6.856503816793893
20230726093547000,6.86,6.85,6.856503816793893
20230726093547010,6.86,6.85,6.856503816793893
20230726093547760,6.86,6.85,6.856503816793893
20230726093549370,6.86,6.85,6.856503816793893
20230726093551920,6.86,6.85,6.856503816793893
20230726093551940,6.86,6.85,6.856503816793893
20230726093551970,6.86,6.85,6.856503816793893
20230726093552020,6.86,6.85,6.856503816793893
20230726093552070,6.86,6.85,6.856503816793893
20230726093552110,6.86,6.85,6.856503816793893
20230726093552130,6.86,6.85,6.856503816793893
20230726093552200,6.86,6.85,6.856503816793893
20230726093552280,6.86,6.85,6.856503816793893
20230726093552320,6.86,6.85,6.856503816793893
20230726093552360,6.86,6.85,6.856503816793893
20230726093552420,6.86,6.85,6.856503816793893
20230726093552430,6.86,6.85,6.856567782565462
20230726093552530,6.86,6.85,6.856566694283347
20230726093552610,6.86,6.85,6.856566694283347
20230726093552730,6.86,6.85,6.856566694283347
20230726093552770,6.86,6.85,6.856566694283347
20230726093552960,6.86,6.85,6.856566694283347
20230726093555080,6.86,6.85,6.856566694283347
20230726093555490,6.86,6.85,6.856566694283347
20230726093555500,6.86,6.85,6.856566694283347
20230726093555610,6.86,6.85,6.856566694283347
20230726093557790,6.86,6.85,6.856566694283347
20230726093558120,6.86,6.85,6.856566694283347
20230726093558130,6.86,6.85,6.856566694283347
20230726093558140,6.86,6.85,6.856566694283347
20230726093558150,6.86,6.85,6.856566694283347
20230726093558160,6.86,6.85,6.856566694283347
20230726093558280,6.86,6.85,6.856566694283347
20230726093558560,6.86,6.85,6.856566694283347
20230726093600250,6.86,6.85,6.856566694283347
20230726093600710,6.86,6.85,6.856566694283347
20230726093601210,6.86,6.85,6.856566694283347
20230726093602930,6.86,6.85,6.856566694283347
20230726093602970,6.86,6.85,6.856566694283347
20230726093603040,6.86,6.85,6.856566694283347
20230726093603410,6.86,6.85,6.856566694283347
20230726093603530,6.86,6.85,6.856566694283347
20230726093603690,6.86,6.85,6.856566694283347
20230726093603970,6.86,6.85,6.856566694283347
20230726093605500,6.86,6.85,6.856566694283347
20230726093605870,6.86,6.85,6.856566694283347
20230726093605930,6.86,6.85,6.856566694283347
20230726093606100,6.86,6.85,6.856566694283347
20230726093606120,6.86,6.85,6.856566694283347
20230726093606420,6.86,6.85,6.856566694283347
20230726093606670,6.86,6.85,6.856566694283347
20230726093608160,6.86,6.85,6.856586570111916
20230726093608290,6.86,6.85,6.856586570111916
20230726093608590,6.86,6.85,6.856586570111916
20230726093608810,6.86,6.85,6.85655708210664
20230726093608820,6.86,6.85,6.856541034426497
20230726093608850,6.86,6.85,6.856482858990945
20230726093608860,6.86,6.85,6.856482858990945
20230726093608900,6.86,6.85,6.856482858990945
20230726093608940,6.86,6.85,6.856482858990945
20230726093608950,6.86,6.85,6.856482858990945
20230726093609370,6.86,6.85,6.856517049960349
20230726093609380,6.86,6.85,6.856517049960349
20230726093610840,6.86,6.85,6.856517049960349
20230726093610890,6.86,6.85,6.856517049960349
20230726093610970,6.86,6.85,6.856517049960349
20230726093611020,6.86,6.85,6.856517049960349
20230726093611030,6.86,6.85,6.856517049960349
20230726093611220,6.86,6.85,6.856517049960349
20230726093611260,6.86,6.85,6.856517049960349
20230726093611310,6.86,6.85,6.856517049960349
20230726093611740,6.86,6.85,6.856517049960349
20230726093611870,6.86,6.85,6.856517049960349
20230726093613530,6.86,6.85,6.856517049960349
20230726093613590,6.86,6.85,6.856517049960349
20230726093613950,6.86,6.85,6.856517049960349
20230726093613960,6.85,6.85,6.856517049960349
20230726093614170,6.85,6.85,6.856517049960349
20230726093614180,6.85,6.85,6.856517049960349
20230726093614220,6.85,6.85,6.856517049960349
20230726093614240,6.86,6.85,6.856517049960349
20230726093614370,6.86,6.85,6.856517049960349
20230726093614490,6.86,6.85,6.856517049960349
20230726093616250,6.85,6.85,6.856517049960349
20230726093616270,6.85,6.85,6.856517049960349
20230726093616580,6.85,6.85,6.856517049960349
20230726093616790,6.85,6.85,6.856517049960349
20230726093617030,6.85,6.85,6.856517049960349
20230726093617080,6.85,6.85,6.856517049960349
20230726093617280,6.85,6.85,6.856517049960349
20230726093617290,6.85,6.85,6.856517049960349
20230726093617370,6.85,6.85,6.856517049960349
20230726093617460,6.85,6.85,6.856517049960349
20230726093619060,6.85,6.85,6.856517049960349
20230726093619080,6.85,6.85,6.856517049960349
20230726093619230,6.85,6.85,6.856517049960349
20230726093619280,6.85,6.85,6.856517049960349
20230726093619660,6.85,6.85,6.856517049960349
20230726093619680,6.85,6.85,6.856249808897722
20230726093619710,6.85,6.85,6.856249808897722
20230726093619860,6.85,6.85,6.856249808897722
20230726093619870,6.85,6.85,6.856249808897722
20230726093619880,6.85,6.85,6.856249808897722
20230726093619890,6.85,6.85,6.856249808897722
20230726093619940,6.85,6.85,6.856249808897722
20230726093620020,6.85,6.85,6.856249808897722
20230726093620090,6.85,6.85,6.856249808897722
20230726093621900,6.85,6.85,6.856249808897722
20230726093622500,6.85,6.85,6.856249808897722
20230726093624480,6.85,6.85,6.856249808897722
20230726093624680,6.85,6.85,6.856249808897722
20230726093624850,6.85,6.85,6.856249808897722
20230726093625030,6.85,6.85,6.856249808897722
20230726093625080,6.85,6.85,6.856247324977071
20230726093625480,6.85,6.85,6.856242359413203
20230726093627030,6.85,6.85,6.85623987776929
20230726093627690,6.85,6.85,6.856222527472528
20230726093628120,6.85,6.85,6.856222527472528
20230726093628130,6.85,6.85,6.856222527472528
20230726093628240,6.85,6.85,6.856222527472528
20230726093628250,6.85,6.85,6.856222527472528
20230726093630280,6.85,6.85,6.856222527472528
20230726093630320,6.85,6.85,6.856222527472528
20230726093630710,6.85,6.85,6.856222527472528
20230726093630780,6.85,6.85,6.856222527472528
20230726093632690,6.85,6.85,6.856222527472528
20230726093632900,6.85,6.85,6.8562126296522266
20230726093633130,6.85,6.85,6.8562002743484225
20230726093633660,6.85,6.85,6.8562002743484225
20230726093635380,6.85,6.85,6.8561830085261875
20230726093635400,6.85,6.85,6.8561830085261875
20230726093635960,6.85,6.85,6.8561830085261875
20230726093638200,6.85,6.85,6.8561830085261875
20230726093638310,6.85,6.85,6.8561830085261875
20230726093638350,6.85,6.85,6.8561830085261875
20230726093638540,6.85,6.85,6.8561830085261875
20230726093638560,6.85,6.85,6.8561830085261875
20230726093638610,6.85,6.85,6.8561830085261875
20230726093638780,6.85,6.85,6.8561830085261875
20230726093638850,6.85,6.85,6.8561830085261875
20230726093641640,6.85,6.85,6.8561830085261875
20230726093643210,6.85,6.85,6.856178082191781
20230726093643220,6.85,6.85,6.856178082191781
20230726093643320,6.85,6.85,6.856178082191781
20230726093643460,6.85,6.85,6.856178082191781
20230726093643500,6.85,6.85,6.856178082191781
20230726093644140,6.85,6.85,6.856178082191781
20230726093646180,6.85,6.85,6.85617562014914
20230726093648800,6.85,6.85,6.85617562014914
20230726093648910,6.85,6.85,6.85617562014914
20230726093649100,6.85,6.85,6.856168238515363
20230726093649190,6.85,6.85,6.856168238515363
20230726093649240,6.85,6.85,6.856168238515363
20230726093649250,6.85,6.85,6.856168238515363
20230726093649260,6.85,6.85,6.856168238515363
20230726093649440,6.85,6.85,6.856168238515363
20230726093649860,6.85,6.85,6.856168238515363
20230726093651350,6.85,6.85,6.856168238515363
20230726093652080,6.85,6.85,6.856161094224924
20230726093652110,6.85,6.85,6.85615372930275
20230726093652270,6.85,6.85,6.85615372930275
20230726093654310,6.85,6.85,6.85615372930275
20230726093654620,6.85,6.85,6.85615372930275
20230726093654740,6.85,6.85,6.85615372930275
20230726093654880,6.85,6.85,6.85615372930275
20230726093655010,6.85,6.85,6.85615372930275
20230726093655080,6.85,6.85,6.856134122287968
20230726093655100,6.85,6.85,6.856121892055792
20230726093655150,6.85,6.85,6.856121892055792
20230726093656790,6.85,6.85,6.856121892055792
20230726093656980,6.85,6.85,6.856121892055792
20230726093657010,6.85,6.85,6.856121892055792
20230726093657040,6.85,6.85,6.856121892055792
20230726093657120,6.85,6.85,6.856121892055792
20230726093659520,6.85,6.85,6.856097487132909
20230726093659560,6.85,6.85,6.856075585789871
20230726093659650,6.85,6.85,6.856075585789871
20230726093659790,6.85,6.85,6.856075585789871
20230726093700100,6.85,6.85,6.855974162535677
20230726093700150,6.85,6.85,6.855974162535677
20230726093702220,6.85,6.85,6.855974162535677
20230726093702270,6.85,6.85,6.855974162535677
20230726093702650,6.85,6.85,6.855974162535677
20230726093702780,6.85,6.85,6.855974162535677
20230726093703140,6.85,6.85,6.855974162535677
20230726093705210,6.85,6.85,6.855904875860006
20230726093705260,6.85,6.85,6.855904875860006
20230726093705430,6.85,6.85,6.855904875860006
20230726093705480,6.85,6.85,6.855904875860006
20230726093705940,6.85,6.85,6.8558763810092564
20230726093706070,6.85,6.85,6.8558763810092564
20230726093708020,6.85,6.85,6.8558763810092564
20230726093708050,6.85,6.85,6.8558763810092564
20230726093708170,6.85,6.85,6.8558763810092564
20230726093708220,6.85,6.85,6.8558763810092564
20230726093708400,6.85,6.85,6.8558763810092564
20230726093708570,6.85,6.85,6.8558763810092564
20230726093710280,6.85,6.85,6.8558763810092564
20230726093710560,6.85,6.85,6.8558763810092564
20230726093710660,6.85,6.85,6.8558763810092564
20230726093710690,6.85,6.85,6.8558763810092564
20230726093710810,6.85,6.85,6.8558763810092564
20230726093710880,6.85,6.85,6.8558763810092564
20230726093710910,6.85,6.85,6.855684365781711
20230726093711010,6.85,6.85,6.855684365781711
20230726093711140,6.85,6.85,6.855684365781711
20230726093713000,6.85,6.85,6.855684365781711
20230726093713070,6.85,6.85,6.855684365781711
20230726093713430,6.85,6.85,6.855684365781711
20230726093713840,6.85,6.85,6.855684365781711
20230726093713910,6.85,6.85,6.8556566548881035
20230726093714000,6.85,6.85,6.8556566548881035
20230726093714010,6.85,6.85,6.8556566548881035
20230726093714040,6.85,6.85,6.8556566548881035
20230726093714060,6.85,6.85,6.8556566548881035
20230726093716040,6.85,6.85,6.8556566548881035
20230726093716080,6.85,6.85,6.85563593589178
20230726093716170,6.85,6.85,6.855626745040412
20230726093716180,6.85,6.85,6.855626745040412
20230726093716230,6.85,6.85,6.8555422391113705
20230726093716240,6.85,6.85,6.8554702827466825
20230726093716430,6.85,6.85,6.8554702827466825
20230726093716480,6.85,6.85,6.8554702827466825
20230726093716500,6.85,6.85,6.8554702827466825
20230726093716600,6.85,6.85,6.8554635904830565
20230726093716630,6.85,6.85,6.8554635904830565
20230726093716710,6.85,6.85,6.8554635904830565
20230726093719000,6.85,6.85,6.8554546764663495
20230726093719110,6.85,6.85,6.8554479976951885
20230726093719120,6.85,6.85,6.8554479976951885
20230726093719240,6.85,6.85,6.8554479976951885
20230726093721020,6.85,6.85,6.8554413246940245
20230726093721120,6.85,6.85,6.8554413246940245
20230726093721140,6.85,6.85,6.855434657455383
20230726093721570,6.85,6.85,6.855434657455383
20230726093723790,6.85,6.85,6.855434657455383
20230726093723970,6.85,6.85,6.855434657455383
20230726093724140,6.85,6.85,6.855434657455383
20230726093724360,6.85,6.85,6.855434657455383
20230726093724780,6.85,6.85,6.855434657455383
20230726093724860,6.85,6.85,6.855434657455383
20230726093726530,6.85,6.85,6.855434657455383
20230726093726570,6.85,6.85,6.855434657455383
20230726093726940,6.85,6.85,6.855434657455383
20230726093727100,6.85,6.85,6.855434657455383
20230726093727440,6.85,6.85,6.855434657455383
20230726093729850,6.85,6.85,6.855434657455383
20230726093730230,6.85,6.85,6.855434657455383
20230726093730350,6.85,6.85,6.855434657455383
20230726093732020,6.85,6.85,6.855434657455383
20230726093732050,6.85,6.85,6.855434657455383
20230726093732230,6.85,6.85,6.855191736238857
20230726093732290,6.85,6.85,6.855191736238857
20230726093732790,6.85,6.85,6.855191736238857
20230726093733070,6.85,6.85,6.855191736238857
20230726093734580,6.85,6.85,6.855191736238857
20230726093735200,6.85,6.85,6.855191736238857
20230726093735220,6.85,6.85,6.855191736238857
20230726093735240,6.85,6.85,6.855191736238857
20230726093737280,6.85,6.85,6.855191001697793
20230726093737340,6.85,6.85,6.8551902673645495
20230726093737430,6.85,6.85,6.8551902673645495
20230726093737660,6.85,6.85,6.855181471543568
20230726093737850,6.85,6.85,6.855181471543568
20230726093738070,6.85,6.85,6.855177815410669
20230726093738140,6.85,6.85,6.85517708480316
20230726093738230,6.85,6.85,6.855174164433789
20230726093740140,6.85,6.85,6.855174164433789
20230726093740240,6.85,6.85,6.855174164433789
20230726093740890,6.85,6.85,6.855174164433789
20230726093740900,6.85,6.85,6.855174164433789
20230726093740910,6.85,6.85,6.855174164433789
20230726093740940,6.85,6.85,6.855174164433789
20230726093740960,6.85,6.85,6.855174164433789
20230726093740970,6.85,6.85,6.855174164433789
20230726093741070,6.85,6.85,6.855174164433789
20230726093742950,6.85,6.85,6.855174164433789
20230726093743570,6.85,6.85,6.855174164433789
20230726093743650,6.85,6.85,6.855174164433789
20230726093745810,6.85,6.85,6.855174164433789
20230726093746270,6.85,6.85,6.855174164433789
20230726093748080,6.85,6.85,6.855174164433789
20230726093748650,6.85,6.85,6.855152366240697
20230726093748900,6.85,6.85,6.855152366240697
20230726093749010,6.85,6.85,6.855148751052484
20230726093749160,6.85,6.85,6.855148751052484
20230726093751000,6.85,6.85,6.855148751052484
20230726093751030,6.85,6.85,6.855140252454418
20230726093751950,6.85,6.85,6.855140252454418
20230726093751970,6.85,6.85,6.855140252454418
20230726093753590,6.85,6.85,6.855140252454418
20230726093753690,6.85,6.85,6.855085243152599
20230726093756570,6.85,6.85,6.855085243152599
20230726093756900,6.85,6.85,6.855085243152599
20230726093756930,6.85,6.85,6.855085243152599
20230726093757220,6.85,6.85,6.855085243152599
20230726093757330,6.85,6.85,6.855085243152599
20230726093759100,6.85,6.85,6.855085243152599
20230726093759480,6.85,6.85,6.855085243152599
20230726093801520,6.85,6.85,6.855085243152599
20230726093801620,6.85,6.85,6.855085243152599
20230726093801900,6.85,6.85,6.855085243152599
20230726093802150,6.85,6.85,6.855085243152599
20230726093802230,6.85,6.85,6.855085243152599
20230726093804220,6.85,6.85,6.854988891974451
20230726093804910,6.85,6.85,6.854988891974451
20230726093805150,6.85,6.85,6.854937041649371
20230726093808130,6.85,6.85,6.85492877886876
20230726093810250,6.85,6.85,6.85492877886876
20230726093810430,6.85,6.85,6.85489170920127
20230726093810440,6.85,6.85,6.85489170920127
20230726093810680,6.85,6.85,6.854854823173249
20230726093810830,6.85,6.85,6.854854823173249
20230726093812810,6.85,6.85,6.854854823173249
20230726093813120,6.85,6.85,6.854854823173249
20230726093815080,6.85,6.85,6.854854823173249
20230726093815940,6.85,6.85,6.854854823173249
20230726093817720,6.85,6.85,6.854853487412298
20230726093818570,6.85,6.85,6.854853487412298
20230726093818680,6.85,6.85,6.854853487412298
20230726093820600,6.85,6.85,6.854853487412298
20230726093820650,6.85,6.85,6.854853487412298
20230726093820690,6.85,6.85,6.854853487412298
20230726093821110,6.85,6.84,6.854753435731609
20230726093821140,6.85,6.84,6.854753435731609
20230726093821160,6.85,6.84,6.854753435731609
20230726093823120,6.85,6.84,6.854751448201536
20230726093823220,6.85,6.84,6.854745557350565
20230726093823690,6.85,6.84,6.854673206946838
20230726093823840,6.85,6.84,6.854673206946838
20230726093823870,6.85,6.84,6.854673206946838
20230726093824050,6.85,6.84,6.854673206946838
20230726093824090,6.85,6.84,6.854648555980483
20230726093824100,6.85,6.84,6.854648555980483
20230726093824120,6.85,6.84,6.854648555980483
20230726093824130,6.85,6.84,6.854648555980483
20230726093824150,6.85,6.84,6.854648555980483
20230726093824160,6.85,6.84,6.854648555980483
20230726093824170,6.85,6.84,6.854648555980483
20230726093824180,6.85,6.84,6.854648555980483
20230726093824220,6.85,6.84,6.854648555980483
20230726093824240,6.85,6.84,6.854648555980483
20230726093824270,6.85,6.84,6.854648555980483
20230726093824350,6.85,6.84,6.854648555980483
20230726093825970,6.85,6.84,6.854648555980483
20230726093826290,6.85,6.84,6.854648555980483
20230726093826390,6.85,6.85,6.854648555980483
20230726093826830,6.85,6.85,6.854648555980483
20230726093828870,6.85,6.85,6.854648555980483
20230726093829100,6.85,6.85,6.854648555980483
20230726093829140,6.85,6.85,6.854648555980483
20230726093829530,6.85,6.85,6.854648555980483
20230726093829640,6.85,6.85,6.854648555980483
20230726093829720,6.85,6.85,6.854648555980483
20230726093829750,6.85,6.85,6.854648555980483
20230726093831300,6.85,6.85,6.854648555980483
20230726093831780,6.85,6.84,6.854648555980483
20230726093831890,6.85,6.84,6.854648555980483
20230726093832290,6.85,6.84,6.854648555980483
20230726093834280,6.85,6.84,6.854648555980483
20230726093834460,6.85,6.84,6.854648555980483
20230726093835150,6.85,6.84,6.854648555980483
20230726093836790,6.85,6.84,6.854648555980483
20230726093836880,6.85,6.84,6.854648555980483
20230726093837070,6.85,6.84,6.854648555980483
20230726093837190,6.85,6.84,6.854648555980483
20230726093837250,6.85,6.84,6.854648555980483
20230726093837480,6.85,6.84,6.854648555980483
20230726093839520,6.85,6.84,6.854648555980483
20230726093839740,6.85,6.85,6.854648555980483
20230726093839800,6.85,6.84,6.854648555980483
20230726093839870,6.85,6.84,6.854648555980483
20230726093840020,6.85,6.84,6.854648555980483
20230726093840360,6.85,6.84,6.854648555980483
20230726093840400,6.85,6.84,6.854648555980483
20230726093842020,6.85,6.84,6.854648555980483
20230726093842490,6.85,6.84,6.854648555980483
20230726093842720,6.85,6.84,6.854648555980483
20230726093842800,6.85,6.84,6.854648555980483
20230726093842920,6.85,6.84,6.854648555980483
20230726093843200,6.85,6.84,6.854648555980483
20230726093845090,6.85,6.84,6.854648555980483
20230726093845410,6.85,6.84,6.854648555980483
20230726093845670,6.85,6.84,6.854648555980483
20230726093845810,6.85,6.85,6.854648555980483
20230726093845830,6.85,6.85,6.854648555980483
20230726093848020,6.85,6.85,6.854648555980483
20230726093848050,6.85,6.85,6.854512288786482
20230726093848270,6.85,6.85,6.854573417721519
20230726093848640,6.85,6.85,6.8545705249841875
20230726093850110,6.85,6.85,6.8545705249841875
20230726093850260,6.85,6.85,6.8545705249841875
20230726093850310,6.85,6.85,6.854573957016435
20230726093850330,6.85,6.85,6.854573957016435
20230726093850450,6.85,6.85,6.854573957016435
20230726093850600,6.85,6.85,6.854573957016435
20230726093850640,6.85,6.85,6.854580123752999
20230726093850750,6.85,6.85,6.854580123752999
20230726093850760,6.86,6.85,6.854650380157048
20230726093850770,6.86,6.85,6.854650380157048
20230726093850780,6.86,6.85,6.8547136346840745
20230726093850790,6.86,6.85,6.85471558729377
20230726093850960,6.86,6.85,6.85471558729377
20230726093851020,6.86,6.86,6.854733096085409
20230726093851030,6.86,6.86,6.854733096085409
20230726093851110,6.86,6.86,6.854733096085409
20230726093851150,6.86,6.86,6.854733742331288
20230726093851280,6.86,6.86,6.854733742331288
20230726093852850,6.86,6.86,6.854733742331288
20230726093852860,6.86,6.86,6.854733742331288
20230726093853680,6.86,6.86,6.854733742331288
20230726093853880,6.86,6.86,6.854733742331288
20230726093855510,6.86,6.86,6.854733742331288
20230726093856050,6.86,6.86,6.854733742331288
20230726093856560,6.86,6.86,6.854765853658536
20230726093856730,6.86,6.86,6.8547735021919145
20230726093858200,6.86,6.86,6.8547735021919145
20230726093858870,6.86,6.86,6.8547735021919145
20230726093858880,6.86,6.86,6.8547735021919145
20230726093858890,6.86,6.86,6.8547735021919145
20230726093858990,6.86,6.86,6.8547735021919145
20230726093859250,6.86,6.86,6.8547735021919145
20230726093901060,6.86,6.86,6.8547735021919145
20230726093901080,6.86,6.86,6.8547735021919145
20230726093901150,6.86,6.86,6.8547735021919145
20230726093901170,6.86,6.86,6.8547735021919145
20230726093901180,6.86,6.86,6.8547735021919145
20230726093901200,6.86,6.86,6.8547735021919145
20230726093903790,6.86,6.86,6.8547735021919145
20230726093904160,6.86,6.86,6.854971883786317
20230726093904230,6.86,6.86,6.854971883786317
20230726093904300,6.86,6.86,6.854971883786317
20230726093904610,6.86,6.86,6.854971883786317
20230726093904790,6.86,6.86,6.854964323312668
20230726093906450,6.86,6.86,6.854964323312668
20230726093906630,6.86,6.86,6.854964323312668
20230726093907100,6.86,6.86,6.854963170817257
20230726093907120,6.86,6.86,6.854963170817257
20230726093907150,6.86,6.86,6.854963170817257
20230726093907220,6.86,6.86,6.854977850314759
20230726093907280,6.86,6.86,6.854977850314759
20230726093907340,6.86,6.86,6.854977850314759
20230726093909580,6.86,6.86,6.854977850314759
20230726093909820,6.86,6.86,6.854983698183512
20230726093909900,6.86,6.86,6.854983698183512
20230726093909910,6.86,6.86,6.854983698183512
20230726093910060,6.86,6.86,6.854983698183512
20230726093910190,6.86,6.86,6.85498312580007
20230726093911910,6.86,6.86,6.85498312580007
20230726093912040,6.86,6.86,6.85498312580007
20230726093912060,6.86,6.86,6.85498312580007
20230726093912100,6.86,6.85,6.85498312580007
20230726093912200,6.86,6.85,6.85498312580007
20230726093912310,6.86,6.85,6.85498312580007
20230726093912550,6.86,6.85,6.854982550023267
20230726093914820,6.86,6.85,6.854982550023267
20230726093915490,6.86,6.85,6.854982550023267
20230726093917320,6.86,6.85,6.854982550023267
20230726093917420,6.86,6.85,6.854982550023267
20230726093917490,6.86,6.85,6.854982550023267
20230726093918140,6.86,6.85,6.854982550023267
20230726093918340,6.86,6.85,6.854982550023267
20230726093919860,6.86,6.85,6.854982550023267
20230726093919940,6.86,6.85,6.854982550023267
20230726093920330,6.86,6.85,6.854982550023267
20230726093920950,6.86,6.85,6.854982550023267
20230726093923110,6.86,6.85,6.854982550023267
20230726093923140,6.86,6.85,6.854982550023267
20230726093925260,6.86,6.85,6.854982550023267
20230726093925300,6.86,6.85,6.854982550023267
20230726093925450,6.86,6.85,6.854982550023267
20230726093925630,6.86,6.85,6.854982550023267
20230726093925920,6.86,6.85,6.854982550023267
20230726093926370,6.86,6.85,6.854982550023267
20230726093928000,6.85,6.85,6.854982550023267
20230726093928010,6.85,6.85,6.854982550023267
20230726093928070,6.85,6.85,6.854982550023267
20230726093928080,6.85,6.85,6.854982550023267
20230726093928110,6.85,6.85,6.854982550023267
20230726093928120,6.85,6.85,6.854982550023267
20230726093928130,6.85,6.85,6.854982550023267
20230726093928140,6.85,6.85,6.854982550023267
20230726093928280,6.85,6.85,6.854982550023267
20230726093928360,6.85,6.85,6.854982550023267
20230726093928510,6.85,6.85,6.854982550023267
20230726093928520,6.85,6.85,6.854982550023267
20230726093928640,6.85,6.85,6.854881467973558
20230726093928660,6.85,6.85,6.854881467973558
20230726093928670,6.85,6.85,6.854881467973558
20230726093928750,6.85,6.85,6.854881467973558
20230726093929100,6.85,6.85,6.85487807657247
20230726093931110,6.85,6.85,6.85487807657247
20230726093931240,6.85,6.85,6.85487807657247
20230726093931250,6.85,6.85,6.85487807657247
20230726093931270,6.85,6.85,6.85487807657247
20230726093931680,6.85,6.85,6.854877520792981
20230726093931760,6.85,6.85,6.854877520792981
20230726093933300,6.85,6.85,6.854877520792981
20230726093934250,6.85,6.85,6.854877520792981
20230726093934280,6.85,6.85,6.854877520792981
20230726093934460,6.85,6.85,6.854877520792981
20230726093936110,6.85,6.85,6.854877520792981
20230726093936260,6.85,6.85,6.854877520792981
20230726093936280,6.85,6.85,6.854877520792981
20230726093937030,6.85,6.85,6.854877520792981
20230726093939010,6.85,6.85,6.854877520792981
20230726093939110,6.85,6.85,6.854877520792981
20230726093939350,6.85,6.85,6.854877520792981
20230726093939460,6.85,6.85,6.854877520792981
20230726093939530,6.85,6.85,6.854877520792981
20230726093939710,6.85,6.85,6.854877520792981
20230726093942100,6.85,6.85,6.854877520792981
20230726093942190,6.85,6.85,6.854877520792981
20230726093944450,6.85,6.85,6.854877520792981
20230726093944490,6.85,6.85,6.854825158946412
20230726093944560,6.85,6.85,6.854825158946412
20230726093944610,6.85,6.85,6.854825158946412
20230726093944770,6.85,6.85,6.854825158946412
20230726093944870,6.85,6.85,6.854825158946412
20230726093945220,6.85,6.85,6.854825158946412
20230726093945310,6.85,6.85,6.854825158946412
20230726093945320,6.85,6.85,6.854825158946412
20230726093946790,6.85,6.85,6.854825158946412
20230726093946820,6.85,6.85,6.854825158946412
20230726093946970,6.85,6.85,6.854808346563846
20230726093947180,6.85,6.85,6.854808346563846
20230726093947220,6.85,6.85,6.854808346563846
20230726093947250,6.85,6.85,6.854792043399638
20230726093947510,6.85,6.85,6.854792043399638
20230726093948050,6.85,6.85,6.854792043399638
20230726093949630,6.85,6.85,6.854792043399638
20230726093949690,6.85,6.85,6.854792043399638
20230726093949700,6.85,6.85,6.854792043399638
20230726093949810,6.85,6.85,6.854792043399638
20230726093950240,6.85,6.85,6.854792043399638
20230726093950620,6.85,6.85,6.854792043399638
20230726093952190,6.85,6.85,6.854792043399638
20230726093952200,6.85,6.85,6.854792043399638
20230726093952280,6.85,6.85,6.854792043399638
20230726093953350,6.85,6.85,6.854792043399638
20230726093953420,6.85,6.85,6.854792043399638
20230726093953430,6.85,6.85,6.854792043399638
20230726093958150,6.85,6.85,6.854792043399638
20230726093958160,6.85,6.85,6.854792043399638
20230726093958170,6.85,6.85,6.854792043399638
20230726093958180,6.85,6.85,6.854792043399638
20230726093958510,6.85,6.85,6.854792043399638
20230726093958660,6.85,6.85,6.854792043399638
20230726094000700,6.85,6.85,6.854792043399638
20230726094000860,6.85,6.85,6.854792043399638
20230726094001310,6.85,6.85,6.854792043399638
20230726094003100,6.85,6.85,6.854745914483994
20230726094003180,6.85,6.85,6.854745914483994
20230726094003340,6.85,6.85,6.854745914483994
20230726094003370,6.85,6.85,6.854745914483994
20230726094003480,6.85,6.85,6.854740078256009
20230726094003700,6.85,6.85,6.854740078256009
20230726094003750,6.85,6.85,6.854740078256009
20230726094003770,6.85,6.85,6.854740078256009
20230726094004080,6.85,6.85,6.854740078256009
20230726094004200,6.85,6.85,6.854738489047832
20230726094004250,6.85,6.85,6.854738489047832
20230726094005770,6.85,6.85,6.85473319937486
20230726094005910,6.85,6.85,6.854385090475675
20230726094006040,6.85,6.85,6.854385090475675
20230726094006160,6.85,6.85,6.854385090475675
20230726094006460,6.85,6.85,6.854385090475675
20230726094006840,6.85,6.85,6.854385090475675
20230726094008740,6.85,6.85,6.854385090475675
20230726094008820,6.85,6.85,6.854385090475675
20230726094009020,6.85,6.85,6.854385090475675
20230726094009130,6.85,6.85,6.854385090475675
20230726094009140,6.85,6.85,6.854385090475675
20230726094009250,6.85,6.85,6.854385090475675
20230726094009260,6.85,6.85,6.854385090475675
20230726094009380,6.85,6.85,6.854385090475675
20230726094009460,6.85,6.85,6.854385090475675
20230726094009580,6.85,6.85,6.854385090475675
20230726094011390,6.85,6.85,6.854385090475675
20230726094014380,6.85,6.85,6.854259259259259
20230726094014610,6.85,6.85,6.854259259259259
20230726094014720,6.85,6.85,6.854259259259259
20230726094014880,6.85,6.85,6.854259259259259
20230726094016580,6.85,6.85,6.854259259259259
20230726094016890,6.85,6.85,6.854259259259259
20230726094017250,6.85,6.85,6.854259259259259
20230726094017360,6.85,6.85,6.854259259259259
20230726094017410,6.85,6.85,6.854259259259259
20230726094017440,6.85,6.85,6.854259259259259
20230726094017510,6.85,6.85,6.854259259259259
20230726094019250,6.85,6.85,6.854259259259259
20230726094019930,6.85,6.85,6.854259259259259
20230726094020100,6.85,6.85,6.854259259259259
20230726094022720,6.85,6.85,6.854259259259259
20230726094023070,6.85,6.85,6.854259259259259
20230726094025170,6.85,6.85,6.854259259259259
20230726094025180,6.85,6.85,6.854259259259259
20230726094025190,6.85,6.85,6.854259259259259
20230726094025360,6.85,6.85,6.854259259259259
20230726094027610,6.85,6.85,6.854259259259259
20230726094027890,6.85,6.85,6.854259259259259
20230726094027900,6.85,6.85,6.854259259259259
20230726094028070,6.85,6.85,6.854259259259259
20230726094028080,6.85,6.85,6.854259259259259
20230726094030300,6.85,6.85,6.854259259259259
20230726094030690,6.85,6.85,6.854182804852096
20230726094030750,6.85,6.85,6.854182804852096
20230726094030780,6.85,6.85,6.854182804852096
20230726094033120,6.85,6.85,6.854182804852096
20230726094033320,6.85,6.85,6.854182804852096
20230726094033380,6.85,6.85,6.854182804852096
20230726094033600,6.85,6.85,6.854182804852096
20230726094035750,6.85,6.85,6.854182804852096
20230726094036020,6.85,6.85,6.854182804852096
20230726094038170,6.85,6.85,6.854182804852096
20230726094038890,6.85,6.85,6.854182804852096
20230726094038910,6.85,6.85,6.854182804852096
20230726094039270,6.85,6.85,6.854182804852096
20230726094040780,6.85,6.85,6.854073840328179
20230726094040790,6.85,6.85,6.854025157232704
20230726094040800,6.85,6.85,6.854025157232704
20230726094040840,6.85,6.85,6.854020748192393
20230726094040850,6.85,6.85,6.853979730435691
20230726094041180,6.85,6.85,6.853965175685539
20230726094041210,6.85,6.85,6.853956444722309
20230726094041230,6.85,6.85,6.853956444722309
20230726094041510,6.85,6.85,6.853947724669374
20230726094041520,6.85,6.85,6.853934665002081
20230726094043840,6.85,6.85,6.853934665002081
20230726094043870,6.85,6.85,6.853934665002081
20230726094044040,6.85,6.85,6.853911508101371
20230726094044320,6.85,6.85,6.853911508101371
20230726094046340,6.85,6.85,6.853911508101371
20230726094046360,6.85,6.85,6.853911508101371
20230726094046600,6.85,6.85,6.853897409326425
20230726094046670,6.85,6.85,6.853897409326425
20230726094046880,6.85,6.85,6.853897409326425
20230726094047100,6.85,6.85,6.853897409326425
20230726094047150,6.85,6.85,6.853897409326425
20230726094048950,6.85,6.85,6.853897409326425
20230726094049080,6.85,6.85,6.853893090231017
20230726094049200,6.85,6.85,6.853887335611473
20230726094049560,6.85,6.85,6.853887335611473
20230726094049770,6.85,6.85,6.85387296989759
20230726094052200,6.85,6.85,6.85386866597725
20230726094052240,6.85,6.85,6.85386866597725
20230726094052590,6.85,6.85,6.85386866597725
20230726094052660,6.85,6.85,6.853845756762337
20230726094052760,6.85,6.85,6.853842898431049
20230726094054280,6.85,6.85,6.853842898431049
20230726094054560,6.85,6.85,6.853842898431049
20230726094054640,6.85,6.85,6.853842898431049
20230726094054800,6.85,6.85,6.853835757763334
20230726094055080,6.85,6.85,6.85381295705016
20230726094055130,6.85,6.85,6.85381295705016
20230726094055140,6.85,6.85,6.8537916495269435
20230726094055220,6.85,6.85,6.8537916495269435
20230726094057120,6.85,6.85,6.8537916495269435
20230726094057330,6.85,6.85,6.853777480994452
20230726094057450,6.85,6.85,6.853777480994452
20230726094057570,6.85,6.85,6.853777480994452
20230726094057760,6.85,6.85,6.853777480994452
20230726094058010,6.85,6.85,6.853777480994452
20230726094058050,6.85,6.85,6.853777480994452
20230726094058070,6.85,6.85,6.853772848634216
20230726094058120,6.85,6.85,6.853772848634216
20230726094058130,6.85,6.85,6.853772848634216
20230726094059780,6.85,6.85,6.853772848634216
20230726094100320,6.85,6.85,6.853772848634216
20230726094100330,6.85,6.85,6.853754601226994
20230726094100650,6.85,6.85,6.853754601226994
20230726094100780,6.85,6.85,6.853754601226994
20230726094102610,6.85,6.85,6.853751789000205
20230726094102700,6.85,6.85,6.853751789000205
20230726094103240,6.85,6.85,6.853751789000205
20230726094103290,6.85,6.85,6.853751789000205
20230726094103470,6.85,6.85,6.853751789000205
20230726094105250,6.85,6.85,6.853751789000205
20230726094105260,6.85,6.85,6.853751789000205
20230726094105280,6.85,6.85,6.853751789000205
20230726094105820,6.85,6.85,6.853751789000205
20230726094108360,6.85,6.85,6.853751789000205
20230726094108520,6.85,6.85,6.853751789000205
20230726094108610,6.85,6.85,6.853751789000205
20230726094108810,6.85,6.85,6.853751789000205
20230726094110630,6.85,6.85,6.853751789000205
20230726094110930,6.85,6.85,6.853751789000205
20230726094110970,6.85,6.85,6.853751789000205
20230726094111020,6.85,6.85,6.853690947881743
20230726094111110,6.85,6.85,6.853690947881743
20230726094113550,6.85,6.85,6.853690947881743
20230726094114060,6.85,6.85,6.853690947881743
20230726094114180,6.85,6.85,6.853690947881743
20230726094115900,6.85,6.85,6.853689557090614
20230726094116040,6.85,6.85,6.853688166582021
20230726094116120,6.85,6.85,6.853688166582021
20230726094119080,6.85,6.85,6.853688166582021
20230726094119160,6.85,6.85,6.8536179026065875
20230726094119400,6.85,6.85,6.853606904906117
20230726094121600,6.85,6.85,6.853602785346655
20230726094122140,6.85,6.85,6.853602785346655
20230726094122180,6.85,6.85,6.853594553706506
20230726094122330,6.85,6.85,6.853594553706506
20230726094125070,6.85,6.85,6.853580856423174
20230726094125160,6.85,6.85,6.8535740181268885
20230726094125170,6.85,6.85,6.8535740181268885
20230726094126920,6.85,6.85,6.853563091165224
20230726094127330,6.85,6.85,6.853553544494721
20230726094127400,6.85,6.85,6.853553544494721
20230726094127440,6.85,6.85,6.853508561129468
20230726094129380,6.85,6.85,6.853501801441153
20230726094129470,6.85,6.85,6.853500450315221
20230726094129950,6.85,6.85,6.853500450315221
20230726094130000,6.85,6.85,6.853265706164853
20230726094130050,6.85,6.85,6.853265706164853
20230726094130060,6.85,6.85,6.853265706164853
20230726094130090,6.85,6.85,6.853265706164853
20230726094130110,6.85,6.85,6.853249146757679
20230726094130140,6.85,6.85,6.853235322753383
20230726094130160,6.85,6.85,6.853235322753383
20230726094130200,6.85,6.85,6.853235322753383
20230726094130540,6.85,6.85,6.853235322753383
20230726094130600,6.85,6.85,6.853235322753383
20230726094132130,6.85,6.85,6.853235322753383
20230726094132290,6.85,6.85,6.853235322753383
20230726094132430,6.85,6.85,6.853235322753383
20230726094132680,6.85,6.85,6.853235322753383
20230726094135730,6.85,6.85,6.853235322753383
20230726094137570,6.85,6.85,6.853235322753383
20230726094137640,6.85,6.85,6.853235322753383
20230726094137820,6.85,6.85,6.853235322753383
20230726094138070,6.85,6.85,6.853235322753383
20230726094138140,6.85,6.85,6.853235322753383
20230726094138230,6.85,6.85,6.853235322753383
20230726094138370,6.85,6.85,6.853235322753383
20230726094140570,6.85,6.85,6.853235322753383
20230726094141040,6.85,6.85,6.853235322753383
20230726094141060,6.85,6.85,6.853235322753383
20230726094143070,6.85,6.85,6.853235322753383
20230726094143080,6.84,6.85,6.853235322753383
20230726094143090,6.84,6.85,6.853235322753383
20230726094143110,6.84,6.85,6.853235322753383
20230726094143120,6.84,6.85,6.853235322753383
20230726094143150,6.84,6.85,6.853235322753383
20230726094143360,6.84,6.85,6.853235322753383
20230726094143480,6.84,6.85,6.853235322753383
20230726094143490,6.84,6.85,6.853235322753383
20230726094143610,6.84,6.85,6.853235322753383
20230726094143640,6.84,6.85,6.853235322753383
20230726094143680,6.84,6.85,6.853235322753383
20230726094143770,6.84,6.85,6.853235322753383
20230726094144060,6.84,6.85,6.853235322753383
20230726094144100,6.84,6.85,6.853235322753383
20230726094144130,6.84,6.85,6.853235322753383
20230726094145690,6.84,6.85,6.853235322753383
20230726094145970,6.84,6.85,6.853235322753383
20230726094146030,6.84,6.85,6.853137141200348
20230726094146050,6.84,6.85,6.853137141200348
20230726094146060,6.84,6.85,6.853137141200348
20230726094146070,6.84,6.85,6.853137141200348
20230726094146110,6.84,6.85,6.853137141200348
20230726094146120,6.84,6.85,6.853137141200348
20230726094146580,6.84,6.85,6.853137141200348
20230726094146770,6.84,6.85,6.853137141200348
20230726094148320,6.84,6.85,6.853137141200348
20230726094149120,6.84,6.85,6.853137141200348
20230726094149130,6.84,6.85,6.853137141200348
20230726094149150,6.84,6.85,6.853137141200348
20230726094149160,6.84,6.85,6.853137141200348
20230726094149360,6.84,6.85,6.853137141200348
20230726094149370,6.84,6.85,6.853137141200348
20230726094151020,6.84,6.85,6.853137141200348
20230726094151110,6.84,6.85,6.853137141200348
20230726094151490,6.84,6.85,6.853137141200348
20230726094151790,6.84,6.85,6.853137141200348
20230726094151800,6.84,6.85,6.853137141200348
20230726094153680,6.84,6.85,6.853137141200348
20230726094154340,6.84,6.85,6.853137141200348
20230726094154550,6.84,6.85,6.853137141200348
20230726094154790,6.84,6.85,6.853137141200348
20230726094156780,6.84,6.85,6.85311353543155
20230726094156850,6.84,6.85,6.853104613009072
20230726094156890,6.84,6.85,6.853104613009072
20230726094157130,6.84,6.85,6.853104613009072
20230726094159190,6.84,6.85,6.853016679447853
20230726094159380,6.84,6.85,6.853010062290369
20230726094159390,6.84,6.85,6.85297263681592
20230726094159480,6.84,6.85,6.85297263681592
20230726094159630,6.84,6.85,6.85297263681592
20230726094159740,6.84,6.85,6.852115685732707
20230726094159780,6.84,6.85,6.852115685732707
20230726094159950,6.85,6.84,6.851672730499601
20230726094159960,6.85,6.84,6.851475181017186
20230726094159990,6.85,6.84,6.8513172158650955
20230726094200000,6.85,6.84,6.8510938686008265
20230726094200010,6.84,6.84,6.8510938686008265
20230726094200080,6.84,6.84,6.85096128059001
20230726094200110,6.84,6.84,6.85096128059001
20230726094200130,6.84,6.84,6.85096128059001
20230726094200230,6.84,6.84,6.850852848364059
20230726094200290,6.84,6.84,6.850852848364059
20230726094201810,6.84,6.84,6.850852848364059
20230726094201820,6.84,6.84,6.850852848364059
20230726094201840,6.84,6.84,6.850852848364059
20230726094201850,6.84,6.84,6.850852848364059
20230726094201870,6.84,6.84,6.850852848364059
20230726094201920,6.84,6.84,6.850844193575164
20230726094202010,6.84,6.84,6.850844193575164
20230726094202180,6.84,6.84,6.850844193575164
20230726094202280,6.84,6.84,6.850839004149377
20230726094202410,6.84,6.84,6.850839004149377
20230726094204890,6.84,6.84,6.850839004149377
20230726094205300,6.84,6.84,6.850839004149377
20230726094205310,6.84,6.84,6.850839004149377
20230726094205630,6.84,6.84,6.850839004149377
20230726094207180,6.84,6.84,6.850839004149377
20230726094207670,6.84,6.84,6.850839004149377
20230726094210070,6.84,6.84,6.850839004149377
20230726094210170,6.84,6.84,6.850839004149377
20230726094210930,6.84,6.84,6.850839004149377
20230726094210950,6.84,6.84,6.850839004149377
20230726094210960,6.84,6.84,6.850839004149377
20230726094212600,6.84,6.84,6.850839004149377
20230726094212740,6.84,6.84,6.850839004149377
20230726094212850,6.84,6.84,6.850839004149377
20230726094212880,6.84,6.84,6.850839004149377
20230726094212970,6.84,6.84,6.850839004149377
20230726094213080,6.84,6.84,6.850839004149377
20230726094213090,6.84,6.84,6.850839004149377
20230726094213100,6.84,6.84,6.850839004149377
20230726094213110,6.84,6.84,6.850839004149377
20230726094213130,6.84,6.84,6.850839004149377
20230726094213150,6.84,6.84,6.850839004149377
20230726094213160,6.84,6.84,6.850839004149377
20230726094213210,6.84,6.84,6.850839004149377
20230726094213230,6.84,6.84,6.850839004149377
20230726094213340,6.84,6.84,6.850839004149377
20230726094213510,6.84,6.84,6.8499404431033115
20230726094213530,6.84,6.84,6.8499404431033115
20230726094213560,6.84,6.84,6.8499404431033115
20230726094215290,6.84,6.84,6.849861583484932
20230726094215300,6.84,6.84,6.849861583484932
20230726094215330,6.84,6.84,6.849861583484932
20230726094215700,6.84,6.84,6.849861583484932
20230726094216030,6.84,6.84,6.849858442071965
20230726094216080,6.84,6.84,6.849858442071965
20230726094216110,6.84,6.84,6.849858442071965
20230726094216380,6.84,6.84,6.849858442071965
20230726094216530,6.84,6.84,6.849858442071965
20230726094218120,6.84,6.84,6.849858442071965
20230726094218850,6.84,6.84,6.849827082510856
20230726094218860,6.84,6.84,6.849827082510856
20230726094218900,6.84,6.84,6.849827082510856
20230726094219040,6.84,6.84,6.849822387117146
20230726094219100,6.84,6.84,6.849822387117146
20230726094219180,6.84,6.84,6.849822387117146
20230726094220830,6.84,6.84,6.849822387117146
20230726094221130,6.84,6.84,6.849816130050505
20230726094221510,6.84,6.84,6.849797382529171
20230726094221610,6.84,6.84,6.849797382529171
20230726094223990,6.84,6.84,6.849797382529171
20230726094224110,6.84,6.84,6.849797382529171
20230726094224320,6.84,6.84,6.849797382529171
20230726094224460,6.84,6.84,6.849795821836815
20230726094224480,6.84,6.84,6.849795821836815
20230726094224620,6.84,6.84,6.849795821836815
20230726094226310,6.84,6.84,6.849747581976882
20230726094226600,6.84,6.84,6.849747581976882
20230726094229130,6.84,6.84,6.849747581976882
20230726094229380,6.84,6.84,6.849747581976882
20230726094229560,6.84,6.84,6.849747581976882
20230726094229800,6.84,6.84,6.849747581976882
20230726094229840,6.84,6.84,6.849747581976882
20230726094229900,6.84,6.84,6.849747581976882
20230726094231480,6.84,6.84,6.849747581976882
20230726094232440,6.84,6.84,6.849747581976882
20230726094232680,6.84,6.84,6.849747581976882
20230726094232700,6.84,6.84,6.849747581976882
20230726094234200,6.84,6.84,6.849747581976882
20230726094235160,6.84,6.84,6.849729984301413
20230726094235240,6.84,6.84,6.849729984301413
20230726094235320,6.84,6.84,6.849729984301413
20230726094237010,6.84,6.84,6.849729984301413
20230726094237200,6.84,6.84,6.849729984301413
20230726094237730,6.84,6.84,6.849729984301413
20230726094238110,6.84,6.84,6.849729984301413
20230726094239890,6.84,6.84,6.849729984301413
20230726094239950,6.84,6.84,6.849729984301413
20230726094240100,6.84,6.84,6.849729984301413
20230726094240170,6.84,6.84,6.849729984301413
20230726094240410,6.84,6.84,6.849729984301413
20230726094240650,6.84,6.84,6.849729984301413
20230726094240740,6.84,6.84,6.849729984301413
20230726094242550,6.84,6.84,6.849729984301413
20230726094243050,6.84,6.84,6.849729984301413
20230726094243520,6.84,6.84,6.849729984301413
20230726094243530,6.84,6.84,6.849729984301413
20230726094245020,6.84,6.84,6.849729984301413
20230726094245420,6.84,6.84,6.849729984301413
20230726094245430,6.84,6.84,6.849729984301413
20230726094245450,6.84,6.84,6.849729984301413
20230726094245600,6.84,6.84,6.849729984301413
20230726094245870,6.84,6.84,6.849729984301413
20230726094245980,6.84,6.84,6.849729984301413
20230726094246040,6.84,6.84,6.849729984301413
20230726094248110,6.84,6.84,6.849729984301413
20230726094248430,6.84,6.84,6.849729984301413
20230726094248610,6.84,6.84,6.849729984301413
20230726094248630,6.84,6.84,6.849729984301413
20230726094248740,6.84,6.84,6.849729984301413
20230726094248910,6.84,6.84,6.849685175033284
20230726094250600,6.84,6.84,6.849685175033284
20230726094250750,6.84,6.84,6.849685175033284
20230726094251440,6.84,6.84,6.849685175033284
20230726094253170,6.84,6.84,6.849685175033284
20230726094253240,6.84,6.84,6.849685175033284
20230726094253770,6.84,6.84,6.849685175033284
20230726094254070,6.84,6.84,6.849685175033284
20230726094254110,6.84,6.84,6.849685175033284
20230726094254250,6.84,6.84,6.849685175033284
20230726094254320,6.84,6.84,6.849685175033284
20230726094256080,6.84,6.84,6.849685175033284
20230726094256190,6.84,6.84,6.849685175033284
20230726094256360,6.84,6.84,6.849594689028652
20230726094256380,6.84,6.84,6.849594689028652
20230726094256550,6.84,6.84,6.849594689028652
20230726094256760,6.84,6.84,6.849594689028652
20230726094256990,6.84,6.84,6.849594689028652
20230726094259290,6.84,6.84,6.849594689028652
20230726094259330,6.84,6.84,6.849594689028652
20230726094259380,6.84,6.84,6.849594689028652
20230726094301300,6.84,6.84,6.849594689028652
20230726094301940,6.84,6.84,6.849594689028652
20230726094304080,6.84,6.84,6.849594689028652
20230726094304790,6.84,6.84,6.849594689028652
20230726094304850,6.84,6.84,6.849594689028652
20230726094304890,6.84,6.84,6.849594689028652
20230726094307200,6.84,6.84,6.849594689028652
20230726094307260,6.84,6.84,6.849594689028652
20230726094307810,6.84,6.84,6.849594689028652
20230726094309320,6.84,6.84,6.849594689028652
20230726094309630,6.84,6.84,6.849594689028652
20230726094312280,6.84,6.84,6.849594689028652
20230726094312300,6.84,6.84,6.849594689028652
20230726094312970,6.84,6.84,6.849594689028652
20230726094313230,6.84,6.84,6.849594689028652
20230726094315150,6.84,6.84,6.849594689028652
20230726094315260,6.84,6.84,6.849594689028652
20230726094315730,6.84,6.84,6.849594689028652
20230726094317480,6.84,6.84,6.849594689028652
20230726094317560,6.84,6.84,6.849594689028652
20230726094317700,6.84,6.84,6.849594689028652
20230726094317780,6.84,6.84,6.849375815738964
20230726094318050,6.84,6.84,6.849375815738964
20230726094318460,6.84,6.84,6.849375815738964
20230726094318570,6.84,6.84,6.849375815738964
20230726094320760,6.84,6.84,6.849375815738964
20230726094320830,6.84,6.84,6.849307627572489
20230726094320840,6.84,6.84,6.849307627572489
20230726094321050,6.84,6.84,6.849307627572489
20230726094321180,6.84,6.84,6.849307627572489
20230726094321330,6.84,6.84,6.849307627572489
20230726094322990,6.84,6.84,6.849307627572489
20230726094323780,6.84,6.84,6.849307627572489
20230726094323800,6.84,6.84,6.849307627572489
20230726094325550,6.84,6.84,6.849307627572489
20230726094325560,6.84,6.84,6.849307627572489
20230726094325850,6.84,6.84,6.849307627572489
20230726094325900,6.84,6.84,6.849307627572489
20230726094326500,6.84,6.84,6.849307627572489
20230726094326630,6.84,6.84,6.849307627572489
20230726094329020,6.84,6.84,6.8491117673784645
20230726094329360,6.84,6.84,6.848945353550518
20230726094329380,6.84,6.84,6.848945353550518
20230726094329390,6.84,6.84,6.848941088180113
20230726094331310,6.84,6.84,6.848941088180113
20230726094331670,6.84,6.84,6.848941088180113
20230726094333660,6.84,6.84,6.848941088180113
20230726094333680,6.84,6.84,6.848941088180113
20230726094333950,6.84,6.84,6.848941088180113
20230726094334090,6.84,6.84,6.848941088180113
20230726094334530,6.84,6.84,6.848932563198559
20230726094334560,6.84,6.84,6.848932563198559
20230726094336900,6.84,6.84,6.848932563198559
20230726094337080,6.84,6.84,6.848791601518874
20230726094337120,6.84,6.84,6.848791601518874
20230726094339830,6.84,6.84,6.848791601518874
20230726094339930,6.84,6.84,6.848791601518874
20230726094340020,6.84,6.84,6.8487888036924
20230726094340140,6.84,6.84,6.8487888036924
20230726094340180,6.84,6.84,6.8487888036924
20230726094340220,6.84,6.84,6.8487888036924
20230726094342530,6.84,6.84,6.8487888036924
20230726094342660,6.84,6.84,6.8487888036924
20230726094344420,6.84,6.84,6.8487888036924
20230726094344530,6.84,6.84,6.84878814947149
20230726094344660,6.84,6.84,6.84878814947149
20230726094345470,6.84,6.84,6.848781612615293
20230726094345480,6.84,6.84,6.848781612615293
20230726094345500,6.84,6.84,6.848781612615293
20230726094347110,6.84,6.84,6.848781612615293
20230726094347140,6.84,6.84,6.848781612615293
20230726094347190,6.84,6.84,6.848781612615293
20230726094347580,6.84,6.84,6.848781612615293
20230726094347610,6.84,6.84,6.848682797675958
20230726094347630,6.84,6.84,6.848682797675958
20230726094347710,6.84,6.84,6.848682797675958
20230726094347820,6.84,6.84,6.848635164835165
20230726094347920,6.84,6.84,6.848628843338214
20230726094347970,6.84,6.84,6.848599255854673
20230726094350300,6.84,6.84,6.848599255854673
20230726094350460,6.84,6.84,6.848592986804695
20230726094350600,6.84,6.84,6.848583600349548
20230726094350610,6.84,6.84,6.848583600349548
20230726094350640,6.84,6.84,6.848583600349548
20230726094350650,6.84,6.84,6.848583600349548
20230726094350680,6.84,6.84,6.848583600349548
20230726094350920,6.84,6.84,6.848583600349548
20230726094350930,6.84,6.84,6.848583600349548
20230726094351000,6.84,6.84,6.848557427036446
20230726094351010,6.84,6.84,6.848555563620527
20230726094351020,6.84,6.84,6.848549358090955
20230726094352670,6.84,6.84,6.848549358090955
20230726094352890,6.84,6.84,6.848549358090955
20230726094352980,6.84,6.84,6.848549358090955
20230726094353530,6.84,6.84,6.848549358090955
20230726094353630,6.84,6.84,6.848549358090955
20230726094355240,6.84,6.84,6.848484739158669
20230726094355270,6.84,6.84,6.848484739158669
20230726094355380,6.84,6.84,6.848484739158669
20230726094355430,6.84,6.84,6.848484739158669
20230726094355580,6.84,6.84,6.848444604316547
20230726094355910,6.84,6.84,6.848444604316547
20230726094357890,6.84,6.84,6.848444604316547
20230726094357920,6.84,6.84,6.848444604316547
20230726094358040,6.84,6.84,6.848444604316547
20230726094358050,6.84,6.84,6.848444604316547
20230726094358090,6.84,6.84,6.848444604316547
20230726094358950,6.84,6.84,6.848444604316547
20230726094358960,6.84,6.84,6.848444604316547
20230726094400570,6.84,6.84,6.848444604316547
20230726094400690,6.84,6.84,6.848444604316547
20230726094400750,6.84,6.84,6.848444604316547
20230726094400920,6.84,6.84,6.848444604316547
20230726094401150,6.84,6.84,6.848444604316547
20230726094401650,6.84,6.84,6.848444604316547
20230726094401820,6.84,6.84,6.848444604316547
20230726094403680,6.84,6.84,6.848444604316547
20230726094403740,6.84,6.84,6.848444604316547
20230726094403770,6.84,6.84,6.848444604316547
20230726094403830,6.84,6.84,6.848443901387192
20230726094404360,6.84,6.84,6.848443901387192
20230726094404480,6.84,6.84,6.848439655172414
20230726094406050,6.84,6.84,6.848439655172414
20230726094406190,6.84,6.84,6.848439655172414
20230726094406300,6.84,6.84,6.848439655172414
20230726094406410,6.84,6.84,6.848439655172414
20230726094406540,6.84,6.84,6.848439655172414
20230726094406630,6.84,6.84,6.848439655172414
20230726094409200,6.84,6.84,6.848439655172414
20230726094409310,6.84,6.84,6.848439655172414
20230726094411460,6.84,6.84,6.848439655172414
20230726094411770,6.84,6.84,6.848439655172414
20230726094412450,6.84,6.84,6.848439655172414
20230726094412620,6.84,6.84,6.848439655172414
20230726094414190,6.84,6.84,6.848439655172414
20230726094414380,6.84,6.84,6.848439655172414
20230726094414850,6.84,6.84,6.848439655172414
20230726094415000,6.84,6.84,6.848439655172414
20230726094415290,6.84,6.84,6.848439655172414
20230726094417080,6.84,6.84,6.848439655172414
20230726094417110,6.84,6.84,6.848439655172414
20230726094417250,6.84,6.84,6.848439655172414
20230726094417810,6.84,6.84,6.848439655172414
20230726094419680,6.84,6.84,6.848439655172414
20230726094420230,6.84,6.84,6.848439655172414
20230726094420580,6.84,6.84,6.848439655172414
20230726094420610,6.84,6.84,6.848439655172414
20230726094422170,6.84,6.84,6.848439655172414
20230726094422490,6.84,6.84,6.848439655172414
20230726094422510,6.84,6.84,6.848439655172414
20230726094422540,6.84,6.84,6.848439655172414
20230726094422960,6.84,6.84,6.848439655172414
20230726094424880,6.84,6.84,6.848439655172414
20230726094425080,6.84,6.84,6.848439655172414
20230726094425240,6.84,6.84,6.848439655172414
20230726094425390,6.84,6.84,6.848439655172414
20230726094427870,6.84,6.84,6.848439655172414
20230726094427880,6.84,6.84,6.848439655172414
20230726094427890,6.84,6.84,6.848439655172414
20230726094428030,6.84,6.84,6.848439655172414
20230726094428170,6.84,6.84,6.848439655172414
20230726094428570,6.84,6.84,6.8484207521587095
20230726094430300,6.84,6.84,6.8484207521587095
20230726094430670,6.84,6.84,6.8484207521587095
20230726094430750,6.84,6.84,6.8484207521587095
20230726094430990,6.84,6.84,6.8484207521587095
20230726094431040,6.84,6.84,6.8484207521587095
20230726094431050,6.84,6.84,6.8484207521587095
20230726094431070,6.84,6.84,6.8484207521587095
20230726094431290,6.84,6.84,6.848414677591735
20230726094433080,6.84,6.84,6.8484122800769285
20230726094433090,6.84,6.84,6.8484122800769285
20230726094433210,6.84,6.84,6.8484122800769285
20230726094433730,6.84,6.84,6.8484122800769285
20230726094433890,6.84,6.84,6.8484122800769285
20230726094433900,6.84,6.84,6.8484122800769285
20230726094433930,6.84,6.84,6.8484122800769285
20230726094435920,6.84,6.84,6.848407425848211
20230726094435980,6.84,6.84,6.848390119250426
20230726094436000,6.84,6.84,6.848390119250426
20230726094436230,6.84,6.84,6.848390119250426
20230726094436320,6.84,6.84,6.848390119250426
20230726094436600,6.84,6.84,6.848390119250426
20230726094436680,6.84,6.84,6.848390119250426
20230726094436840,6.84,6.84,6.848390119250426
20230726094436860,6.84,6.84,6.848390119250426
20230726094438350,6.84,6.84,6.848390119250426
20230726094438900,6.84,6.84,6.848390119250426
20230726094438920,6.84,6.84,6.848390119250426
20230726094439580,6.84,6.84,6.848390119250426
20230726094441660,6.84,6.84,6.848390119250426
20230726094441990,6.84,6.84,6.848390119250426
20230726094442190,6.84,6.84,6.848415758591785
20230726094442250,6.84,6.84,6.848404017857143
20230726094444020,6.84,6.84,6.848405130349923
20230726094444520,6.84,6.84,6.848405130349923
20230726094447000,6.84,6.84,6.848405130349923
20230726094447140,6.84,6.84,6.848395766606322
20230726094447260,6.84,6.84,6.848395766606322
20230726094447300,6.84,6.84,6.848395766606322
20230726094447350,6.84,6.84,6.848395766606322
20230726094447520,6.84,6.84,6.848395766606322
20230726094447650,6.84,6.84,6.848395766606322
20230726094449470,6.84,6.84,6.848395766606322
20230726094450210,6.84,6.84,6.84839688282772
20230726094450330,6.84,6.84,6.848391044361007
20230726094452180,6.84,6.84,6.848391044361007
20230726094452250,6.84,6.84,6.848391044361007
20230726094452350,6.84,6.84,6.848391044361007
20230726094452370,6.84,6.84,6.848391044361007
20230726094452380,6.84,6.84,6.848387657238168
20230726094454640,6.84,6.84,6.8483829964575955
20230726094455000,6.84,6.84,6.8483829964575955
20230726094455500,6.84,6.84,6.848383221057018
20230726094455630,6.84,6.84,6.84838400666389
20230726094457990,6.84,6.84,6.84838400666389
20230726094458160,6.84,6.84,6.84838400666389
20230726094458220,6.84,6.84,6.84838400666389
20230726094500200,6.84,6.84,6.84838400666389
20230726094500300,6.84,6.84,6.84838400666389
20230726094500730,6.84,6.84,6.84838400666389
20230726094501030,6.84,6.84,6.84838400666389
