Timestamp,ask1,bid1,VWAP
20230619093000030,6.7,6.68,6.69
20230619093000040,6.7,6.68,6.69
20230619093000050,6.7,6.69,6.69
20230619093000200,6.7,6.68,6.69
20230619093000210,6.7,6.68,6.69
20230619093000220,6.7,6.68,6.69
20230619093000230,6.7,6.68,6.69
20230619093000240,6.7,6.68,6.69
20230619093000250,6.7,6.69,6.69
20230619093000260,6.69,6.68,6.6901896633475575
20230619093000270,6.69,6.68,6.690188387270402
20230619093000280,6.69,6.68,6.690188387270402
20230619093000290,6.69,6.68,6.690188387270402
20230619093000300,6.69,6.68,6.690188387270402
20230619093000310,6.69,6.68,6.690188387270402
20230619093000320,6.69,6.68,6.690188387270402
20230619093000330,6.69,6.68,6.690188387270402
20230619093000350,6.69,6.68,6.690188387270402
20230619093000360,6.69,6.68,6.690188387270402
20230619093000370,6.69,6.68,6.690188387270402
20230619093000380,6.69,6.68,6.690188387270402
20230619093000390,6.69,6.68,6.6901794526693585
20230619093000400,6.69,6.68,6.6901794526693585
20230619093000410,6.69,6.68,6.6901794526693585
20230619093000420,6.69,6.68,6.690178993799143
20230619093000730,6.69,6.68,6.690178993799143
20230619093000740,6.69,6.68,6.690178993799143
20230619093000750,6.69,6.68,6.690178993799143
20230619093000760,6.69,6.69,6.690178993799143
20230619093000770,6.69,6.69,6.690178993799143
20230619093000780,6.69,6.69,6.690178993799143
20230619093000790,6.69,6.69,6.690178993799143
20230619093000820,6.69,6.69,6.690178993799143
20230619093000830,6.69,6.69,6.690178993799143
20230619093000880,6.69,6.69,6.690178993799143
20230619093000900,6.69,6.69,6.690178993799143
20230619093000910,6.69,6.69,6.690178993799143
20230619093000920,6.69,6.69,6.690178993799143
20230619093000930,6.69,6.69,6.690178993799143
20230619093000940,6.69,6.69,6.690178993799143
20230619093000960,6.69,6.69,6.690178993799143
20230619093000970,6.69,6.69,6.690178993799143
20230619093000980,6.69,6.69,6.690178993799143
20230619093000990,6.69,6.69,6.690178993799143
20230619093001000,6.69,6.69,6.690178993799143
20230619093001010,6.69,6.69,6.690178993799143
20230619093001020,6.69,6.69,6.690178993799143
20230619093001030,6.69,6.69,6.690178993799143
20230619093001040,6.69,6.69,6.690178993799143
20230619093001050,6.69,6.69,6.690178993799143
20230619093001060,6.69,6.69,6.690178993799143
20230619093001070,6.69,6.69,6.690178993799143
20230619093001080,6.69,6.69,6.690178993799143
20230619093001100,6.69,6.68,6.690175405625508
20230619093001750,6.69,6.68,6.690175405625508
20230619093001760,6.69,6.68,6.690175405625508
20230619093001770,6.69,6.69,6.690175405625508
20230619093001780,6.69,6.69,6.690175405625508
20230619093001800,6.69,6.69,6.690175405625508
20230619093001810,6.69,6.69,6.690175405625508
20230619093001850,6.69,6.69,6.690175405625508
20230619093001920,6.69,6.69,6.689811242847873
20230619093001930,6.69,6.69,6.689812679271791
20230619093001940,6.69,6.69,6.689812679271791
20230619093001970,6.69,6.69,6.689812679271791
20230619093001980,6.69,6.69,6.689812679271791
20230619093002000,6.69,6.69,6.689812679271791
20230619093002010,6.69,6.69,6.689812679271791
20230619093002070,6.69,6.69,6.689812679271791
20230619093002090,6.69,6.69,6.689812679271791
20230619093002110,6.69,6.69,6.689812679271791
20230619093002120,6.69,6.69,6.689812679271791
20230619093002130,6.69,6.69,6.689812679271791
20230619093002150,6.69,6.69,6.689812679271791
20230619093002170,6.69,6.69,6.689812679271791
20230619093002220,6.69,6.69,6.689812679271791
20230619093002240,6.69,6.69,6.689812679271791
20230619093002260,6.69,6.69,6.689812679271791
20230619093002280,6.69,6.69,6.689812679271791
20230619093002290,6.69,6.69,6.689812679271791
20230619093002300,6.69,6.69,6.689812679271791
20230619093002340,6.69,6.69,6.689812679271791
20230619093002350,6.69,6.69,6.689812679271791
20230619093002380,6.69,6.69,6.689812679271791
20230619093002400,6.69,6.69,6.689812679271791
20230619093002410,6.69,6.69,6.689812679271791
20230619093003430,6.69,6.69,6.689812679271791
20230619093003470,6.69,6.69,6.689812679271791
20230619093003480,6.69,6.69,6.689812679271791
20230619093003490,6.69,6.69,6.689812679271791
20230619093003520,6.69,6.69,6.689812679271791
20230619093003530,6.69,6.69,6.689812679271791
20230619093003570,6.69,6.69,6.689812679271791
20230619093003580,6.69,6.69,6.689812679271791
20230619093003590,6.69,6.69,6.689812679271791
20230619093003610,6.69,6.69,6.689812679271791
20230619093003620,6.69,6.69,6.689812679271791
20230619093003660,6.69,6.69,6.689812679271791
20230619093003670,6.69,6.69,6.689812679271791
20230619093003680,6.69,6.69,6.689812679271791
20230619093003700,6.69,6.69,6.689812679271791
20230619093003710,6.69,6.69,6.689812679271791
20230619093003780,6.69,6.69,6.689812679271791
20230619093003790,6.69,6.69,6.689812679271791
20230619093003800,6.69,6.69,6.689812679271791
20230619093003860,6.69,6.69,6.689812679271791
20230619093003950,6.69,6.69,6.689812679271791
20230619093004010,6.69,6.69,6.689812679271791
20230619093004030,6.69,6.69,6.689812679271791
20230619093004040,6.69,6.69,6.689812679271791
20230619093004050,6.69,6.69,6.689812679271791
20230619093004060,6.69,6.69,6.689812679271791
20230619093004100,6.69,6.69,6.689812679271791
20230619093004110,6.69,6.69,6.689812679271791
20230619093004120,6.69,6.69,6.689812679271791
20230619093004130,6.69,6.69,6.689812679271791
20230619093004140,6.69,6.69,6.689812679271791
20230619093004150,6.69,6.69,6.689812679271791
20230619093004170,6.69,6.69,6.689812679271791
20230619093004180,6.69,6.69,6.689812679271791
20230619093004190,6.69,6.69,6.689812679271791
20230619093004200,6.69,6.69,6.689812679271791
20230619093004210,6.68,6.69,6.689812679271791
20230619093004250,6.68,6.69,6.689812679271791
20230619093004260,6.68,6.69,6.689812679271791
20230619093004300,6.68,6.69,6.689812679271791
20230619093004320,6.68,6.69,6.689812679271791
20230619093004390,6.69,6.69,6.689724185485261
20230619093004430,6.69,6.69,6.689724185485261
20230619093004440,6.69,6.69,6.689724185485261
20230619093006350,6.69,6.69,6.689724185485261
20230619093006370,6.69,6.69,6.689724185485261
20230619093006380,6.69,6.69,6.689724185485261
20230619093006410,6.69,6.68,6.689724185485261
20230619093006530,6.69,6.68,6.689724185485261
20230619093006610,6.69,6.68,6.689724185485261
20230619093006640,6.69,6.68,6.689776359316032
20230619093006670,6.69,6.68,6.689776359316032
20230619093006780,6.69,6.68,6.689776359316032
20230619093006830,6.69,6.68,6.689757948145044
20230619093006870,6.69,6.68,6.689757948145044
20230619093006960,6.68,6.68,6.689757948145044
20230619093007000,6.68,6.68,6.689757948145044
20230619093007080,6.68,6.68,6.689757948145044
20230619093007110,6.68,6.68,6.689757948145044
20230619093007140,6.68,6.68,6.689757948145044
20230619093007150,6.68,6.68,6.689757948145044
20230619093007360,6.68,6.68,6.689757948145044
20230619093007410,6.68,6.68,6.689753408086354
20230619093007500,6.68,6.68,6.689753408086354
20230619093007670,6.68,6.68,6.689753408086354
20230619093007730,6.68,6.68,6.689748872250384
20230619093007980,6.68,6.68,6.689748872250384
20230619093008070,6.68,6.68,6.689748872250384
20230619093008100,6.68,6.68,6.689748872250384
20230619093008190,6.68,6.68,6.689748872250384
20230619093008280,6.68,6.68,6.6897305208381725
20230619093008290,6.68,6.68,6.6897305208381725
20230619093008350,6.68,6.68,6.6897305208381725
20230619093008370,6.68,6.68,6.6897305208381725
20230619093008470,6.68,6.68,6.6897305208381725
20230619093008490,6.68,6.68,6.6897305208381725
20230619093012490,6.67,6.68,6.6897305208381725
20230619093012520,6.67,6.68,6.6897305208381725
20230619093012530,6.67,6.68,6.6897305208381725
20230619093012580,6.67,6.68,6.6897305208381725
20230619093012790,6.67,6.68,6.6897305208381725
20230619093012950,6.67,6.68,6.6897305208381725
20230619093013090,6.67,6.65,6.6885805472481366
20230619093013100,6.66,6.65,6.687138981901411
20230619093013110,6.66,6.65,6.687138981901411
20230619093013260,6.66,6.65,6.687138981901411
20230619093013700,6.66,6.65,6.687138981901411
20230619093013760,6.66,6.65,6.687138981901411
20230619093013910,6.66,6.65,6.687138981901411
20230619093014010,6.66,6.65,6.687138981901411
20230619093014020,6.66,6.65,6.687138981901411
20230619093014050,6.66,6.65,6.687138981901411
20230619093014480,6.66,6.65,6.685972092645925
20230619093014490,6.66,6.65,6.685961561853789
20230619093014540,6.66,6.65,6.685961561853789
20230619093014560,6.66,6.65,6.685961561853789
20230619093014750,6.66,6.65,6.685773457311918
20230619093015180,6.66,6.65,6.685763086951273
20230619093015350,6.66,6.65,6.685732025881124
20230619093015510,6.66,6.65,6.685732025881124
20230619093018140,6.66,6.65,6.685732025881124
20230619093018180,6.66,6.65,6.685688589319188
20230619093018230,6.66,6.66,6.685688589319188
20230619093018350,6.66,6.66,6.685688589319188
20230619093018520,6.66,6.66,6.685688589319188
20230619093019160,6.66,6.66,6.685688589319188
20230619093019210,6.66,6.66,6.685688589319188
20230619093019250,6.66,6.66,6.685688589319188
20230619093020810,6.66,6.66,6.685688589319188
20230619093020950,6.66,6.66,6.685688589319188
20230619093021180,6.66,6.66,6.685669840258137
20230619093021250,6.66,6.66,6.685669840258137
20230619093021260,6.66,6.66,6.685669840258137
20230619093021270,6.66,6.66,6.685669840258137
20230619093021710,6.66,6.66,6.685080372085782
20230619093021930,6.66,6.66,6.685080372085782
20230619093022040,6.67,6.66,6.685033562255073
20230619093022060,6.67,6.66,6.685033562255073
20230619093023580,6.67,6.66,6.685014151126274
20230619093023590,6.67,6.66,6.685014151126274
20230619093023670,6.67,6.66,6.685014151126274
20230619093023710,6.67,6.66,6.685014151126274
20230619093023790,6.67,6.66,6.685014151126274
20230619093024010,6.67,6.67,6.6847905129282355
20230619093024030,6.67,6.66,6.6844753859380255
20230619093024730,6.67,6.66,6.6844753859380255
20230619093024760,6.67,6.66,6.684464572517088
20230619093026530,6.67,6.66,6.684464572517088
20230619093026900,6.67,6.66,6.684464572517088
20230619093027040,6.67,6.67,6.684464572517088
20230619093027160,6.67,6.67,6.684425268158705
20230619093027370,6.67,6.67,6.684425268158705
20230619093027450,6.67,6.67,6.684425268158705
20230619093029030,6.67,6.67,6.684425268158705
20230619093029060,6.67,6.67,6.684425268158705
20230619093029070,6.67,6.67,6.684425268158705
20230619093029090,6.67,6.66,6.684425268158705
20230619093029190,6.67,6.66,6.683973900155442
20230619093029290,6.67,6.66,6.683973900155442
20230619093029300,6.67,6.66,6.683973900155442
20230619093029380,6.67,6.66,6.683973900155442
20230619093029450,6.67,6.66,6.683973900155442
20230619093029600,6.67,6.66,6.683968850504101
20230619093029730,6.67,6.66,6.683916994194641
20230619093030040,6.67,6.66,6.683916994194641
20230619093030090,6.67,6.66,6.683916994194641
20230619093032010,6.67,6.66,6.683916994194641
20230619093032030,6.67,6.66,6.683916994194641
20230619093032190,6.67,6.67,6.683916994194641
20230619093032200,6.67,6.67,6.683916994194641
20230619093032560,6.67,6.67,6.683916994194641
20230619093034350,6.67,6.68,6.683916994194641
20230619093034390,6.67,6.68,6.683916994194641
20230619093034580,6.67,6.68,6.683916994194641
20230619093034710,6.67,6.67,6.683916994194641
20230619093034730,6.67,6.67,6.683916994194641
20230619093034800,6.67,6.67,6.683916994194641
20230619093035430,6.67,6.67,6.683916994194641
20230619093037070,6.67,6.68,6.683916994194641
20230619093037080,6.67,6.68,6.683916994194641
20230619093037480,6.67,6.68,6.683916994194641
20230619093037570,6.67,6.69,6.683916994194641
20230619093037610,6.67,6.69,6.683827928021276
20230619093037790,6.67,6.69,6.683827928021276
20230619093037870,6.67,6.69,6.683827928021276
20230619093037990,6.68,6.67,6.68398579746239
20230619093038050,6.68,6.68,6.68398579746239
20230619093038250,6.68,6.68,6.68398579746239
20230619093039760,6.68,6.67,6.68398579746239
20230619093039920,6.68,6.67,6.683675325078361
20230619093040100,6.68,6.67,6.683660556980806
20230619093040110,6.68,6.67,6.683658295493158
20230619093040180,6.68,6.67,6.683658295493158
20230619093040200,6.68,6.67,6.683658295493158
20230619093040290,6.68,6.67,6.683658295493158
20230619093040370,6.68,6.67,6.6836526539802
20230619093040420,6.68,6.67,6.6836526539802
20230619093040510,6.68,6.67,6.6836526539802
20230619093040530,6.68,6.67,6.6836526539802
20230619093040680,6.68,6.67,6.6836526539802
20230619093040830,6.68,6.67,6.6836526539802
20230619093042440,6.68,6.67,6.683636949912478
20230619093042750,6.68,6.67,6.683636949912478
20230619093042990,6.68,6.67,6.683621380301502
20230619093043080,6.68,6.67,6.683570072046544
20230619093043090,6.68,6.67,6.683545489926055
20230619093043270,6.68,6.67,6.683545489926055
20230619093043280,6.68,6.67,6.683545489926055
20230619093043290,6.68,6.67,6.683545489926055
20230619093043340,6.68,6.67,6.683545489926055
20230619093043620,6.68,6.68,6.683545489926055
20230619093045200,6.68,6.68,6.683545489926055
20230619093045330,6.68,6.68,6.683545489926055
20230619093045500,6.68,6.67,6.683505609330137
20230619093045620,6.68,6.67,6.683505609330137
20230619093045910,6.68,6.67,6.683420558588222
20230619093046020,6.68,6.67,6.683420558588222
20230619093046110,6.68,6.68,6.683415625991406
20230619093046140,6.68,6.68,6.683415625991406
20230619093046160,6.68,6.68,6.683415625991406
20230619093046180,6.68,6.67,6.683400913189559
20230619093046190,6.68,6.67,6.683400913189559
20230619093047970,6.68,6.67,6.683400913189559
20230619093048650,6.68,6.67,6.683400913189559
20230619093050640,6.68,6.67,6.683400913189559
20230619093050760,6.68,6.67,6.6833911748704296
20230619093051670,6.68,6.67,6.6833911748704296
20230619093053500,6.68,6.67,6.683371864590155
20230619093053810,6.68,6.67,6.683371864590155
20230619093053950,6.68,6.67,6.683371864590155
20230619093053960,6.68,6.67,6.683371864590155
20230619093054330,6.68,6.67,6.683371864590155
20230619093055950,6.68,6.67,6.683371864590155
20230619093055980,6.68,6.67,6.683368986999688
20230619093056190,6.68,6.67,6.683368986999688
20230619093056330,6.68,6.67,6.683368986999688
20230619093056910,6.68,6.67,6.683368986999688
20230619093057090,6.68,6.67,6.683368986999688
20230619093059010,6.68,6.67,6.683368986999688
20230619093059160,6.68,6.67,6.683368986999688
20230619093059260,6.68,6.67,6.683368986999688
20230619093059330,6.68,6.67,6.683368986999688
20230619093059360,6.68,6.67,6.683368986999688
20230619093059580,6.68,6.67,6.683368986999688
20230619093059590,6.68,6.67,6.683368986999688
20230619093101430,6.68,6.67,6.683368986999688
20230619093101440,6.67,6.67,6.683368986999688
20230619093101620,6.67,6.67,6.683368986999688
20230619093102070,6.67,6.67,6.683368986999688
20230619093102090,6.67,6.67,6.683368986999688
20230619093102120,6.67,6.67,6.683368986999688
20230619093102190,6.68,6.67,6.683368986999688
20230619093102370,6.68,6.67,6.683368986999688
20230619093102400,6.67,6.67,6.683368986999688
20230619093104590,6.67,6.67,6.683368986999688
20230619093104600,6.67,6.67,6.683368986999688
20230619093104620,6.67,6.67,6.683368986999688
20230619093104630,6.67,6.67,6.683368986999688
20230619093104760,6.68,6.67,6.683368986999688
20230619093104940,6.68,6.67,6.683368986999688
20230619093105020,6.68,6.67,6.683368986999688
20230619093105050,6.68,6.67,6.682798191376352
20230619093105270,6.67,6.67,6.682798191376352
20230619093106790,6.67,6.67,6.682798191376352
20230619093106830,6.67,6.67,6.682798191376352
20230619093106860,6.67,6.67,6.682798191376352
20230619093106870,6.67,6.67,6.682798191376352
20230619093106970,6.67,6.67,6.682798191376352
20230619093107090,6.68,6.67,6.682798191376352
20230619093107340,6.68,6.66,6.682798191376352
20230619093107350,6.68,6.66,6.682798191376352
20230619093107620,6.67,6.66,6.682798191376352
20230619093107640,6.67,6.66,6.682798191376352
20230619093107810,6.67,6.66,6.682488637269755
20230619093107840,6.67,6.66,6.682488637269755
20230619093109480,6.67,6.66,6.682488637269755
20230619093109490,6.67,6.66,6.682488637269755
20230619093109580,6.67,6.66,6.682488637269755
20230619093109720,6.67,6.66,6.682488637269755
20230619093110100,6.67,6.66,6.682488637269755
20230619093110210,6.67,6.66,6.682488637269755
20230619093110470,6.67,6.66,6.682488637269755
20230619093110490,6.67,6.66,6.682488637269755
20230619093110500,6.67,6.66,6.682488637269755
20230619093112280,6.67,6.66,6.682488637269755
20230619093112460,6.67,6.66,6.6824820019658375
20230619093112480,6.67,6.66,6.6824654445122444
20230619093112750,6.67,6.66,6.6824654445122444
20230619093113080,6.67,6.66,6.682360508247179
20230619093113190,6.67,6.66,6.682360508247179
20230619093114850,6.67,6.67,6.682360508247179
20230619093114890,6.67,6.66,6.682360508247179
20230619093115040,6.67,6.66,6.682360508247179
20230619093115410,6.67,6.66,6.682360508247179
20230619093115510,6.67,6.67,6.682360508247179
20230619093115600,6.67,6.67,6.682360508247179
20230619093115640,6.67,6.67,6.682360508247179
20230619093115800,6.67,6.67,6.682360508247179
20230619093116000,6.67,6.67,6.682360508247179
20230619093117720,6.67,6.67,6.682360508247179
20230619093117730,6.67,6.67,6.682360508247179
20230619093117890,6.67,6.67,6.682360508247179
20230619093118120,6.68,6.65,6.680161114081789
20230619093118130,6.67,6.65,6.680161114081789
20230619093118220,6.67,6.65,6.680161114081789
20230619093118630,6.67,6.65,6.680161114081789
20230619093118710,6.67,6.65,6.680161114081789
20230619093120540,6.67,6.67,6.680161114081789
20230619093120600,6.67,6.67,6.680161114081789
20230619093120610,6.67,6.67,6.680161114081789
20230619093120620,6.67,6.67,6.680161114081789
20230619093120700,6.67,6.67,6.680161114081789
20230619093120710,6.67,6.67,6.680161114081789
20230619093120780,6.67,6.67,6.680161114081789
20230619093120880,6.67,6.67,6.680161114081789
20230619093120920,6.67,6.67,6.680161114081789
20230619093120950,6.67,6.67,6.680161114081789
20230619093121220,6.67,6.67,6.680161114081789
20230619093121230,6.67,6.67,6.680161114081789
20230619093122930,6.67,6.67,6.680161114081789
20230619093122960,6.67,6.67,6.680161114081789
20230619093123170,6.67,6.67,6.680161114081789
20230619093123290,6.68,6.67,6.680161114081789
20230619093124010,6.68,6.67,6.680161114081789
20230619093124050,6.68,6.67,6.680161114081789
20230619093126660,6.68,6.67,6.680161114081789
20230619093126710,6.68,6.67,6.680161114081789
20230619093126820,6.68,6.67,6.680161114081789
20230619093128520,6.68,6.67,6.680161114081789
20230619093128600,6.68,6.67,6.680161114081789
20230619093129130,6.68,6.67,6.680161114081789
20230619093129310,6.68,6.67,6.680161114081789
20230619093129480,6.68,6.67,6.680154367050543
20230619093131410,6.68,6.67,6.680091426294468
20230619093131560,6.68,6.67,6.680091426294468
20230619093132050,6.68,6.67,6.680091426294468
20230619093134010,6.68,6.67,6.680091426294468
20230619093134090,6.68,6.67,6.6800869603699695
20230619093134190,6.68,6.66,6.679868594808737
20230619093134210,6.68,6.66,6.679190169949399
20230619093134260,6.68,6.66,6.679190169949399
20230619093134340,6.68,6.66,6.679186465953288
20230619093134400,6.68,6.66,6.679186465953288
20230619093136620,6.68,6.67,6.679186465953288
20230619093136660,6.68,6.67,6.679186465953288
20230619093137080,6.68,6.66,6.679094826726254
20230619093137090,6.67,6.66,6.679082142928297
20230619093137100,6.67,6.66,6.679082142928297
20230619093137110,6.67,6.66,6.679082142928297
20230619093137120,6.67,6.66,6.679082142928297
20230619093137140,6.67,6.66,6.679082142928297
20230619093137150,6.67,6.66,6.679082142928297
20230619093137160,6.67,6.66,6.679082142928297
20230619093137290,6.67,6.66,6.679082142928297
20230619093137560,6.67,6.66,6.679082142928297
20230619093137630,6.67,6.66,6.679082142928297
20230619093139550,6.67,6.66,6.679082142928297
20230619093140080,6.67,6.66,6.679082142928297
20230619093140230,6.67,6.66,6.679082142928297
20230619093141860,6.67,6.66,6.679082142928297
20230619093142300,6.67,6.66,6.679082142928297
20230619093142480,6.67,6.66,6.679082142928297
20230619093142630,6.67,6.66,6.679082142928297
20230619093144760,6.67,6.66,6.679082142928297
20230619093144910,6.67,6.66,6.6790731047111045
20230619093145460,6.67,6.66,6.678919408567588
20230619093145530,6.67,6.66,6.678919408567588
20230619093145550,6.67,6.66,6.678919408567588
20230619093145560,6.67,6.66,6.678919408567588
20230619093147280,6.67,6.66,6.678919408567588
20230619093147440,6.67,6.66,6.678919408567588
20230619093147560,6.67,6.66,6.678919408567588
20230619093147610,6.67,6.67,6.678919408567588
20230619093147620,6.67,6.67,6.678919829416003
20230619093149960,6.67,6.67,6.678919829416003
20230619093150260,6.67,6.66,6.678919829416003
20230619093150430,6.67,6.66,6.678919829416003
20230619093150790,6.67,6.66,6.678919829416003
20230619093150830,6.67,6.66,6.678820210656038
20230619093152780,6.67,6.66,6.678820210656038
20230619093152920,6.67,6.66,6.678820210656038
20230619093153060,6.67,6.66,6.678820210656038
20230619093153310,6.67,6.66,6.678820210656038
20230619093153320,6.67,6.66,6.678820210656038
20230619093153470,6.67,6.66,6.678820210656038
20230619093155490,6.67,6.66,6.678820210656038
20230619093158070,6.67,6.67,6.678820210656038
20230619093158290,6.67,6.67,6.678820210656038
20230619093158560,6.67,6.67,6.678820210656038
20230619093158600,6.67,6.67,6.678820210656038
20230619093159040,6.67,6.67,6.678820210656038
20230619093159070,6.67,6.66,6.678820210656038
20230619093159250,6.67,6.66,6.678820210656038
20230619093201080,6.67,6.67,6.678820210656038
20230619093201250,6.67,6.67,6.678820210656038
20230619093201470,6.67,6.67,6.678820210656038
20230619093201690,6.67,6.66,6.678737767773687
20230619093201790,6.67,6.67,6.678737767773687
20230619093203740,6.67,6.67,6.678737767773687
20230619093203860,6.67,6.67,6.678737767773687
20230619093203990,6.67,6.67,6.678713571469308
20230619093204080,6.67,6.67,6.678713571469308
20230619093204120,6.67,6.67,6.678713571469308
20230619093206290,6.67,6.67,6.678713571469308
20230619093206320,6.67,6.67,6.678713571469308
20230619093206440,6.67,6.67,6.678738041512038
20230619093206450,6.67,6.67,6.678749468704378
20230619093206460,6.67,6.67,6.678751775404423
20230619093206530,6.67,6.67,6.678751775404423
20230619093206650,6.67,6.67,6.678751775404423
20230619093207050,6.67,6.67,6.678753844170672
20230619093207070,6.67,6.67,6.678754302965595
20230619093207080,6.68,6.67,6.6787688081072725
20230619093207090,6.68,6.68,6.678774160824593
20230619093207100,6.68,6.68,6.678774826643492
20230619093207320,6.68,6.68,6.678775713277731
20230619093209320,6.68,6.68,6.678775713277731
20230619093209960,6.68,6.68,6.678775713277731
20230619093211530,6.68,6.68,6.678775713277731
20230619093211680,6.68,6.68,6.678776377411714
20230619093211810,6.68,6.68,6.678776377411714
20230619093211870,6.68,6.68,6.678776377411714
20230619093212040,6.68,6.68,6.678776377411714
20230619093212050,6.68,6.68,6.678776377411714
20230619093212670,6.68,6.66,6.678675973759005
20230619093212710,6.68,6.66,6.678675973759005
20230619093214360,6.68,6.66,6.678675973759005
20230619093214650,6.68,6.66,6.678675973759005
20230619093214740,6.68,6.67,6.678675973759005
20230619093214950,6.68,6.67,6.678675973759005
20230619093215070,6.68,6.67,6.678675973759005
20230619093216930,6.68,6.67,6.678675973759005
20230619093217000,6.68,6.67,6.678675973759005
20230619093217110,6.68,6.66,6.678675973759005
20230619093217250,6.68,6.66,6.678675973759005
20230619093218050,6.68,6.66,6.678675973759005
20230619093218100,6.68,6.66,6.678675973759005
20230619093218110,6.68,6.66,6.678675973759005
20230619093219750,6.68,6.67,6.678675973759005
20230619093220030,6.68,6.67,6.678675973759005
20230619093220200,6.68,6.67,6.678675973759005
20230619093220220,6.68,6.67,6.678675973759005
20230619093220230,6.68,6.67,6.678675973759005
20230619093220450,6.68,6.67,6.678675973759005
20230619093222450,6.68,6.67,6.678675973759005
20230619093222630,6.68,6.67,6.678675973759005
20230619093222990,6.68,6.67,6.678675973759005
20230619093225270,6.68,6.67,6.678185020986802
20230619093225480,6.68,6.67,6.678185020986802
20230619093225490,6.68,6.67,6.678185020986802
20230619093227910,6.68,6.67,6.678185020986802
20230619093228040,6.68,6.67,6.678185020986802
20230619093228260,6.68,6.67,6.678185020986802
20230619093230510,6.68,6.67,6.678185020986802
20230619093230560,6.68,6.67,6.678185020986802
20230619093230680,6.68,6.67,6.678185020986802
20230619093231030,6.68,6.67,6.678185020986802
20230619093231300,6.68,6.67,6.678185020986802
20230619093233120,6.68,6.67,6.678185020986802
20230619093233380,6.68,6.67,6.678185020986802
20230619093234100,6.68,6.67,6.678181190303725
20230619093234170,6.68,6.67,6.678182109002745
20230619093235960,6.68,6.67,6.678182109002745
20230619093236200,6.68,6.67,6.678182109002745
20230619093236890,6.68,6.67,6.678182109002745
20230619093238500,6.68,6.67,6.678182109002745
20230619093238820,6.68,6.67,6.678182109002745
20230619093239220,6.68,6.67,6.678182109002745
20230619093239280,6.68,6.67,6.678182109002745
20230619093239640,6.68,6.67,6.678182720953327
20230619093239740,6.68,6.67,6.678182720953327
20230619093241650,6.68,6.67,6.678182720953327
20230619093241830,6.68,6.67,6.678182720953327
20230619093241860,6.68,6.67,6.678182720953327
20230619093242080,6.68,6.67,6.678176020621663
20230619093242360,6.68,6.67,6.678176020621663
20230619093244130,6.68,6.67,6.678176020621663
20230619093244510,6.68,6.67,6.678176020621663
20230619093244850,6.68,6.67,6.678176020621663
20230619093246710,6.68,6.67,6.67824372239951
20230619093246720,6.68,6.67,6.678547682620035
20230619093246750,6.68,6.67,6.678554376046579
20230619093246880,6.68,6.67,6.678554376046579
20230619093246920,6.68,6.67,6.678554376046579
20230619093246930,6.68,6.67,6.678554376046579
20230619093246940,6.68,6.67,6.678554376046579
20230619093246970,6.68,6.67,6.678554376046579
20230619093247030,6.68,6.67,6.678554376046579
20230619093247040,6.68,6.67,6.678554376046579
20230619093247050,6.68,6.67,6.678554376046579
20230619093247150,6.68,6.67,6.678554376046579
20230619093247690,6.68,6.67,6.678554376046579
20230619093249360,6.68,6.67,6.678554376046579
20230619093249400,6.68,6.67,6.678554376046579
20230619093249470,6.68,6.67,6.678554376046579
20230619093249590,6.68,6.67,6.678554376046579
20230619093250130,6.68,6.67,6.678554376046579
20230619093250230,6.68,6.67,6.678554376046579
20230619093252120,6.68,6.67,6.678554376046579
20230619093252190,6.68,6.67,6.678554376046579
20230619093252340,6.68,6.67,6.678554376046579
20230619093252460,6.68,6.67,6.678554376046579
20230619093252550,6.68,6.67,6.678554376046579
20230619093252830,6.68,6.67,6.678554376046579
20230619093252850,6.68,6.67,6.678554376046579
20230619093252980,6.68,6.67,6.678554376046579
20230619093252990,6.68,6.67,6.678554376046579
20230619093253030,6.68,6.67,6.678554376046579
20230619093254820,6.68,6.67,6.678554376046579
20230619093255020,6.68,6.67,6.678554376046579
20230619093255630,6.68,6.67,6.678554376046579
20230619093257490,6.68,6.67,6.678549368990844
20230619093258200,6.68,6.67,6.678551368237293
20230619093258370,6.68,6.67,6.678551368237293
20230619093258460,6.68,6.67,6.678551368237293
20230619093258490,6.68,6.67,6.678551368237293
20230619093300400,6.68,6.67,6.678551368237293
20230619093300450,6.68,6.67,6.678551368237293
20230619093300750,6.68,6.67,6.678551368237293
20230619093300870,6.68,6.67,6.678551368237293
20230619093301040,6.68,6.67,6.678555791337801
20230619093301100,6.68,6.67,6.67855601178392
20230619093301250,6.68,6.67,6.67855601178392
20230619093302830,6.68,6.67,6.67855601178392
20230619093303340,6.68,6.67,6.67855601178392
20230619093303410,6.68,6.67,6.67855601178392
20230619093303550,6.68,6.67,6.67855601178392
20230619093303650,6.68,6.67,6.67855601178392
20230619093305630,6.68,6.67,6.67855601178392
20230619093306010,6.68,6.67,6.67855601178392
20230619093306210,6.68,6.67,6.67855601178392
20230619093306230,6.68,6.67,6.67855601178392
20230619093306270,6.68,6.67,6.67855601178392
20230619093306740,6.68,6.67,6.67855601178392
20230619093308280,6.68,6.67,6.67855601178392
20230619093308780,6.68,6.67,6.678456273649616
20230619093308830,6.68,6.67,6.678456273649616
20230619093309050,6.68,6.67,6.678456273649616
20230619093311130,6.68,6.67,6.678456273649616
20230619093311230,6.68,6.67,6.678456273649616
20230619093311520,6.68,6.67,6.678461146191111
20230619093311900,6.68,6.67,6.678461146191111
20230619093311920,6.68,6.67,6.678461146191111
20230619093313960,6.68,6.67,6.678461146191111
20230619093314770,6.68,6.67,6.678461146191111
20230619093314860,6.68,6.67,6.678461146191111
20230619093317240,6.68,6.67,6.678461146191111
20230619093317510,6.68,6.67,6.67841194101069
20230619093317540,6.68,6.67,6.6784552456377
20230619093321970,6.68,6.67,6.6784552456377
20230619093322090,6.68,6.67,6.678456588843963
20230619093322250,6.68,6.67,6.678456588843963
20230619093322430,6.68,6.67,6.678456588843963
20230619093322950,6.68,6.67,6.678456588843963
20230619093322960,6.68,6.67,6.678456588843963
20230619093324720,6.68,6.67,6.678456588843963
20230619093324930,6.68,6.67,6.678456588843963
20230619093325040,6.68,6.67,6.678456588843963
20230619093325240,6.68,6.67,6.678456588843963
20230619093325270,6.68,6.67,6.678434862888218
20230619093327560,6.68,6.67,6.678434862888218
20230619093330000,6.68,6.67,6.678434862888218
20230619093330050,6.68,6.67,6.678434862888218
20230619093330070,6.68,6.67,6.678434862888218
20230619093330670,6.68,6.67,6.678434862888218
20230619093330790,6.68,6.67,6.678435324347213
20230619093330870,6.68,6.67,6.678435324347213
20230619093330920,6.68,6.67,6.677961063769254
20230619093330940,6.68,6.67,6.677961063769254
20230619093330950,6.68,6.66,6.676658470533579
20230619093330990,6.67,6.66,6.676658470533579
20230619093332610,6.67,6.66,6.676658470533579
20230619093332710,6.67,6.66,6.676647924609414
20230619093332720,6.67,6.66,6.676623944630437
20230619093332910,6.67,6.66,6.676623944630437
20230619093333030,6.67,6.66,6.676623944630437
20230619093333060,6.67,6.66,6.676617976642302
20230619093333410,6.67,6.66,6.6766164863252
20230619093333490,6.67,6.66,6.676611275497001
20230619093335350,6.67,6.66,6.676611275497001
20230619093335360,6.67,6.66,6.676609406814934
20230619093335370,6.67,6.66,6.676609406814934
20230619093335380,6.67,6.66,6.676609406814934
20230619093335390,6.67,6.66,6.676422811252126
20230619093335400,6.67,6.66,6.676422811252126
20230619093335430,6.67,6.66,6.676422811252126
20230619093335620,6.67,6.66,6.676422811252126
20230619093335770,6.67,6.66,6.676422811252126
20230619093336090,6.67,6.66,6.676422811252126
20230619093337940,6.67,6.66,6.676422811252126
20230619093337950,6.67,6.66,6.676422811252126
20230619093337970,6.67,6.66,6.676422811252126
20230619093337980,6.67,6.66,6.676422811252126
20230619093337990,6.67,6.66,6.676422811252126
20230619093338090,6.67,6.66,6.676422811252126
20230619093338210,6.67,6.66,6.676422811252126
20230619093338310,6.67,6.66,6.676422811252126
20230619093338380,6.67,6.66,6.676422811252126
20230619093338390,6.67,6.66,6.676422811252126
20230619093338430,6.67,6.66,6.676422811252126
20230619093338810,6.67,6.66,6.6763188377343665
20230619093338900,6.67,6.66,6.6763188377343665
20230619093339050,6.67,6.66,6.6763188377343665
20230619093340990,6.67,6.66,6.6763188377343665
20230619093341040,6.67,6.66,6.676299435949267
20230619093341400,6.67,6.66,6.676299435949267
20230619093343670,6.67,6.66,6.676299435949267
20230619093346000,6.67,6.66,6.676299435949267
20230619093346130,6.67,6.66,6.676299435949267
20230619093346180,6.67,6.66,6.676299435949267
20230619093346220,6.67,6.67,6.676299435949267
20230619093346490,6.67,6.67,6.676299435949267
20230619093346700,6.67,6.67,6.676299435949267
20230619093346960,6.67,6.67,6.676299435949267
20230619093346980,6.67,6.67,6.676299435949267
20230619093347180,6.67,6.67,6.676299435949267
20230619093348830,6.67,6.67,6.676299435949267
20230619093348880,6.67,6.67,6.676299435949267
20230619093349070,6.67,6.67,6.676299435949267
20230619093349110,6.67,6.67,6.676299435949267
20230619093349170,6.67,6.67,6.676299435949267
20230619093349700,6.67,6.67,6.676299435949267
20230619093351510,6.67,6.67,6.676299435949267
20230619093351620,6.67,6.67,6.676299435949267
20230619093351640,6.67,6.67,6.676299435949267
20230619093352150,6.67,6.67,6.676299435949267
20230619093354130,6.67,6.67,6.676299435949267
20230619093354370,6.67,6.67,6.676299435949267
20230619093354400,6.67,6.66,6.676299435949267
20230619093354440,6.67,6.66,6.676299435949267
20230619093354690,6.67,6.66,6.676299435949267
20230619093354730,6.67,6.66,6.676299435949267
20230619093354840,6.67,6.66,6.676299435949267
20230619093355170,6.67,6.66,6.676299435949267
20230619093356860,6.67,6.66,6.676299435949267
20230619093357200,6.67,6.66,6.676299435949267
20230619093357220,6.67,6.66,6.676299435949267
20230619093357380,6.67,6.66,6.676299435949267
20230619093357810,6.67,6.66,6.676299435949267
20230619093357880,6.67,6.66,6.676299435949267
20230619093359670,6.67,6.66,6.676299435949267
20230619093400310,6.67,6.66,6.676299435949267
20230619093400320,6.67,6.66,6.676299435949267
20230619093400470,6.67,6.66,6.676299435949267
20230619093400540,6.67,6.66,6.676299435949267
20230619093400550,6.67,6.66,6.676299435949267
20230619093400570,6.67,6.66,6.676299435949267
20230619093400740,6.67,6.66,6.676299435949267
20230619093402180,6.67,6.66,6.676299435949267
20230619093402980,6.67,6.66,6.676299435949267
20230619093403410,6.67,6.66,6.676299435949267
20230619093403440,6.67,6.67,6.676299435949267
20230619093405080,6.67,6.67,6.676299435949267
20230619093405150,6.67,6.67,6.676299435949267
20230619093405270,6.67,6.67,6.676299435949267
20230619093405460,6.67,6.67,6.676299435949267
20230619093405490,6.67,6.67,6.676299435949267
20230619093405510,6.67,6.67,6.676299435949267
20230619093405980,6.67,6.67,6.676299435949267
20230619093406050,6.67,6.67,6.676299435949267
20230619093407590,6.67,6.67,6.676299435949267
20230619093408400,6.67,6.67,6.676299435949267
20230619093408500,6.67,6.67,6.676299435949267
20230619093410320,6.67,6.67,6.676299435949267
20230619093410540,6.67,6.67,6.676299435949267
20230619093410640,6.67,6.67,6.676299435949267
20230619093410720,6.67,6.67,6.676299435949267
20230619093411020,6.67,6.67,6.676299435949267
20230619093411080,6.67,6.66,6.676161123761264
20230619093411110,6.67,6.66,6.676161123761264
20230619093411340,6.67,6.66,6.676161123761264
20230619093411520,6.67,6.66,6.676161123761264
20230619093411550,6.67,6.66,6.676161123761264
20230619093413030,6.67,6.66,6.676161123761264
20230619093413070,6.67,6.66,6.676161123761264
20230619093413540,6.67,6.66,6.676161123761264
20230619093413660,6.67,6.66,6.676161123761264
20230619093413690,6.67,6.66,6.676161123761264
20230619093413750,6.67,6.66,6.676161123761264
20230619093413770,6.68,6.67,6.676008256622499
20230619093413780,6.68,6.67,6.676008256622499
20230619093413930,6.68,6.67,6.676008256622499
20230619093414090,6.68,6.67,6.675977100899162
20230619093414160,6.68,6.67,6.675977100899162
20230619093416470,6.68,6.67,6.675977100899162
20230619093416520,6.68,6.67,6.675977100899162
20230619093416620,6.68,6.67,6.675977100899162
20230619093418590,6.68,6.67,6.675958562079339
20230619093418610,6.68,6.67,6.675958562079339
20230619093418920,6.68,6.67,6.675958562079339
20230619093418990,6.68,6.67,6.675958562079339
20230619093419230,6.68,6.67,6.675958562079339
20230619093421220,6.68,6.67,6.675958562079339
20230619093421260,6.68,6.67,6.675958562079339
20230619093421280,6.68,6.67,6.675958562079339
20230619093421500,6.68,6.67,6.675954868107001
20230619093421560,6.68,6.67,6.675954868107001
20230619093422290,6.68,6.67,6.675954868107001
20230619093424150,6.68,6.67,6.675954868107001
20230619093424340,6.68,6.67,6.675954868107001
20230619093424980,6.68,6.67,6.675954868107001
20230619093424990,6.68,6.67,6.675898191642872
20230619093425020,6.68,6.67,6.675799663892606
20230619093426610,6.68,6.67,6.675799663892606
20230619093426660,6.68,6.67,6.675799663892606
20230619093427250,6.68,6.67,6.675799663892606
20230619093427290,6.68,6.67,6.675799663892606
20230619093429290,6.68,6.67,6.675799663892606
20230619093429470,6.67,6.67,6.675799663892606
20230619093429690,6.67,6.67,6.675799663892606
20230619093430410,6.67,6.67,6.675799663892606
20230619093432030,6.67,6.67,6.675799663892606
20230619093432150,6.67,6.67,6.675799663892606
20230619093432770,6.67,6.67,6.675799663892606
20230619093432920,6.67,6.67,6.675799663892606
20230619093435450,6.68,6.67,6.675712289256935
20230619093435520,6.68,6.67,6.675712289256935
20230619093435590,6.68,6.67,6.675712289256935
20230619093435720,6.68,6.67,6.675712289256935
20230619093435810,6.68,6.67,6.675712289256935
20230619093437340,6.68,6.67,6.675712289256935
20230619093437420,6.67,6.67,6.675712289256935
20230619093437510,6.67,6.67,6.675712289256935
20230619093437940,6.67,6.67,6.675712289256935
20230619093437950,6.68,6.67,6.675712289256935
20230619093437960,6.68,6.67,6.675684795592982
20230619093438040,6.67,6.67,6.675684795592982
20230619093438050,6.67,6.67,6.675684795592982
20230619093438330,6.67,6.67,6.675684795592982
20230619093438340,6.67,6.67,6.675684795592982
20230619093438550,6.67,6.67,6.675684795592982
20230619093440080,6.67,6.67,6.675684795592982
20230619093440220,6.67,6.67,6.675684795592982
20230619093440420,6.67,6.67,6.675684795592982
20230619093440610,6.67,6.67,6.675684795592982
20230619093440660,6.67,6.67,6.675684795592982
20230619093440950,6.67,6.67,6.675684795592982
20230619093441170,6.67,6.67,6.675684795592982
20230619093442910,6.67,6.67,6.675684795592982
20230619093442920,6.67,6.67,6.675679883192092
20230619093443060,6.67,6.67,6.675664429397908
20230619093443260,6.67,6.67,6.675662885693731
20230619093443440,6.67,6.67,6.675662885693731
20230619093443510,6.68,6.67,6.675657310505744
20230619093443580,6.67,6.67,6.675657310505744
20230619093443630,6.67,6.67,6.675647302782227
20230619093443830,6.67,6.67,6.675647302782227
20230619093446230,6.67,6.67,6.6756405999823185
20230619093446480,6.67,6.67,6.6756405999823185
20230619093446580,6.67,6.67,6.6756405999823185
20230619093448100,6.67,6.67,6.675632921956152
20230619093448200,6.67,6.67,6.675632921956152
20230619093448770,6.67,6.67,6.675620652781729
20230619093448810,6.67,6.67,6.675620652781729
20230619093448820,6.67,6.67,6.675620652781729
20230619093448830,6.67,6.67,6.675620652781729
20230619093449060,6.67,6.67,6.675620652781729
20230619093450960,6.67,6.67,6.675620652781729
20230619093451340,6.67,6.67,6.675620652781729
20230619093451350,6.67,6.67,6.675620652781729
20230619093453540,6.67,6.67,6.675620652781729
20230619093453630,6.67,6.67,6.675608045222536
20230619093454150,6.67,6.67,6.675608045222536
20230619093454280,6.67,6.67,6.675608045222536
20230619093456660,6.67,6.67,6.675608045222536
20230619093456870,6.67,6.67,6.675608045222536
20230619093457050,6.67,6.67,6.675603459251931
20230619093459020,6.67,6.67,6.675603459251931
20230619093459140,6.67,6.67,6.675601931193873
20230619093459770,6.67,6.67,6.675601931193873
20230619093501600,6.67,6.67,6.675601931193873
20230619093501730,6.67,6.67,6.675601931193873
20230619093501930,6.67,6.67,6.675601931193873
20230619093502350,6.67,6.67,6.675601931193873
20230619093502440,6.67,6.67,6.675601931193873
20230619093502530,6.67,6.67,6.675601931193873
20230619093502690,6.67,6.67,6.675601931193873
20230619093502700,6.67,6.67,6.675601931193873
20230619093504970,6.66,6.66,6.675143185727999
20230619093505030,6.66,6.66,6.675143185727999
20230619093505080,6.66,6.66,6.675143185727999
20230619093505140,6.66,6.66,6.675143185727999
20230619093505280,6.66,6.66,6.675143185727999
20230619093507180,6.66,6.66,6.675143185727999
20230619093507430,6.66,6.66,6.675143185727999
20230619093509760,6.66,6.66,6.675143185727999
20230619093509960,6.66,6.66,6.675143185727999
20230619093510040,6.66,6.66,6.675143185727999
20230619093510270,6.66,6.66,6.675143185727999
20230619093510320,6.66,6.66,6.675143185727999
20230619093510420,6.66,6.66,6.675143185727999
20230619093510480,6.66,6.66,6.675143185727999
20230619093510590,6.66,6.66,6.675143185727999
20230619093510710,6.66,6.66,6.675143185727999
20230619093510810,6.66,6.66,6.675143185727999
20230619093510920,6.66,6.66,6.675143185727999
20230619093512400,6.66,6.66,6.675143185727999
20230619093512480,6.66,6.66,6.675143185727999
20230619093512700,6.66,6.66,6.675143185727999
20230619093513150,6.66,6.66,6.675143185727999
20230619093513160,6.66,6.66,6.675143185727999
20230619093513340,6.66,6.66,6.675143185727999
20230619093513510,6.66,6.66,6.675143185727999
20230619093513640,6.66,6.66,6.675143185727999
20230619093515510,6.66,6.66,6.675143185727999
20230619093515910,6.66,6.66,6.675143185727999
20230619093516090,6.66,6.66,6.675090549354842
20230619093516280,6.66,6.66,6.675019456719399
20230619093516290,6.66,6.66,6.675019456719399
20230619093516330,6.66,6.66,6.675019456719399
20230619093517970,6.66,6.66,6.675019456719399
20230619093518300,6.66,6.66,6.675019456719399
20230619093518480,6.66,6.66,6.675019456719399
20230619093518540,6.66,6.66,6.675019456719399
20230619093518790,6.66,6.66,6.675019456719399
20230619093518850,6.66,6.66,6.675019456719399
20230619093521340,6.66,6.66,6.675019456719399
20230619093521510,6.66,6.66,6.675019456719399
20230619093521600,6.66,6.66,6.675019456719399
20230619093523500,6.66,6.66,6.675019456719399
20230619093523800,6.66,6.66,6.675019456719399
20230619093523980,6.66,6.66,6.675019456719399
20230619093524340,6.66,6.66,6.674918037401593
20230619093525890,6.66,6.66,6.674906352287968
20230619093525910,6.66,6.66,6.674906352287968
20230619093526000,6.66,6.66,6.674906352287968
20230619093526050,6.66,6.66,6.674830566273952
20230619093526080,6.66,6.66,6.674664649708128
20230619093526100,6.66,6.66,6.674616745228415
20230619093526840,6.66,6.66,6.674616745228415
20230619093527100,6.66,6.66,6.674616745228415
20230619093528590,6.66,6.66,6.674616745228415
20230619093528640,6.66,6.66,6.674616745228415
20230619093529100,6.66,6.66,6.674616745228415
20230619093529480,6.66,6.66,6.674616745228415
20230619093529500,6.66,6.66,6.674616745228415
20230619093529600,6.66,6.66,6.674616745228415
20230619093531730,6.66,6.66,6.674616745228415
20230619093532270,6.66,6.66,6.674616745228415
20230619093532330,6.65,6.65,6.674512324446944
20230619093532420,6.65,6.64,6.674184491370447
20230619093532450,6.65,6.64,6.674184491370447
20230619093532490,6.65,6.64,6.674178801742721
20230619093534740,6.65,6.64,6.674178801742721
20230619093534750,6.65,6.64,6.674178801742721
20230619093536830,6.65,6.64,6.674178801742721
20230619093537050,6.65,6.64,6.674178801742721
20230619093537390,6.65,6.64,6.674178801742721
20230619093537930,6.65,6.64,6.674178801742721
20230619093539550,6.65,6.65,6.674178801742721
20230619093539600,6.65,6.65,6.674178801742721
20230619093539610,6.65,6.65,6.674178801742721
20230619093540040,6.65,6.65,6.674178801742721
20230619093540060,6.66,6.65,6.674093335629412
20230619093540090,6.66,6.64,6.674093335629412
20230619093540370,6.66,6.64,6.674093335629412
20230619093540580,6.66,6.64,6.673959247677153
20230619093540600,6.66,6.64,6.673959247677153
20230619093542270,6.66,6.64,6.673959247677153
20230619093542390,6.66,6.64,6.673959247677153
20230619093542970,6.66,6.64,6.673959247677153
20230619093543110,6.66,6.64,6.673959247677153
20230619093543280,6.66,6.64,6.673959247677153
20230619093544880,6.66,6.64,6.673959247677153
20230619093544970,6.66,6.64,6.673959247677153
20230619093545150,6.66,6.64,6.673730418715913
20230619093545550,6.66,6.64,6.673730418715913
20230619093545560,6.66,6.65,6.673730418715913
20230619093545600,6.66,6.65,6.673730418715913
20230619093545750,6.66,6.65,6.673730418715913
20230619093546000,6.66,6.64,6.673667043522384
20230619093547740,6.66,6.64,6.6736209665256
20230619093548420,6.66,6.64,6.673618871037854
20230619093548540,6.66,6.64,6.673618871037854
20230619093548600,6.66,6.65,6.673618871037854
20230619093548740,6.66,6.65,6.673618871037854
20230619093550430,6.66,6.65,6.673618871037854
20230619093550590,6.66,6.65,6.673618871037854
20230619093550790,6.66,6.65,6.673618871037854
20230619093551290,6.66,6.65,6.673618871037854
20230619093551380,6.66,6.65,6.673618871037854
20230619093551430,6.66,6.65,6.673618871037854
20230619093553040,6.66,6.65,6.673593934079172
20230619093553060,6.66,6.65,6.673593934079172
20230619093553320,6.66,6.65,6.673581903303744
20230619093553400,6.66,6.65,6.673581903303744
20230619093553920,6.66,6.64,6.673409943508781
20230619093553930,6.66,6.65,6.673409943508781
20230619093554020,6.66,6.65,6.673409943508781
20230619093554030,6.66,6.65,6.673396996480387
20230619093554040,6.66,6.65,6.673387596151316
20230619093555680,6.66,6.65,6.673387596151316
20230619093555710,6.66,6.64,6.673387596151316
20230619093555880,6.66,6.64,6.6733548211924
20230619093555960,6.66,6.64,6.6733548211924
20230619093555990,6.66,6.64,6.6733548211924
20230619093556030,6.66,6.64,6.673342554253149
20230619093556040,6.66,6.64,6.673330300193363
20230619093556070,6.66,6.64,6.673330300193363
20230619093556250,6.66,6.64,6.673259073820469
20230619093556270,6.65,6.64,6.673259073820469
20230619093556300,6.65,6.64,6.673259073820469
20230619093556310,6.65,6.64,6.673259073820469
20230619093556320,6.65,6.64,6.673192314717368
20230619093556380,6.65,6.64,6.67315003082052
20230619093556390,6.65,6.64,6.673055951855982
20230619093556430,6.65,6.64,6.673053958482833
20230619093556440,6.65,6.64,6.673053958482833
20230619093556480,6.65,6.64,6.673049972770415
20230619093556560,6.65,6.64,6.673049972770415
20230619093556610,6.65,6.64,6.673049972770415
20230619093556650,6.65,6.64,6.673049972770415
20230619093556750,6.65,6.64,6.673049972770415
20230619093556770,6.65,6.64,6.673049972770415
20230619093556830,6.65,6.64,6.673049972770415
20230619093558600,6.65,6.65,6.673049972770415
20230619093558860,6.65,6.65,6.673049972770415
20230619093558950,6.65,6.64,6.673049972770415
20230619093559030,6.65,6.65,6.673049972770415
20230619093559150,6.65,6.65,6.673049972770415
20230619093601090,6.65,6.65,6.673049972770415
20230619093601130,6.65,6.65,6.673049972770415
20230619093601140,6.65,6.65,6.673049972770415
20230619093601180,6.65,6.65,6.673049972770415
20230619093601230,6.65,6.65,6.673049972770415
20230619093601780,6.65,6.65,6.673049972770415
20230619093601950,6.65,6.65,6.673049972770415
20230619093602140,6.65,6.65,6.673049972770415
20230619093604310,6.65,6.65,6.673049972770415
20230619093604370,6.65,6.65,6.673049972770415
20230619093604440,6.65,6.64,6.673049972770415
20230619093604490,6.65,6.64,6.673049972770415
20230619093604500,6.65,6.64,6.673049972770415
20230619093604620,6.65,6.64,6.673049972770415
20230619093604630,6.65,6.64,6.671725941678277
20230619093604720,6.65,6.64,6.671725941678277
20230619093604730,6.65,6.64,6.671725941678277
20230619093604740,6.65,6.64,6.671725941678277
20230619093604750,6.65,6.64,6.671725941678277
20230619093604760,6.65,6.64,6.671725941678277
20230619093604900,6.65,6.64,6.671725941678277
20230619093604910,6.65,6.64,6.671725941678277
20230619093606480,6.65,6.64,6.671725941678277
20230619093606960,6.65,6.64,6.671725941678277
20230619093607080,6.65,6.65,6.671724171643189
20230619093607090,6.65,6.64,6.671701187404881
20230619093607170,6.65,6.64,6.671701187404881
20230619093607590,6.65,6.64,6.671701187404881
20230619093609750,6.65,6.64,6.671701187404881
20230619093609770,6.65,6.64,6.671701187404881
20230619093609990,6.65,6.64,6.671701187404881
20230619093610000,6.65,6.64,6.671701187404881
20230619093610030,6.65,6.64,6.671701187404881
20230619093612140,6.65,6.64,6.671699421400844
20230619093612490,6.65,6.64,6.671699421400844
20230619093612560,6.65,6.64,6.671699421400844
20230619093612660,6.65,6.64,6.671699421400844
20230619093613030,6.65,6.64,6.671699421400844
20230619093614810,6.65,6.64,6.671699421400844
20230619093615630,6.65,6.64,6.671699421400844
20230619093615730,6.65,6.64,6.671699421400844
20230619093617820,6.65,6.64,6.671699421400844
20230619093618150,6.65,6.64,6.671699421400844
20230619093619940,6.65,6.64,6.671699421400844
20230619093620000,6.65,6.64,6.671699421400844
20230619093620020,6.65,6.64,6.671692497945701
20230619093620420,6.65,6.64,6.6716230323989505
20230619093620990,6.65,6.64,6.6716230323989505
20230619093621000,6.65,6.64,6.6716230323989505
20230619093621060,6.65,6.64,6.6716230323989505
20230619093621140,6.65,6.64,6.6716230323989505
20230619093623110,6.65,6.64,6.6716230323989505
20230619093623290,6.65,6.64,6.6716230323989505
20230619093623400,6.65,6.64,6.6716230323989505
20230619093623710,6.65,6.64,6.67160549305257
20230619093623800,6.65,6.64,6.67160549305257
20230619093625490,6.65,6.64,6.67160549305257
20230619093625740,6.65,6.64,6.67160549305257
20230619093626220,6.65,6.64,6.67160549305257
20230619093626250,6.65,6.64,6.67160549305257
20230619093626390,6.65,6.64,6.67160549305257
20230619093628080,6.65,6.64,6.67160549305257
20230619093628260,6.65,6.64,6.67160549305257
20230619093628460,6.65,6.64,6.67160549305257
20230619093628490,6.65,6.64,6.67160549305257
20230619093628580,6.65,6.64,6.67160549305257
20230619093629030,6.65,6.64,6.671412253040735
20230619093629230,6.65,6.64,6.671412253040735
20230619093631110,6.65,6.64,6.671412253040735
20230619093631250,6.65,6.64,6.671412253040735
20230619093631460,6.65,6.64,6.671412253040735
20230619093631830,6.65,6.64,6.671412253040735
20230619093631910,6.65,6.64,6.671412253040735
20230619093633480,6.65,6.64,6.671412253040735
20230619093633920,6.65,6.64,6.671412253040735
20230619093633990,6.65,6.64,6.671351472866972
20230619093634030,6.65,6.64,6.671351472866972
20230619093634220,6.65,6.64,6.671351472866972
20230619093636650,6.65,6.64,6.671351472866972
20230619093636660,6.65,6.64,6.671351472866972
20230619093636800,6.65,6.64,6.671351472866972
20230619093637110,6.65,6.64,6.671351472866972
20230619093637130,6.65,6.64,6.671351472866972
20230619093638870,6.65,6.64,6.671351472866972
20230619093639110,6.65,6.64,6.671223872959011
20230619093639120,6.65,6.64,6.671223872959011
20230619093639280,6.65,6.64,6.671223872959011
20230619093639540,6.65,6.64,6.671223872959011
20230619093639550,6.65,6.64,6.671223872959011
20230619093639870,6.65,6.64,6.671223872959011
20230619093641790,6.65,6.64,6.671187815961601
20230619093641830,6.65,6.64,6.671187815961601
20230619093641850,6.65,6.64,6.671187815961601
20230619093641970,6.65,6.64,6.671155990524275
20230619093642270,6.65,6.64,6.671155990524275
20230619093644480,6.65,6.64,6.671155990524275
20230619093645030,6.65,6.64,6.671155990524275
20230619093645290,6.65,6.64,6.671155990524275
20230619093645390,6.65,6.64,6.671155990524275
20230619093647040,6.65,6.64,6.671155990524275
20230619093647060,6.65,6.64,6.671155990524275
20230619093647150,6.65,6.64,6.671155990524275
20230619093647170,6.65,6.64,6.671155990524275
20230619093647220,6.65,6.64,6.671155990524275
20230619093647280,6.65,6.64,6.671155990524275
20230619093648090,6.65,6.64,6.671155990524275
20230619093649690,6.65,6.64,6.671146301789301
20230619093650080,6.65,6.64,6.671146301789301
20230619093650120,6.65,6.64,6.671146301789301
20230619093650130,6.65,6.64,6.671146301789301
20230619093650410,6.65,6.64,6.671146301789301
20230619093650420,6.65,6.64,6.671146301789301
20230619093650430,6.65,6.64,6.671146301789301
20230619093650470,6.65,6.64,6.671146301789301
20230619093650610,6.65,6.64,6.671146301789301
20230619093650670,6.65,6.64,6.671146301789301
20230619093652310,6.65,6.64,6.671146301789301
20230619093652370,6.65,6.64,6.671146301789301
20230619093653530,6.65,6.64,6.671146301789301
20230619093655070,6.65,6.64,6.671146301789301
20230619093655140,6.64,6.64,6.671146301789301
20230619093655280,6.65,6.64,6.671146301789301
20230619093655930,6.65,6.64,6.671146301789301
20230619093656070,6.65,6.64,6.671146301789301
20230619093656160,6.65,6.64,6.671146301789301
20230619093658070,6.65,6.64,6.671146301789301
20230619093658080,6.65,6.64,6.671146301789301
20230619093658110,6.64,6.64,6.671146301789301
20230619093658350,6.64,6.64,6.671146301789301
20230619093658470,6.64,6.64,6.671146301789301
20230619093658930,6.64,6.64,6.671146301789301
20230619093700640,6.64,6.64,6.671146301789301
20230619093700650,6.64,6.64,6.671146301789301
20230619093700710,6.64,6.64,6.671146301789301
20230619093700790,6.64,6.64,6.671146301789301
20230619093700860,6.64,6.64,6.671146301789301
20230619093700920,6.64,6.64,6.671146301789301
20230619093701070,6.64,6.64,6.671146301789301
20230619093701280,6.64,6.64,6.671146301789301
20230619093701460,6.64,6.64,6.671146301789301
20230619093703110,6.65,6.64,6.671146301789301
20230619093703200,6.65,6.64,6.671146301789301
20230619093703310,6.65,6.64,6.671146301789301
20230619093703810,6.65,6.64,6.671146301789301
20230619093704020,6.65,6.64,6.671146301789301
20230619093706030,6.65,6.64,6.671146301789301
20230619093706090,6.65,6.64,6.671146301789301
20230619093707000,6.65,6.64,6.671146301789301
20230619093709040,6.65,6.64,6.671146301789301
20230619093709140,6.65,6.64,6.671146301789301
20230619093709150,6.65,6.64,6.671146301789301
20230619093709220,6.64,6.64,6.671146301789301
20230619093709230,6.64,6.64,6.671146301789301
20230619093709360,6.64,6.64,6.671146301789301
20230619093709520,6.64,6.64,6.671146301789301
20230619093709660,6.64,6.64,6.671146301789301
20230619093712230,6.64,6.64,6.671146301789301
20230619093713920,6.65,6.64,6.671146301789301
20230619093713930,6.65,6.64,6.671146301789301
20230619093714200,6.64,6.64,6.671146301789301
20230619093714300,6.65,6.64,6.671146301789301
20230619093714320,6.65,6.64,6.671146301789301
20230619093714410,6.65,6.64,6.671146301789301
20230619093714830,6.65,6.64,6.671146301789301
20230619093714880,6.65,6.64,6.671146301789301
20230619093714930,6.65,6.64,6.671146301789301
20230619093716750,6.65,6.64,6.671146301789301
20230619093716760,6.65,6.64,6.671146301789301
20230619093717040,6.65,6.64,6.671146301789301
20230619093717730,6.65,6.64,6.671146301789301
20230619093717770,6.65,6.64,6.671146301789301
20230619093719300,6.65,6.64,6.671146301789301
20230619093719370,6.65,6.64,6.671146301789301
20230619093719630,6.65,6.64,6.671146301789301
20230619093720300,6.65,6.64,6.671146301789301
20230619093720400,6.65,6.64,6.671146301789301
20230619093720430,6.65,6.64,6.671146301789301
20230619093721980,6.65,6.64,6.671146301789301
20230619093722080,6.65,6.64,6.671146301789301
20230619093722090,6.65,6.64,6.671146301789301
20230619093722870,6.65,6.64,6.671146301789301
20230619093722890,6.65,6.64,6.671146301789301
20230619093723050,6.65,6.64,6.671146301789301
20230619093723060,6.65,6.64,6.671146301789301
20230619093723100,6.65,6.64,6.671146301789301
20230619093725040,6.65,6.64,6.671146301789301
20230619093725080,6.65,6.64,6.671146301789301
20230619093725090,6.65,6.64,6.671146301789301
20230619093725360,6.65,6.64,6.671146301789301
20230619093725400,6.65,6.64,6.671146301789301
20230619093725430,6.65,6.64,6.671146301789301
20230619093725480,6.65,6.64,6.671146301789301
20230619093725500,6.65,6.64,6.671146301789301
20230619093725890,6.65,6.64,6.671146301789301
20230619093727470,6.65,6.64,6.671146301789301
20230619093727640,6.65,6.64,6.671146301789301
20230619093727950,6.65,6.64,6.671146301789301
20230619093728070,6.65,6.64,6.671146301789301
20230619093728080,6.65,6.64,6.671146301789301
20230619093728090,6.65,6.64,6.671146301789301
20230619093728110,6.64,6.64,6.668430269373257
20230619093728370,6.64,6.64,6.668430269373257
20230619093728390,6.64,6.64,6.668430269373257
20230619093728420,6.64,6.64,6.668430269373257
20230619093728440,6.64,6.64,6.668430269373257
20230619093730110,6.64,6.64,6.668430269373257
20230619093730260,6.64,6.64,6.66821094976594
20230619093730270,6.64,6.64,6.66821094976594
20230619093730370,6.64,6.64,6.66821094976594
20230619093730500,6.64,6.64,6.66821094976594
20230619093730730,6.64,6.64,6.66821094976594
20230619093730800,6.65,6.64,6.668196669149497
20230619093730890,6.65,6.64,6.668196669149497
20230619093730920,6.65,6.64,6.668196669149497
20230619093730960,6.65,6.64,6.668196669149497
20230619093731070,6.64,6.64,6.668196669149497
20230619093731080,6.65,6.64,6.668157980256078
20230619093731090,6.65,6.64,6.6681559469393346
20230619093731110,6.65,6.64,6.6681559469393346
20230619093731140,6.65,6.64,6.6681559469393346
20230619093733070,6.65,6.64,6.6681559469393346
20230619093733080,6.65,6.64,6.6681559469393346
20230619093733720,6.65,6.64,6.6681559469393346
20230619093733730,6.65,6.64,6.6681559469393346
20230619093734010,6.65,6.64,6.6681559469393346
20230619093734030,6.65,6.64,6.6681356299113155
20230619093735560,6.65,6.64,6.6681356299113155
20230619093735780,6.65,6.64,6.6681356299113155
20230619093736180,6.64,6.64,6.6681356299113155
20230619093736210,6.64,6.64,6.66804386147946
20230619093736220,6.64,6.64,6.66804386147946
20230619093736290,6.64,6.64,6.66804386147946
20230619093736340,6.64,6.64,6.66804386147946
20230619093736520,6.65,6.64,6.667967394502126
20230619093738190,6.65,6.64,6.667967394502126
20230619093738440,6.65,6.64,6.667967394502126
20230619093738790,6.65,6.64,6.667967394502126
20230619093738960,6.65,6.63,6.6672862547821845
20230619093738970,6.65,6.64,6.6672862547821845
20230619093739090,6.65,6.64,6.6672862547821845
20230619093739150,6.65,6.64,6.6672862547821845
20230619093739230,6.65,6.64,6.6672862547821845
20230619093739380,6.65,6.64,6.6672862547821845
20230619093740890,6.65,6.64,6.6672862547821845
20230619093740930,6.65,6.64,6.667282601804694
20230619093741180,6.65,6.64,6.667263397225174
20230619093741780,6.65,6.64,6.667263397225174
20230619093741830,6.65,6.64,6.667263397225174
20230619093741860,6.65,6.64,6.667252467411872
20230619093742030,6.65,6.64,6.667252467411872
20230619093744150,6.65,6.64,6.667248633706821
20230619093744750,6.65,6.64,6.667248633706821
20230619093746490,6.65,6.64,6.667248633706821
20230619093746740,6.65,6.64,6.667248633706821
20230619093747520,6.65,6.64,6.667248633706821
20230619093749180,6.65,6.64,6.667248633706821
20230619093749220,6.65,6.64,6.667248633706821
20230619093749360,6.65,6.64,6.667248633706821
20230619093749370,6.65,6.64,6.667248633706821
20230619093752130,6.65,6.64,6.667248633706821
20230619093752770,6.65,6.64,6.667248633706821
20230619093754450,6.65,6.64,6.667248633706821
20230619093754500,6.65,6.64,6.667248633706821
20230619093755150,6.65,6.64,6.667248633706821
20230619093755290,6.65,6.64,6.667248633706821
20230619093755450,6.65,6.64,6.667248633706821
20230619093757230,6.65,6.64,6.667248633706821
20230619093757380,6.65,6.64,6.667248633706821
20230619093757690,6.65,6.64,6.667248633706821
20230619093758070,6.65,6.64,6.667248633706821
20230619093758190,6.65,6.64,6.667248633706821
20230619093758260,6.65,6.64,6.667248633706821
20230619093800250,6.65,6.64,6.667248633706821
20230619093800960,6.65,6.64,6.667248633706821
20230619093802770,6.65,6.64,6.667248633706821
20230619093802870,6.65,6.64,6.667248633706821
20230619093802980,6.65,6.64,6.667248633706821
20230619093803230,6.65,6.64,6.667248633706821
20230619093803390,6.65,6.64,6.667248633706821
20230619093803470,6.65,6.64,6.667248633706821
20230619093803610,6.65,6.64,6.667248633706821
20230619093803620,6.65,6.64,6.667248633706821
20230619093805660,6.65,6.64,6.667248633706821
20230619093805790,6.65,6.64,6.66699804267116
20230619093806120,6.65,6.64,6.66699804267116
20230619093806260,6.65,6.64,6.66699804267116
20230619093810800,6.65,6.64,6.66699804267116
20230619093813270,6.65,6.64,6.66699804267116
20230619093813580,6.65,6.64,6.66699804267116
20230619093813950,6.65,6.64,6.66699804267116
20230619093814040,6.65,6.64,6.66699804267116
20230619093814050,6.65,6.64,6.66699804267116
20230619093816040,6.65,6.64,6.666968375818765
20230619093816050,6.65,6.64,6.666799116085994
20230619093816070,6.65,6.64,6.666799116085994
20230619093816080,6.65,6.64,6.666769101791468
20230619093816090,6.65,6.64,6.666569839685481
20230619093816120,6.65,6.64,6.666569839685481
20230619093816150,6.65,6.64,6.66651377450549
20230619093816260,6.65,6.64,6.666504839266027
20230619093816280,6.65,6.64,6.666504839266027
20230619093816920,6.65,6.65,6.666449101473502
20230619093816930,6.65,6.65,6.666423639153609
20230619093816940,6.65,6.65,6.666423639153609
20230619093816960,6.65,6.65,6.666423639153609
20230619093817040,6.65,6.65,6.666423639153609
20230619093817060,6.65,6.65,6.666423639153609
20230619093818730,6.65,6.65,6.666423639153609
20230619093818780,6.65,6.65,6.666411489367425
20230619093818790,6.65,6.65,6.666411489367425
20230619093818910,6.65,6.65,6.666411489367425
20230619093818930,6.65,6.65,6.666411489367425
20230619093819150,6.65,6.65,6.666395060567174
20230619093819340,6.65,6.65,6.666395060567174
20230619093819700,6.65,6.65,6.666395060567174
20230619093821620,6.65,6.65,6.666395060567174
20230619093821680,6.65,6.65,6.666395060567174
20230619093822030,6.65,6.65,6.666395060567174
20230619093822080,6.65,6.65,6.666395060567174
20230619093822280,6.65,6.65,6.666395060567174
20230619093822290,6.65,6.65,6.666388344168054
20230619093822320,6.65,6.65,6.666388344168054
20230619093822390,6.65,6.65,6.666388344168054
20230619093822540,6.65,6.65,6.6663410748330145
20230619093822560,6.65,6.65,6.6663410748330145
20230619093824080,6.65,6.65,6.6663410748330145
20230619093824180,6.65,6.65,6.6663410748330145
20230619093824460,6.65,6.65,6.6663410748330145
20230619093824600,6.65,6.65,6.6663410748330145
20230619093824760,6.65,6.65,6.6663410748330145
20230619093824960,6.65,6.65,6.6663410748330145
20230619093824970,6.65,6.65,6.6663410748330145
20230619093825070,6.65,6.65,6.6663410748330145
20230619093825080,6.65,6.65,6.6663410748330145
20230619093825230,6.65,6.65,6.6663410748330145
20230619093826990,6.65,6.65,6.6663410748330145
20230619093827520,6.65,6.65,6.6663410748330145
20230619093827600,6.65,6.65,6.666281614432689
20230619093827650,6.65,6.65,6.666279955635949
20230619093827680,6.65,6.65,6.666279955635949
20230619093827760,6.65,6.65,6.666279955635949
20230619093829700,6.65,6.65,6.666279955635949
20230619093829840,6.65,6.65,6.666279955635949
20230619093830040,6.65,6.65,6.666279955635949
20230619093830470,6.65,6.65,6.666279955635949
20230619093830550,6.65,6.66,6.666279955635949
20230619093830600,6.65,6.66,6.666279955635949
20230619093832220,6.65,6.66,6.666279955635949
20230619093832540,6.65,6.66,6.666279955635949
20230619093832630,6.65,6.66,6.666279955635949
20230619093832730,6.65,6.66,6.666279955635949
20230619093832750,6.65,6.66,6.666279955635949
20230619093832850,6.65,6.65,6.666159799547279
20230619093832980,6.65,6.65,6.666159799547279
20230619093833150,6.65,6.65,6.666159799547279
20230619093833400,6.65,6.65,6.666159799547279
20230619093835180,6.65,6.65,6.666159799547279
20230619093835950,6.65,6.65,6.666159799547279
20230619093836010,6.65,6.65,6.666159799547279
20230619093837950,6.65,6.65,6.666159799547279
20230619093838400,6.65,6.65,6.666159799547279
20230619093838690,6.65,6.65,6.666159799547279
20230619093838710,6.65,6.65,6.666159799547279
20230619093838740,6.65,6.65,6.666159799547279
20230619093838760,6.65,6.65,6.666159799547279
20230619093840400,6.65,6.65,6.666159799547279
20230619093840650,6.65,6.65,6.666159799547279
20230619093840990,6.65,6.65,6.666159799547279
20230619093841120,6.65,6.65,6.666159799547279
20230619093841300,6.65,6.65,6.666159799547279
20230619093841350,6.65,6.65,6.666159799547279
20230619093841460,6.65,6.65,6.666159799547279
20230619093843000,6.65,6.65,6.666157533977787
20230619093843060,6.65,6.65,6.666157533977787
20230619093843070,6.65,6.65,6.666157533977787
20230619093843080,6.65,6.65,6.666157533977787
20230619093843090,6.65,6.65,6.666157533977787
20230619093843220,6.65,6.65,6.666157533977787
20230619093843710,6.65,6.65,6.665713187748516
20230619093843740,6.65,6.65,6.665713187748516
20230619093843850,6.65,6.65,6.665713187748516
20230619093843860,6.65,6.65,6.665713187748516
20230619093843870,6.65,6.65,6.665713187748516
20230619093843950,6.65,6.65,6.665713187748516
20230619093844080,6.65,6.65,6.665713187748516
20230619093844090,6.65,6.65,6.665713187748516
20230619093844100,6.65,6.65,6.665713187748516
20230619093851140,6.65,6.65,6.665713187748516
20230619093851210,6.65,6.65,6.665713187748516
20230619093852000,6.65,6.65,6.665713187748516
20230619093852040,6.65,6.65,6.665713187748516
20230619093854010,6.65,6.65,6.665713187748516
20230619093854060,6.65,6.65,6.665713187748516
20230619093854090,6.65,6.65,6.665713187748516
20230619093854150,6.65,6.64,6.664842231847986
20230619093854160,6.65,6.65,6.66473293187001
20230619093854170,6.65,6.65,6.66473293187001
20230619093854180,6.65,6.65,6.66473293187001
20230619093854190,6.65,6.65,6.66473293187001
20230619093854210,6.65,6.65,6.66473293187001
20230619093854410,6.65,6.65,6.66473293187001
20230619093854860,6.65,6.65,6.66473293187001
20230619093854910,6.65,6.65,6.66473293187001
20230619093854970,6.65,6.65,6.66473293187001
20230619093856570,6.65,6.65,6.66473293187001
20230619093856940,6.65,6.65,6.66473293187001
20230619093857160,6.65,6.65,6.66473293187001
20230619093859170,6.65,6.65,6.66473293187001
20230619093859180,6.65,6.65,6.66473293187001
20230619093859490,6.65,6.65,6.66473293187001
20230619093859910,6.65,6.65,6.66473293187001
20230619093900140,6.65,6.65,6.66473293187001
20230619093900150,6.65,6.65,6.66473293187001
20230619093900160,6.65,6.65,6.66473293187001
20230619093900190,6.65,6.65,6.66473293187001
20230619093900260,6.65,6.65,6.66473293187001
20230619093901900,6.65,6.65,6.66473293187001
20230619093901910,6.65,6.65,6.66473293187001
20230619093902050,6.65,6.65,6.66473293187001
20230619093902060,6.65,6.65,6.66473293187001
20230619093902150,6.65,6.65,6.66473293187001
20230619093902230,6.65,6.65,6.66473293187001
20230619093902260,6.65,6.65,6.66473293187001
20230619093902300,6.65,6.65,6.664729280653239
20230619093902750,6.65,6.65,6.664729280653239
20230619093902800,6.65,6.65,6.664729280653239
20230619093902820,6.65,6.65,6.664729280653239
20230619093903000,6.65,6.65,6.664729280653239
20230619093904880,6.65,6.65,6.664724794574148
20230619093904940,6.65,6.65,6.664724794574148
20230619093905020,6.65,6.65,6.664724794574148
20230619093905170,6.65,6.65,6.664724794574148
20230619093905220,6.65,6.65,6.664724794574148
20230619093905270,6.65,6.65,6.664724794574148
20230619093905380,6.65,6.65,6.664716070010782
20230619093905520,6.65,6.65,6.664716070010782
20230619093907480,6.65,6.65,6.664713454657472
20230619093907780,6.65,6.65,6.664713454657472
20230619093907920,6.65,6.65,6.664713454657472
20230619093908000,6.65,6.65,6.664713454657472
20230619093911110,6.65,6.65,6.664709548726204
20230619093911140,6.65,6.65,6.664708433934573
20230619093913070,6.65,6.65,6.664708433934573
20230619093913080,6.65,6.65,6.664708433934573
20230619093913280,6.65,6.65,6.664708433934573
20230619093913750,6.65,6.65,6.664708433934573
20230619093913900,6.65,6.65,6.664578166973617
20230619093915680,6.65,6.65,6.664578166973617
20230619093916010,6.65,6.65,6.6645746788259554
20230619093916140,6.65,6.65,6.6645746788259554
20230619093916290,6.65,6.65,6.6645746788259554
20230619093916550,6.65,6.65,6.6645746788259554
20230619093918070,6.65,6.65,6.6645746788259554
20230619093918250,6.65,6.65,6.6645746788259554
20230619093918440,6.65,6.65,6.6645746788259554
20230619093919010,6.65,6.65,6.6645746788259554
20230619093919110,6.65,6.65,6.6645746788259554
20230619093919290,6.65,6.65,6.6645746788259554
20230619093920930,6.65,6.65,6.6645746788259554
20230619093921150,6.65,6.65,6.6645746788259554
20230619093921650,6.65,6.65,6.6645746788259554
20230619093921700,6.65,6.65,6.6645746788259554
20230619093923520,6.65,6.65,6.6645746788259554
20230619093923970,6.65,6.65,6.6645746788259554
20230619093926240,6.65,6.65,6.6645746788259554
20230619093926400,6.65,6.65,6.6645746788259554
20230619093926800,6.65,6.65,6.6645746788259554
20230619093927030,6.65,6.65,6.6645746788259554
20230619093927050,6.65,6.65,6.6645746788259554
20230619093927170,6.65,6.65,6.6645746788259554
20230619093927300,6.65,6.65,6.6645746788259554
20230619093927340,6.65,6.65,6.6645746788259554
20230619093928980,6.65,6.65,6.6645746788259554
20230619093929040,6.65,6.65,6.6645746788259554
20230619093929940,6.65,6.65,6.6645746788259554
20230619093930040,6.65,6.65,6.6645746788259554
20230619093931730,6.65,6.65,6.664521434301858
20230619093932020,6.65,6.65,6.664521434301858
20230619093932250,6.65,6.65,6.664521434301858
20230619093932720,6.65,6.65,6.664521434301858
20230619093934420,6.65,6.65,6.664521434301858
20230619093934900,6.65,6.65,6.664521434301858
20230619093934950,6.65,6.65,6.664521434301858
20230619093935370,6.65,6.65,6.664521434301858
20230619093937330,6.65,6.65,6.664521434301858
20230619093937900,6.65,6.65,6.664521434301858
20230619093937930,6.65,6.65,6.664521434301858
20230619093938120,6.65,6.65,6.664521434301858
20230619093938190,6.65,6.65,6.664521434301858
20230619093939770,6.65,6.65,6.664521434301858
20230619093940150,6.65,6.65,6.664521434301858
20230619093940270,6.65,6.65,6.664521434301858
20230619093942840,6.65,6.65,6.664521434301858
20230619093942980,6.65,6.65,6.664521434301858
20230619093943030,6.65,6.65,6.664521434301858
20230619093943100,6.65,6.65,6.664521434301858
20230619093943160,6.65,6.65,6.664521434301858
20230619093943240,6.65,6.65,6.6644978933806875
20230619093945650,6.65,6.65,6.6644978933806875
20230619093946070,6.65,6.65,6.6644978933806875
20230619093948060,6.65,6.65,6.6644978933806875
20230619093948250,6.65,6.65,6.6644978933806875
20230619093948530,6.65,6.65,6.6644978933806875
20230619093950560,6.65,6.65,6.6644978933806875
20230619093950710,6.65,6.65,6.6644978933806875
20230619093950720,6.65,6.65,6.6644978933806875
20230619093950740,6.65,6.65,6.6644978933806875
20230619093950810,6.65,6.65,6.6644978933806875
20230619093950830,6.65,6.65,6.6644978933806875
20230619093950840,6.65,6.65,6.6644978933806875
20230619093951170,6.65,6.65,6.6644978933806875
20230619093951180,6.65,6.65,6.6644978933806875
20230619093951210,6.65,6.65,6.6644978933806875
20230619093951300,6.65,6.65,6.6644978933806875
20230619093953330,6.65,6.65,6.664483582469455
20230619093953480,6.65,6.65,6.664483323113943
20230619093954260,6.65,6.65,6.664483323113943
20230619093954330,6.65,6.65,6.664479135342693
20230619093956040,6.65,6.65,6.664461590746756
20230619093956080,6.65,6.65,6.664461590746756
20230619093956730,6.65,6.65,6.664461590746756
20230619093957050,6.65,6.65,6.664461590746756
20230619093958670,6.65,6.65,6.664272500909586
20230619093958680,6.65,6.65,6.664272500909586
20230619093958700,6.65,6.65,6.664134489823486
20230619093958760,6.65,6.65,6.664134489823486
20230619093958880,6.65,6.65,6.664134489823486
20230619093959150,6.65,6.65,6.664134489823486
20230619093959340,6.65,6.65,6.664134489823486
20230619093959350,6.65,6.65,6.664134489823486
20230619093959510,6.65,6.65,6.664134489823486
20230619093959670,6.65,6.65,6.664134489823486
20230619093959680,6.65,6.65,6.664134489823486
20230619093959730,6.65,6.65,6.664134489823486
20230619094001840,6.65,6.65,6.664134489823486
20230619094001940,6.65,6.65,6.664134489823486
20230619094002010,6.65,6.65,6.664134489823486
20230619094002390,6.65,6.65,6.664134489823486
20230619094002430,6.65,6.65,6.664134489823486
20230619094004530,6.65,6.65,6.664134489823486
20230619094004590,6.65,6.65,6.664134489823486
20230619094005210,6.65,6.65,6.664134489823486
20230619094006850,6.65,6.65,6.664134489823486
20230619094006980,6.65,6.65,6.664134489823486
20230619094007240,6.66,6.66,6.664089501876454
20230619094007250,6.66,6.66,6.664078148078225
20230619094007260,6.66,6.66,6.664078148078225
20230619094007290,6.66,6.65,6.664075432541311
20230619094007300,6.66,6.65,6.664075432541311
20230619094007330,6.66,6.65,6.664075432541311
20230619094007340,6.66,6.65,6.664075432541311
20230619094007360,6.66,6.65,6.664075432541311
20230619094007520,6.66,6.65,6.664075432541311
20230619094007560,6.66,6.65,6.664075432541311
20230619094009720,6.66,6.65,6.664075432541311
20230619094009850,6.66,6.65,6.664075432541311
20230619094009990,6.66,6.65,6.664075432541311
20230619094010080,6.66,6.65,6.664072186106365
20230619094010090,6.66,6.65,6.664072186106365
20230619094012080,6.66,6.65,6.664071960242714
20230619094012090,6.66,6.65,6.664071057038606
20230619094012100,6.66,6.65,6.664070379898427
20230619094012150,6.66,6.65,6.664070379898427
20230619094013160,6.66,6.65,6.664070379898427
20230619094015050,6.66,6.65,6.664070379898427
20230619094015260,6.66,6.65,6.664070379898427
20230619094018000,6.66,6.65,6.664070379898427
20230619094018100,6.66,6.66,6.664070379898427
20230619094020670,6.66,6.66,6.664070379898427
20230619094020980,6.66,6.66,6.664070379898427
20230619094021030,6.66,6.66,6.664070379898427
20230619094021270,6.66,6.66,6.664070379898427
20230619094021360,6.66,6.65,6.664070379898427
20230619094023350,6.66,6.65,6.664070379898427
20230619094023710,6.66,6.65,6.664070379898427
20230619094023760,6.66,6.65,6.664070379898427
20230619094024000,6.66,6.65,6.664070379898427
20230619094024030,6.66,6.65,6.664070379898427
20230619094025720,6.66,6.65,6.664070379898427
20230619094026380,6.66,6.65,6.664068208758461
20230619094026810,6.66,6.65,6.664068208758461
20230619094028480,6.66,6.65,6.664068208758461
20230619094028540,6.66,6.65,6.664068208758461
20230619094028730,6.66,6.65,6.664068208758461
20230619094028910,6.66,6.65,6.664068208758461
20230619094029280,6.66,6.65,6.664068208758461
20230619094031360,6.66,6.65,6.664068208758461
20230619094031550,6.66,6.65,6.664068208758461
20230619094031800,6.66,6.65,6.664068208758461
20230619094031810,6.66,6.65,6.664068208758461
20230619094033730,6.66,6.65,6.664068208758461
20230619094034090,6.66,6.66,6.664068208758461
20230619094034280,6.66,6.66,6.664068208758461
20230619094034580,6.66,6.66,6.6640757955939725
20230619094034590,6.66,6.66,6.6640784138243445
20230619094034640,6.66,6.66,6.664084949286478
20230619094036420,6.66,6.65,6.664079771169065
20230619094036430,6.66,6.66,6.664079771169065
20230619094036710,6.66,6.66,6.664079771169065
20230619094036770,6.66,6.66,6.664079771169065
20230619094036990,6.66,6.66,6.664079771169065
20230619094037090,6.66,6.66,6.664079771169065
20230619094037440,6.66,6.66,6.664079771169065
20230619094039260,6.66,6.66,6.664079771169065
20230619094039370,6.66,6.66,6.664079771169065
20230619094039400,6.66,6.66,6.664079771169065
20230619094039620,6.66,6.66,6.664079771169065
20230619094039930,6.66,6.66,6.664079771169065
20230619094042000,6.66,6.66,6.664079771169065
20230619094042450,6.66,6.66,6.664079771169065
20230619094042600,6.66,6.66,6.664079771169065
20230619094042730,6.66,6.66,6.664079771169065
20230619094042960,6.66,6.66,6.664079771169065
20230619094044740,6.66,6.66,6.664079771169065
20230619094044770,6.66,6.66,6.664079771169065
20230619094044870,6.66,6.66,6.664079771169065
20230619094045280,6.66,6.66,6.664079771169065
20230619094045620,6.66,6.66,6.664079771169065
20230619094045690,6.66,6.66,6.664079771169065
20230619094050780,6.66,6.66,6.664079771169065
20230619094051080,6.66,6.66,6.664067330795308
20230619094053100,6.66,6.66,6.664067330795308
20230619094055830,6.66,6.66,6.664067330795308
20230619094056060,6.66,6.66,6.664067330795308
20230619094057980,6.66,6.66,6.664067330795308
20230619094058080,6.66,6.66,6.664072208458485
20230619094059120,6.66,6.66,6.664072208458485
20230619094059130,6.66,6.66,6.664072208458485
20230619094059160,6.66,6.66,6.664072208458485
20230619094100980,6.66,6.66,6.664072208458485
20230619094101070,6.67,6.67,6.664115305668082
20230619094101080,6.67,6.67,6.664115305668082
20230619094101090,6.67,6.67,6.664115305668082
20230619094101100,6.67,6.67,6.664115305668082
20230619094101110,6.67,6.67,6.664115305668082
20230619094101120,6.67,6.67,6.664115305668082
20230619094104080,6.67,6.67,6.664115305668082
20230619094104180,6.67,6.67,6.664115305668082
20230619094104250,6.67,6.67,6.664115305668082
20230619094104280,6.67,6.67,6.664115305668082
20230619094104350,6.67,6.67,6.664115305668082
20230619094106200,6.67,6.67,6.664132511072368
20230619094106370,6.67,6.67,6.664132511072368
20230619094106760,6.67,6.67,6.664132511072368
20230619094106770,6.67,6.67,6.664132511072368
20230619094107030,6.67,6.67,6.664132511072368
20230619094107200,6.67,6.67,6.664132511072368
20230619094107240,6.67,6.67,6.664132511072368
20230619094108870,6.67,6.67,6.664132511072368
20230619094109110,6.67,6.67,6.664132828742203
20230619094109390,6.67,6.67,6.664179467623425
20230619094109740,6.67,6.67,6.664179467623425
20230619094112090,6.67,6.67,6.66418540139719
20230619094114380,6.67,6.67,6.66418540139719
20230619094114430,6.67,6.67,6.66418540139719
20230619094114510,6.67,6.67,6.66418540139719
20230619094114780,6.67,6.67,6.66418540139719
20230619094114800,6.67,6.67,6.66418540139719
20230619094117010,6.67,6.67,6.66418540139719
20230619094117510,6.67,6.67,6.66418540139719
20230619094117590,6.67,6.67,6.66418540139719
20230619094117820,6.67,6.67,6.66418540139719
20230619094117850,6.67,6.67,6.66418540139719
20230619094120060,6.67,6.67,6.66418540139719
20230619094120170,6.67,6.67,6.66418540139719
20230619094120490,6.67,6.67,6.66418540139719
20230619094122290,6.67,6.67,6.66418540139719
20230619094122790,6.67,6.67,6.66418540139719
20230619094122860,6.67,6.67,6.66418540139719
20230619094123440,6.67,6.67,6.66418540139719
20230619094123490,6.67,6.67,6.66418540139719
20230619094125290,6.67,6.67,6.66418540139719
20230619094125940,6.67,6.67,6.66418540139719
20230619094127770,6.67,6.67,6.66418540139719
20230619094128120,6.67,6.67,6.66418540139719
20230619094128140,6.67,6.67,6.66418540139719
20230619094128490,6.67,6.67,6.66418540139719
20230619094128820,6.67,6.67,6.66418540139719
20230619094130380,6.67,6.67,6.66418540139719
20230619094130540,6.67,6.67,6.66418540139719
20230619094131080,6.67,6.67,6.66418540139719
20230619094131240,6.67,6.67,6.66418540139719
20230619094131270,6.67,6.67,6.66418540139719
20230619094133160,6.67,6.67,6.66418540139719
20230619094133460,6.67,6.67,6.664220135044321
20230619094134050,6.67,6.67,6.664220135044321
20230619094136040,6.67,6.67,6.664223524018677
20230619094136190,6.67,6.67,6.664267166824071
20230619094136250,6.67,6.67,6.664267166824071
20230619094136340,6.67,6.67,6.6642713394581055
20230619094136970,6.67,6.67,6.6642713394581055
20230619094139130,6.67,6.67,6.6642713394581055
20230619094139660,6.67,6.67,6.6642713394581055
20230619094141170,6.67,6.67,6.6642713394581055
20230619094143950,6.67,6.67,6.6642713394581055
20230619094144010,6.67,6.67,6.6642713394581055
20230619094144020,6.67,6.67,6.6642713394581055
20230619094144720,6.67,6.67,6.6642713394581055
20230619094146770,6.67,6.67,6.6642713394581055
20230619094146840,6.67,6.67,6.6642713394581055
20230619094149800,6.68,6.67,6.664422024228542
20230619094149810,6.68,6.67,6.664422024228542
20230619094150040,6.68,6.67,6.664422024228542
20230619094150060,6.68,6.67,6.664422024228542
20230619094150090,6.68,6.67,6.664422024228542
20230619094152070,6.68,6.67,6.664422024228542
20230619094152080,6.68,6.67,6.664830830144666
20230619094152100,6.68,6.67,6.664831606085096
20230619094152300,6.68,6.67,6.664831606085096
20230619094153030,6.68,6.67,6.664831606085096
20230619094153190,6.68,6.67,6.664831606085096
20230619094155100,6.68,6.67,6.664832381946149
20230619094155770,6.68,6.67,6.664832381946149
20230619094200200,6.68,6.67,6.664832381946149
20230619094200210,6.68,6.67,6.664832381946149
20230619094200260,6.68,6.67,6.664832381946149
20230619094200710,6.68,6.67,6.664832381946149
20230619094201170,6.68,6.67,6.664832381946149
20230619094203060,6.68,6.67,6.664832381946149
20230619094203280,6.68,6.67,6.664832381946149
20230619094203340,6.68,6.67,6.664834709053157
20230619094205530,6.68,6.67,6.664834709053157
20230619094205580,6.68,6.67,6.664844010344791
20230619094205800,6.68,6.67,6.664844010344791
20230619094206010,6.68,6.67,6.664844010344791
20230619094206320,6.68,6.67,6.664873389310017
20230619094206410,6.68,6.67,6.664873389310017
20230619094208330,6.68,6.67,6.664873389310017
20230619094208460,6.68,6.67,6.664912640426571
20230619094208500,6.68,6.67,6.664912640426571
20230619094210870,6.68,6.67,6.664912640426571
20230619094210930,6.68,6.67,6.664912640426571
20230619094214270,6.68,6.67,6.664912640426571
20230619094214440,6.68,6.67,6.664912640426571
20230619094216710,6.68,6.67,6.664912640426571
20230619094216850,6.68,6.67,6.664912640426571
20230619094216980,6.68,6.67,6.664912640426571
20230619094217000,6.68,6.67,6.664912640426571
20230619094217040,6.68,6.67,6.664922613055106
20230619094217050,6.68,6.67,6.664923379634336
20230619094217160,6.68,6.67,6.664923379634336
20230619094217360,6.68,6.67,6.664923379634336
20230619094219030,6.68,6.67,6.664923379634336
20230619094219090,6.68,6.67,6.6649478690788
20230619094219120,6.68,6.67,6.6649478690788
20230619094219150,6.68,6.67,6.6649478690788
20230619094219180,6.68,6.67,6.6649478690788
20230619094219650,6.68,6.67,6.6649478690788
20230619094219910,6.68,6.67,6.6649478690788
20230619094220200,6.68,6.67,6.6649478690788
20230619094221640,6.68,6.67,6.6649478690788
20230619094221830,6.68,6.67,6.6649478690788
20230619094222070,6.68,6.67,6.6649478690788
20230619094222080,6.68,6.67,6.6649478690788
20230619094222260,6.68,6.67,6.6649478690788
20230619094222390,6.68,6.67,6.6649478690788
20230619094222750,6.68,6.67,6.6649478690788
20230619094222870,6.68,6.67,6.6649478690788
20230619094224350,6.68,6.67,6.6649478690788
20230619094224400,6.68,6.67,6.6649478690788
20230619094224610,6.68,6.67,6.6649478690788
20230619094225080,6.68,6.67,6.6649478690788
20230619094227580,6.68,6.67,6.6649478690788
20230619094227700,6.68,6.67,6.6649478690788
20230619094227990,6.68,6.67,6.6649478690788
20230619094230580,6.68,6.67,6.6649478690788
20230619094233260,6.68,6.67,6.6649478690788
20230619094233420,6.68,6.67,6.6649478690788
20230619094233610,6.68,6.67,6.6649478690788
20230619094235190,6.68,6.67,6.6649478690788
20230619094235600,6.68,6.67,6.6649478690788
20230619094235720,6.68,6.67,6.6649478690788
20230619094235790,6.68,6.67,6.6649478690788
20230619094236000,6.68,6.67,6.6649478690788
20230619094236250,6.68,6.67,6.6649478690788
20230619094238430,6.68,6.67,6.6649478690788
20230619094238620,6.68,6.67,6.6649478690788
20230619094238710,6.68,6.67,6.6649478690788
20230619094241330,6.68,6.67,6.6649478690788
20230619094243360,6.68,6.67,6.6649478690788
20230619094243460,6.68,6.67,6.6649478690788
20230619094243620,6.68,6.67,6.6649478690788
20230619094244310,6.68,6.67,6.6649478690788
20230619094244470,6.68,6.67,6.66498092336963
20230619094246340,6.68,6.67,6.66498092336963
20230619094246580,6.68,6.67,6.664981177327787
20230619094248680,6.68,6.67,6.664981177327787
20230619094248760,6.68,6.67,6.664989531920058
20230619094248960,6.68,6.67,6.664989531920058
20230619094248990,6.68,6.67,6.664989531920058
20230619094249610,6.68,6.67,6.664989531920058
20230619094249700,6.68,6.67,6.664989531920058
20230619094251700,6.68,6.67,6.664989531920058
20230619094252160,6.68,6.67,6.664989531920058
20230619094252350,6.68,6.67,6.664989531920058
20230619094252480,6.68,6.67,6.664989531920058
20230619094252490,6.68,6.67,6.664989531920058
20230619094252510,6.68,6.67,6.664989531920058
20230619094252520,6.68,6.67,6.664989531920058
20230619094254680,6.68,6.67,6.664989531920058
20230619094255130,6.68,6.67,6.664989531920058
20230619094256840,6.68,6.67,6.664989531920058
20230619094256990,6.68,6.67,6.664989531920058
20230619094257030,6.68,6.67,6.664989531920058
20230619094257580,6.68,6.67,6.664989531920058
20230619094257600,6.68,6.67,6.664989531920058
20230619094259610,6.68,6.67,6.664989531920058
20230619094259740,6.68,6.67,6.664989531920058
20230619094300610,6.68,6.67,6.664989531920058
20230619094302290,6.68,6.67,6.66499257065459
20230619094302360,6.68,6.67,6.66499257065459
20230619094302510,6.68,6.67,6.66499257065459
20230619094302850,6.68,6.67,6.66499257065459
20230619094303210,6.68,6.67,6.66499257065459
20230619094303220,6.68,6.67,6.66499257065459
20230619094304910,6.68,6.67,6.66499257065459
20230619094305970,6.68,6.67,6.66499257065459
20230619094306030,6.68,6.67,6.66499257065459
20230619094308120,6.68,6.67,6.664993582098602
20230619094308140,6.68,6.67,6.664993582098602
20230619094310290,6.68,6.67,6.664993582098602
20230619094310340,6.68,6.67,6.664993582098602
20230619094310560,6.68,6.67,6.664993582098602
20230619094310590,6.68,6.67,6.664993582098602
20230619094310650,6.68,6.67,6.664993582098602
20230619094311220,6.68,6.67,6.664993582098602
20230619094313080,6.68,6.67,6.664993582098602
20230619094313220,6.68,6.67,6.664993582098602
20230619094313230,6.68,6.67,6.664993582098602
20230619094313480,6.68,6.67,6.664993582098602
20230619094313490,6.68,6.67,6.664993582098602
20230619094313580,6.68,6.67,6.664993582098602
20230619094314070,6.68,6.67,6.664993582098602
20230619094314120,6.68,6.67,6.664993582098602
20230619094315640,6.68,6.67,6.664993582098602
20230619094315690,6.68,6.67,6.664993582098602
20230619094316110,6.68,6.67,6.664993582098602
20230619094316480,6.68,6.67,6.664993582098602
20230619094316690,6.68,6.67,6.664993582098602
20230619094316730,6.68,6.67,6.664993582098602
20230619094319390,6.68,6.67,6.664993582098602
20230619094319520,6.68,6.67,6.664993582098602
20230619094321200,6.68,6.67,6.664993582098602
20230619094321800,6.68,6.67,6.665001412757197
20230619094322150,6.68,6.67,6.665030114717938
20230619094324550,6.68,6.67,6.665030114717938
20230619094326500,6.68,6.67,6.665030114717938
20230619094326540,6.68,6.67,6.665030114717938
20230619094326780,6.68,6.67,6.665030114717938
20230619094329170,6.68,6.67,6.665030114717938
20230619094329590,6.68,6.67,6.665030114717938
20230619094329610,6.68,6.67,6.665030114717938
20230619094329950,6.68,6.67,6.665030114717938
20230619094330250,6.68,6.67,6.665034122822027
20230619094332330,6.68,6.67,6.665034875996456
20230619094332450,6.68,6.67,6.665034875996456
20230619094332560,6.68,6.67,6.665034875996456
20230619094332930,6.68,6.67,6.665034875996456
20230619094333080,6.68,6.67,6.665036382117911
20230619094334750,6.68,6.67,6.665036382117911
20230619094334820,6.68,6.67,6.665036382117911
20230619094334910,6.68,6.67,6.665036382117911
20230619094335020,6.68,6.67,6.665036382117911
20230619094335050,6.68,6.67,6.665036382117911
20230619094335180,6.68,6.67,6.665036382117911
20230619094335440,6.68,6.67,6.665036382117911
20230619094337380,6.68,6.67,6.665036382117911
20230619094337400,6.68,6.67,6.665036382117911
20230619094338010,6.68,6.67,6.665036382117911
20230619094338070,6.68,6.67,6.665036382117911
20230619094340650,6.68,6.67,6.665036382117911
20230619094341090,6.68,6.67,6.665036382117911
20230619094342980,6.68,6.67,6.665036382117911
20230619094343070,6.68,6.67,6.665036382117911
20230619094343100,6.68,6.67,6.665036382117911
20230619094343150,6.68,6.67,6.665036382117911
20230619094343450,6.68,6.67,6.665036382117911
20230619094343500,6.68,6.67,6.665036382117911
20230619094343650,6.68,6.67,6.665036382117911
20230619094345370,6.68,6.67,6.665036382117911
20230619094345640,6.68,6.67,6.665036382117911
20230619094345960,6.68,6.67,6.665036382117911
20230619094345970,6.68,6.67,6.665036382117911
20230619094346120,6.68,6.67,6.665036382117911
20230619094346150,6.68,6.67,6.665036382117911
20230619094348250,6.68,6.67,6.665036382117911
20230619094348420,6.68,6.67,6.665056160020896
20230619094348430,6.68,6.67,6.665058411684345
20230619094348620,6.68,6.67,6.665062162949274
20230619094348770,6.68,6.67,6.665062162949274
20230619094349040,6.68,6.67,6.66506741155684
20230619094349080,6.68,6.67,6.665091358296916
20230619094349100,6.68,6.67,6.665104048789769
20230619094349110,6.68,6.67,6.665104048789769
20230619094349150,6.68,6.67,6.665104048789769
20230619094350960,6.68,6.67,6.665104048789769
20230619094351040,6.68,6.67,6.665104048789769
20230619094351100,6.68,6.67,6.665104048789769
20230619094351980,6.68,6.67,6.665104048789769
20230619094353560,6.68,6.67,6.665104048789769
20230619094353970,6.68,6.67,6.665305649678444
20230619094354040,6.68,6.67,6.665315079177032
20230619094354050,6.68,6.67,6.665320151588421
20230619094354100,6.68,6.67,6.665324496581389
20230619094356130,6.68,6.67,6.665324496581389
20230619094356300,6.68,6.67,6.665324496581389
20230619094356500,6.68,6.67,6.665324496581389
20230619094356690,6.68,6.67,6.665324496581389
20230619094357050,6.68,6.67,6.665324496581389
20230619094357100,6.68,6.67,6.665324496581389
20230619094357180,6.68,6.67,6.665324496581389
20230619094357340,6.68,6.67,6.665324496581389
20230619094359030,6.68,6.67,6.665324496581389
20230619094359040,6.68,6.67,6.665324496581389
20230619094359350,6.68,6.67,6.665362537023596
20230619094359400,6.68,6.67,6.665362537023596
20230619094359500,6.68,6.67,6.665362537023596
20230619094359690,6.68,6.67,6.665362537023596
20230619094401630,6.68,6.67,6.6653716802022
20230619094401700,6.68,6.67,6.6653716802022
20230619094402510,6.68,6.67,6.6653716802022
20230619094402630,6.68,6.67,6.6653716802022
20230619094402690,6.68,6.67,6.6653716802022
20230619094404580,6.68,6.67,6.6653716802022
20230619094404590,6.68,6.67,6.6653716802022
20230619094404600,6.68,6.67,6.6653716802022
20230619094404650,6.68,6.67,6.6653716802022
20230619094404700,6.68,6.68,6.665388856815757
20230619094404780,6.68,6.68,6.665388856815757
20230619094404820,6.68,6.68,6.665394573393193
20230619094404830,6.68,6.68,6.665394573393193
20230619094404890,6.68,6.68,6.665394573393193
20230619094404920,6.68,6.68,6.665394573393193
20230619094405150,6.68,6.68,6.665394573393193
20230619094405190,6.68,6.68,6.665394573393193
20230619094405260,6.68,6.68,6.665398143983102
20230619094407070,6.68,6.68,6.665398143983102
20230619094407080,6.68,6.68,6.665400999198294
20230619094407320,6.68,6.68,6.665400999198294
20230619094407550,6.68,6.68,6.665401712827632
20230619094407570,6.68,6.68,6.665401712827632
20230619094407850,6.68,6.68,6.665401712827632
20230619094407860,6.68,6.68,6.665401712827632
20230619094410470,6.68,6.68,6.665401712827632
20230619094410860,6.68,6.68,6.665401712827632
20230619094413120,6.68,6.68,6.665401712827632
20230619094415300,6.68,6.68,6.665401712827632
20230619094415860,6.68,6.68,6.665401712827632
20230619094416220,6.68,6.68,6.665401712827632
20230619094416240,6.68,6.68,6.665401712827632
20230619094417850,6.68,6.68,6.665401712827632
20230619094418060,6.68,6.68,6.665401712827632
20230619094418180,6.68,6.68,6.665401712827632
20230619094418520,6.68,6.68,6.665401712827632
20230619094418800,6.68,6.68,6.665401712827632
20230619094418950,6.68,6.68,6.665401712827632
20230619094421210,6.68,6.68,6.665401712827632
20230619094421370,6.68,6.68,6.665401712827632
20230619094421580,6.68,6.68,6.665401712827632
20230619094424250,6.68,6.68,6.665401712827632
20230619094425940,6.68,6.68,6.665417171263379
20230619094426000,6.68,6.68,6.665417171263379
20230619094426020,6.68,6.68,6.665417883336425
20230619094426030,6.68,6.68,6.665417883336425
20230619094426310,6.68,6.68,6.665425000244028
20230619094426420,6.68,6.68,6.665425000244028
20230619094426540,6.68,6.68,6.665425000244028
20230619094426820,6.68,6.68,6.665425000244028
20230619094426870,6.68,6.68,6.665425000244028
20230619094428640,6.68,6.68,6.665425000244028
20230619094428710,6.68,6.68,6.665425000244028
20230619094428810,6.68,6.68,6.665425000244028
20230619094429300,6.68,6.68,6.665425000244028
20230619094429350,6.68,6.68,6.665425000244028
20230619094429420,6.68,6.68,6.665425000244028
20230619094429780,6.68,6.68,6.665425000244028
20230619094431620,6.68,6.68,6.665425000244028
20230619094432130,6.68,6.68,6.665425000244028
20230619094432220,6.68,6.68,6.665425000244028
20230619094432400,6.68,6.68,6.665425000244028
20230619094434510,6.68,6.68,6.665425000244028
20230619094434520,6.68,6.68,6.665425000244028
20230619094435040,6.68,6.68,6.665425000244028
20230619094435180,6.68,6.68,6.665425000244028
20230619094437080,6.68,6.68,6.665459772913176
20230619094437090,6.68,6.68,6.665486625454403
20230619094437100,6.68,6.68,6.665486625454403
20230619094437390,6.68,6.68,6.665486625454403
20230619094437460,6.68,6.68,6.665486625454403
20230619094437480,6.68,6.68,6.665486625454403
20230619094437490,6.68,6.68,6.665486625454403
20230619094437500,6.68,6.68,6.665486625454403
20230619094437530,6.68,6.68,6.665486625454403
20230619094437610,6.68,6.68,6.665486625454403
20230619094437650,6.68,6.68,6.665486625454403
20230619094437730,6.68,6.68,6.665486625454403
20230619094437770,6.68,6.68,6.665486625454403
20230619094439430,6.68,6.68,6.665486625454403
20230619094440070,6.68,6.68,6.665486625454403
20230619094440080,6.68,6.68,6.665506271401825
20230619094440350,6.68,6.68,6.665515407030213
20230619094440360,6.68,6.68,6.665515407030213
20230619094440380,6.68,6.68,6.665515407030213
20230619094440390,6.68,6.68,6.665515407030213
20230619094440520,6.68,6.68,6.665515407030213
20230619094442430,6.68,6.68,6.665515407030213
20230619094442450,6.68,6.68,6.665515407030213
20230619094442550,6.68,6.68,6.665515407030213
20230619094442580,6.68,6.68,6.665515407030213
20230619094442690,6.68,6.68,6.665515407030213
20230619094442780,6.68,6.68,6.665515407030213
20230619094443100,6.68,6.68,6.665515407030213
20230619094444720,6.68,6.68,6.665515407030213
20230619094444850,6.68,6.68,6.665515407030213
20230619094445490,6.68,6.68,6.665658471589443
20230619094445500,6.68,6.68,6.665676257071174
20230619094445550,6.68,6.68,6.665676257071174
20230619094445580,6.68,6.68,6.665676257071174
20230619094445680,6.68,6.68,6.665676257071174
20230619094445700,6.68,6.68,6.665676257071174
20230619094445740,6.68,6.68,6.665676257071174
20230619094445810,6.68,6.68,6.665676257071174
20230619094445820,6.68,6.68,6.665676257071174
20230619094445830,6.68,6.68,6.665676257071174
20230619094447510,6.68,6.68,6.665676257071174
20230619094450290,6.68,6.68,6.665676257071174
20230619094450880,6.68,6.68,6.665676257071174
20230619094451200,6.68,6.68,6.665676257071174
20230619094453180,6.68,6.68,6.665676257071174
20230619094453480,6.68,6.68,6.665676257071174
20230619094453800,6.68,6.68,6.665676257071174
20230619094456020,6.68,6.68,6.665676257071174
20230619094456030,6.68,6.68,6.665676257071174
20230619094456650,6.68,6.68,6.665676257071174
20230619094458330,6.68,6.68,6.665676257071174
20230619094458460,6.68,6.68,6.665676257071174
20230619094458650,6.68,6.68,6.665676257071174
20230619094459030,6.68,6.68,6.665676257071174
20230619094459060,6.68,6.68,6.665676257071174
20230619094459090,6.68,6.68,6.665676257071174
20230619094500990,6.68,6.68,6.665676257071174
20230619094501000,6.68,6.68,6.665676257071174
20230619094501120,6.68,6.68,6.665676257071174
20230619094501280,6.68,6.68,6.665676257071174
20230619094501570,6.68,6.68,6.665676257071174
20230619094501610,6.68,6.68,6.665676257071174
20230619094501850,6.68,6.68,6.665676257071174
20230619094502030,6.68,6.68,6.665676257071174
20230619094502050,6.68,6.68,6.665676257071174
20230619094503960,6.68,6.68,6.665676257071174
20230619094504150,6.68,6.68,6.6657518544449905
20230619094504440,6.68,6.68,6.665754666137175
20230619094504600,6.68,6.68,6.665754666137175
20230619094504770,6.68,6.68,6.665754666137175
20230619094506330,6.68,6.68,6.665754666137175
20230619094506400,6.68,6.68,6.665754666137175
20230619094506440,6.68,6.68,6.665754666137175
20230619094506760,6.68,6.68,6.665754666137175
20230619094506820,6.68,6.67,6.66574657419786
20230619094507070,6.68,6.67,6.66574657419786
20230619094507080,6.68,6.67,6.66574657419786
20230619094507130,6.68,6.67,6.665750285682689
20230619094507140,6.68,6.67,6.665750285682689
20230619094507150,6.68,6.67,6.665750285682689
20230619094507180,6.68,6.67,6.665750481491378
20230619094507200,6.67,6.67,6.665750481491378
20230619094509460,6.67,6.67,6.665760248972574
20230619094510040,6.67,6.67,6.665760248972574
20230619094510080,6.67,6.67,6.665762002352681
20230619094510090,6.67,6.67,6.665762391795776
20230619094510120,6.67,6.67,6.665762391795776
20230619094510150,6.67,6.67,6.665762391795776
20230619094512180,6.67,6.67,6.665762391795776
20230619094512340,6.67,6.67,6.665762391795776
20230619094512460,6.67,6.67,6.665762391795776
20230619094512500,6.67,6.67,6.665762391795776
20230619094512520,6.67,6.67,6.665762391795776
20230619094512570,6.67,6.67,6.665762391795776
20230619094514980,6.67,6.67,6.665762391795776
20230619094515320,6.67,6.67,6.665762391795776
20230619094515400,6.67,6.67,6.665762391795776
20230619094517660,6.67,6.67,6.665762391795776
20230619094517860,6.67,6.67,6.665762391795776
20230619094517950,6.67,6.67,6.665762391795776
20230619094518210,6.67,6.67,6.665762391795776
20230619094519930,6.67,6.67,6.665762391795776
20230619094519990,6.67,6.67,6.665762391795776
20230619094520080,6.67,6.67,6.665762391795776
20230619094520280,6.67,6.67,6.665762391795776
20230619094520660,6.67,6.67,6.665762391795776
20230619094520830,6.67,6.67,6.665762391795776
20230619094522590,6.67,6.67,6.665762391795776
20230619094522680,6.67,6.67,6.665762391795776
20230619094522830,6.68,6.67,6.665802043878428
20230619094522900,6.68,6.67,6.665802043878428
20230619094522920,6.68,6.67,6.665802043878428
20230619094523040,6.66,6.65,6.665641659711246
20230619094523050,6.67,6.66,6.665604832307122
20230619094523060,6.68,6.66,6.665604832307122
20230619094523070,6.67,6.66,6.665604832307122
20230619094523080,6.67,6.66,6.665604832307122
20230619094523110,6.67,6.66,6.665604832307122
20230619094523180,6.67,6.66,6.665604832307122
20230619094523250,6.67,6.66,6.665604832307122
20230619094523270,6.67,6.66,6.665604832307122
20230619094525530,6.67,6.66,6.665604832307122
20230619094525600,6.67,6.66,6.665604832307122
20230619094526000,6.67,6.66,6.665604832307122
20230619094526050,6.67,6.65,6.665604832307122
20230619094526450,6.67,6.65,6.665604832307122
20230619094528140,6.67,6.65,6.665604832307122
20230619094528400,6.67,6.65,6.665604832307122
20230619094528820,6.67,6.65,6.665604832307122
20230619094528860,6.67,6.65,6.665604832307122
20230619094530880,6.67,6.65,6.665604832307122
20230619094531040,6.67,6.65,6.665604832307122
20230619094531060,6.67,6.65,6.665604832307122
20230619094531260,6.67,6.65,6.665604832307122
20230619094531400,6.67,6.65,6.665604832307122
20230619094534100,6.67,6.65,6.665604832307122
20230619094534130,6.67,6.65,6.665604832307122
20230619094534140,6.67,6.66,6.665604832307122
20230619094534220,6.67,6.65,6.665604832307122
20230619094534520,6.67,6.65,6.665604832307122
20230619094536850,6.67,6.65,6.665604832307122
20230619094537080,6.67,6.65,6.665604832307122
20230619094538920,6.67,6.66,6.665604832307122
20230619094539320,6.67,6.66,6.665604832307122
20230619094541780,6.67,6.66,6.665604832307122
20230619094542070,6.67,6.66,6.665604832307122
20230619094542250,6.67,6.66,6.665604832307122
20230619094542540,6.67,6.66,6.665604832307122
20230619094544440,6.67,6.66,6.665604832307122
20230619094544480,6.67,6.66,6.665589301265866
20230619094547130,6.67,6.66,6.665589301265866
20230619094547230,6.67,6.65,6.665574100555326
20230619094547440,6.67,6.65,6.665574100555326
20230619094549760,6.67,6.65,6.665574100555326
20230619094550540,6.67,6.65,6.665574100555326
20230619094552300,6.67,6.65,6.665574100555326
20230619094552400,6.67,6.66,6.665574100555326
20230619094552480,6.67,6.66,6.665574100555326
20230619094552870,6.67,6.66,6.665574100555326
20230619094553220,6.67,6.66,6.665574100555326
20230619094553280,6.67,6.66,6.665574100555326
20230619094555070,6.67,6.66,6.665574100555326
20230619094555120,6.67,6.66,6.665574100555326
20230619094555160,6.67,6.66,6.665574100555326
20230619094555380,6.67,6.66,6.665574100555326
20230619094555620,6.67,6.66,6.665574100555326
20230619094557990,6.67,6.66,6.665541044938823
20230619094558840,6.67,6.66,6.665539837129006
20230619094600590,6.67,6.66,6.665539837129006
20230619094600810,6.67,6.66,6.665539837129006
20230619094600920,6.67,6.66,6.665539837129006
20230619094601440,6.67,6.66,6.665539837129006
20230619094601470,6.67,6.66,6.665539837129006
20230619094601500,6.67,6.66,6.665539837129006
20230619094603080,6.67,6.66,6.665539837129006
20230619094604090,6.67,6.66,6.665539837129006
20230619094604110,6.67,6.66,6.665539837129006
20230619094604130,6.67,6.66,6.665539837129006
20230619094604250,6.67,6.66,6.665539837129006
20230619094605830,6.67,6.66,6.665539837129006
20230619094605840,6.67,6.66,6.665539837129006
20230619094608590,6.67,6.66,6.665535975673508
20230619094608620,6.67,6.66,6.665535975673508
20230619094608630,6.67,6.66,6.665531156417577
20230619094608650,6.67,6.66,6.665531156417577
20230619094608660,6.67,6.66,6.665531156417577
20230619094608680,6.67,6.66,6.665531156417577
20230619094608710,6.67,6.66,6.665531156417577
20230619094608960,6.67,6.66,6.665531156417577
20230619094608990,6.67,6.66,6.665531156417577
20230619094609020,6.67,6.66,6.665531156417577
20230619094609150,6.67,6.66,6.665531156417577
20230619094609180,6.67,6.66,6.665531156417577
20230619094609190,6.67,6.66,6.665531156417577
20230619094609210,6.67,6.66,6.665531156417577
20230619094611240,6.67,6.66,6.665531156417577
20230619094611410,6.67,6.66,6.665531156417577
20230619094611420,6.67,6.66,6.665531156417577
20230619094611440,6.67,6.66,6.665531156417577
20230619094611450,6.67,6.66,6.665531156417577
20230619094611480,6.67,6.66,6.665531156417577
20230619094611510,6.67,6.66,6.665531156417577
20230619094611760,6.67,6.66,6.665531156417577
20230619094611910,6.67,6.66,6.665531156417577
20230619094612080,6.67,6.66,6.665531156417577
20230619094612180,6.67,6.66,6.665531156417577
20230619094616610,6.67,6.66,6.665526345545001
20230619094617700,6.66,6.66,6.665447690170793
