Timestamp,ask1,bid1,VWAP
20230809093000030,6.77,6.73,6.74
20230809093000050,6.77,6.73,6.74
20230809093000190,6.77,6.72,6.74
20230809093000210,6.77,6.72,6.74
20230809093000220,6.77,6.72,6.74
20230809093000230,6.77,6.72,6.74
20230809093000240,6.77,6.72,6.74
20230809093000250,6.77,6.72,6.74
20230809093000260,6.77,6.74,6.74
20230809093000290,6.77,6.74,6.736392785571142
20230809093000310,6.77,6.74,6.736392785571142
20230809093000330,6.77,6.74,6.736392785571142
20230809093000340,6.77,6.74,6.736392785571142
20230809093000740,6.77,6.74,6.736392785571142
20230809093000750,6.77,6.74,6.736392785571142
20230809093000760,6.77,6.74,6.736392785571142
20230809093000780,6.77,6.74,6.736392785571142
20230809093000790,6.77,6.74,6.736392785571142
20230809093000810,6.77,6.74,6.736392785571142
20230809093000830,6.77,6.74,6.736392785571142
20230809093000850,6.77,6.74,6.736392785571142
20230809093000880,6.77,6.74,6.736392785571142
20230809093000900,6.77,6.74,6.736392785571142
20230809093000950,6.77,6.74,6.736392785571142
20230809093001060,6.77,6.74,6.736392785571142
20230809093001100,6.74,6.74,6.736392785571142
20230809093001150,6.74,6.74,6.736392785571142
20230809093001160,6.74,6.74,6.736392785571142
20230809093001180,6.74,6.74,6.736392785571142
20230809093001190,6.74,6.74,6.736392785571142
20230809093001250,6.74,6.74,6.736392785571142
20230809093001950,6.74,6.74,6.736392785571142
20230809093001970,6.74,6.74,6.736392785571142
20230809093001990,6.74,6.74,6.736392785571142
20230809093002010,6.74,6.74,6.736392785571142
20230809093002020,6.74,6.74,6.736392785571142
20230809093002030,6.74,6.74,6.736392785571142
20230809093002040,6.77,6.74,6.7366101694915255
20230809093002050,6.77,6.74,6.7366101694915255
20230809093002110,6.77,6.74,6.7366101694915255
20230809093002160,6.77,6.74,6.7366101694915255
20230809093002250,6.74,6.74,6.7366101694915255
20230809093002260,6.74,6.74,6.7366101694915255
20230809093002430,6.74,6.74,6.7366101694915255
20230809093002440,6.74,6.74,6.7366101694915255
20230809093002450,6.74,6.74,6.7366101694915255
20230809093002470,6.74,6.74,6.7366101694915255
20230809093002490,6.74,6.74,6.7366101694915255
20230809093002580,6.74,6.74,6.7366101694915255
20230809093002590,6.74,6.74,6.7366101694915255
20230809093002600,6.74,6.74,6.7366101694915255
20230809093002610,6.77,6.73,6.736691176470588
20230809093002640,6.77,6.73,6.736691176470588
20230809093002690,6.77,6.73,6.736691176470588
20230809093002700,6.77,6.73,6.736691176470588
20230809093002750,6.77,6.73,6.736691176470588
20230809093002780,6.77,6.74,6.736691176470588
20230809093002790,6.77,6.74,6.736691176470588
20230809093004130,6.75,6.74,6.736691176470588
20230809093004350,6.75,6.74,6.736691176470588
20230809093004610,6.75,6.74,6.736691176470588
20230809093004620,6.75,6.74,6.736691176470588
20230809093004880,6.75,6.74,6.736691176470588
20230809093004900,6.75,6.74,6.736691176470588
20230809093004930,6.75,6.74,6.736691176470588
20230809093005280,6.75,6.74,6.736691176470588
20230809093005290,6.75,6.74,6.736691176470588
20230809093005360,6.75,6.74,6.736691176470588
20230809093005500,6.75,6.74,6.736691176470588
20230809093005540,6.75,6.74,6.736691176470588
20230809093005590,6.75,6.74,6.736691176470588
20230809093005660,6.74,6.74,6.736691176470588
20230809093008670,6.74,6.74,6.736691176470588
20230809093008740,6.74,6.73,6.736691176470588
20230809093008880,6.74,6.73,6.736691176470588
20230809093009250,6.74,6.73,6.736691176470588
20230809093009630,6.74,6.73,6.736691176470588
20230809093009680,6.74,6.73,6.736691176470588
20230809093009840,6.74,6.73,6.736691176470588
20230809093010080,6.74,6.73,6.736691176470588
20230809093010090,6.74,6.72,6.736691176470588
20230809093010190,6.74,6.72,6.736691176470588
20230809093010640,6.74,6.72,6.736691176470588
20230809093010670,6.74,6.72,6.736691176470588
20230809093011070,6.74,6.72,6.736691176470588
20230809093011110,6.74,6.72,6.736691176470588
20230809093011610,6.74,6.73,6.736691176470588
20230809093014910,6.73,6.73,6.736691176470588
20230809093014990,6.74,6.73,6.736691176470588
20230809093015030,6.73,6.73,6.736691176470588
20230809093015090,6.73,6.73,6.736691176470588
20230809093015100,6.73,6.73,6.736691176470588
20230809093015290,6.73,6.73,6.736691176470588
20230809093015450,6.73,6.73,6.736691176470588
20230809093015460,6.73,6.73,6.736691176470588
20230809093015520,6.73,6.73,6.736691176470588
20230809093015540,6.73,6.73,6.736691176470588
20230809093015560,6.73,6.72,6.733925925925926
20230809093015590,6.73,6.72,6.733925925925926
20230809093015630,6.73,6.72,6.733925925925926
20230809093015660,6.73,6.72,6.733751522533495
20230809093015720,6.73,6.72,6.733751522533495
20230809093015730,6.73,6.72,6.733751522533495
20230809093015900,6.73,6.72,6.733751522533495
20230809093015960,6.73,6.72,6.733751522533495
20230809093015990,6.73,6.72,6.733751522533495
20230809093016010,6.73,6.72,6.732544444444445
20230809093016060,6.72,6.72,6.732544444444445
20230809093016070,6.72,6.71,6.729580479452054
20230809093016080,6.72,6.71,6.729580479452054
20230809093016090,6.72,6.71,6.729580479452054
20230809093016100,6.72,6.71,6.729580479452054
20230809093016140,6.72,6.71,6.729580479452054
20230809093016150,6.72,6.71,6.729580479452054
20230809093016290,6.72,6.71,6.729580479452054
20230809093016320,6.72,6.71,6.729580479452054
20230809093016330,6.72,6.71,6.729580479452054
20230809093016350,6.72,6.71,6.729580479452054
20230809093016370,6.72,6.71,6.729580479452054
20230809093016380,6.72,6.71,6.729580479452054
20230809093016440,6.72,6.71,6.729580479452054
20230809093016490,6.72,6.71,6.729580479452054
20230809093016580,6.72,6.71,6.729580479452054
20230809093016620,6.72,6.71,6.729580479452054
20230809093018420,6.72,6.71,6.729580479452054
20230809093018440,6.72,6.71,6.729580479452054
20230809093018490,6.72,6.71,6.729580479452054
20230809093018920,6.72,6.71,6.729580479452054
20230809093018950,6.72,6.71,6.729580479452054
20230809093019020,6.72,6.71,6.729580479452054
20230809093019110,6.72,6.71,6.729580479452054
20230809093019200,6.72,6.71,6.729580479452054
20230809093021270,6.72,6.71,6.729118136439268
20230809093021490,6.72,6.71,6.729118136439268
20230809093023760,6.72,6.71,6.729118136439268
20230809093024580,6.72,6.71,6.729118136439268
20230809093024780,6.72,6.71,6.729118136439268
20230809093026670,6.72,6.71,6.729118136439268
20230809093026900,6.72,6.71,6.727906804733728
20230809093027240,6.72,6.71,6.727906804733728
20230809093027360,6.72,6.71,6.727906804733728
20230809093029290,6.72,6.71,6.727906804733728
20230809093029420,6.72,6.71,6.727906804733728
20230809093029770,6.72,6.71,6.727906804733728
20230809093029910,6.72,6.71,6.727906804733728
20230809093030310,6.72,6.71,6.727906804733728
20230809093031890,6.72,6.71,6.727906804733728
20230809093032170,6.72,6.71,6.727906804733728
20230809093032740,6.72,6.71,6.727906804733728
20230809093033030,6.72,6.72,6.727906804733728
20230809093033060,6.72,6.71,6.727362258953168
20230809093034810,6.72,6.71,6.727362258953168
20230809093034860,6.72,6.71,6.727362258953168
20230809093034980,6.72,6.71,6.727362258953168
20230809093035040,6.72,6.71,6.727362258953168
20230809093035100,6.72,6.71,6.727362258953168
20230809093035130,6.72,6.71,6.727362258953168
20230809093035590,6.72,6.71,6.727362258953168
20230809093035780,6.72,6.71,6.727362258953168
20230809093040090,6.72,6.71,6.727227856659906
20230809093040230,6.72,6.71,6.727227856659906
20230809093040280,6.72,6.71,6.727227856659906
20230809093040460,6.72,6.71,6.727227856659906
20230809093041130,6.72,6.71,6.727227856659906
20230809093042790,6.72,6.71,6.727093563370936
20230809093043110,6.72,6.71,6.727079470198675
20230809093043130,6.72,6.71,6.726664588528679
20230809093045370,6.72,6.71,6.726664588528679
20230809093045530,6.72,6.71,6.726664588528679
20230809093045880,6.72,6.71,6.726664588528679
20230809093046020,6.72,6.71,6.726664588528679
20230809093046070,6.72,6.71,6.726664588528679
20230809093046220,6.72,6.71,6.726664588528679
20230809093046320,6.72,6.71,6.726664588528679
20230809093046370,6.72,6.72,6.726664588528679
20230809093048380,6.72,6.72,6.726664588528679
20230809093048600,6.72,6.72,6.726664588528679
20230809093048960,6.72,6.72,6.726664588528679
20230809093049030,6.72,6.72,6.726526069127123
20230809093049080,6.72,6.72,6.7265281030444966
20230809093049150,6.72,6.72,6.726588032220944
20230809093049240,6.72,6.72,6.726588032220944
20230809093049250,6.72,6.72,6.726588032220944
20230809093049260,6.72,6.72,6.726588032220944
20230809093050880,6.72,6.72,6.726588032220944
20230809093051080,6.72,6.72,6.726588032220944
20230809093051210,6.72,6.72,6.726588032220944
20230809093051310,6.72,6.72,6.726588032220944
20230809093051450,6.72,6.72,6.726588032220944
20230809093051530,6.72,6.72,6.726588032220944
20230809093051640,6.72,6.72,6.726572904707233
20230809093051660,6.72,6.72,6.726572904707233
20230809093051760,6.72,6.72,6.726572904707233
20230809093051940,6.72,6.72,6.726572904707233
20230809093053640,6.72,6.72,6.726572904707233
20230809093053790,6.72,6.72,6.726572904707233
20230809093053900,6.72,6.72,6.726572904707233
20230809093054300,6.72,6.72,6.726572904707233
20230809093054370,6.72,6.72,6.726572904707233
20230809093054430,6.73,6.72,6.726572904707233
20230809093054440,6.73,6.73,6.726572904707233
20230809093054520,6.73,6.73,6.726572904707233
20230809093054530,6.73,6.73,6.726841278156103
20230809093054620,6.73,6.73,6.726841278156103
20230809093054660,6.73,6.73,6.726925868325558
20230809093054670,6.73,6.73,6.726925868325558
20230809093056170,6.73,6.73,6.726930641821946
20230809093056540,6.73,6.73,6.726930641821946
20230809093058870,6.73,6.73,6.726930641821946
20230809093059160,6.73,6.73,6.726958974358975
20230809093059270,6.73,6.73,6.726958974358975
20230809093059320,6.73,6.73,6.726958974358975
20230809093059480,6.73,6.73,6.726958974358975
20230809093059830,6.73,6.73,6.726958974358975
20230809093102050,6.73,6.73,6.726958974358975
20230809093102750,6.73,6.73,6.726958974358975
20230809093104820,6.73,6.73,6.726958974358975
20230809093105070,6.73,6.73,6.726969851814001
20230809093105440,6.73,6.73,6.726969851814001
20230809093107530,6.73,6.73,6.726969851814001
20230809093109650,6.73,6.73,6.726969851814001
20230809093110060,6.73,6.73,6.726969851814001
20230809093110090,6.73,6.73,6.726969851814001
20230809093112530,6.73,6.73,6.726969851814001
20230809093112790,6.73,6.73,6.726969851814001
20230809093112840,6.73,6.73,6.726969851814001
20230809093113150,6.73,6.73,6.726969851814001
20230809093113280,6.73,6.73,6.726969851814001
20230809093113400,6.73,6.73,6.726969851814001
20230809093115340,6.73,6.73,6.726969851814001
20230809093115770,6.73,6.73,6.726969851814001
20230809093115830,6.73,6.73,6.726969851814001
20230809093115950,6.73,6.73,6.726969851814001
20230809093116070,6.73,6.73,6.726969851814001
20230809093116090,6.73,6.73,6.726969851814001
20230809093116100,6.73,6.73,6.726969851814001
20230809093116240,6.73,6.73,6.726969851814001
20230809093116250,6.73,6.73,6.726969851814001
20230809093117760,6.73,6.73,6.726969851814001
20230809093118390,6.73,6.73,6.726969851814001
20230809093118680,6.73,6.73,6.726969851814001
20230809093118850,6.73,6.73,6.726969851814001
20230809093120440,6.73,6.73,6.726969851814001
20230809093121570,6.73,6.73,6.726969851814001
20230809093123100,6.73,6.73,6.726969851814001
20230809093124060,6.73,6.73,6.726969851814001
20230809093124300,6.73,6.73,6.726969851814001
20230809093126060,6.73,6.73,6.726969851814001
20230809093126270,6.73,6.73,6.726969851814001
20230809093126380,6.73,6.73,6.726969851814001
20230809093126700,6.73,6.73,6.726969851814001
20230809093128690,6.73,6.74,6.726969851814001
20230809093128880,6.73,6.74,6.726969851814001
20230809093129140,6.73,6.73,6.72781190926276
20230809093129660,6.73,6.73,6.72781190926276
20230809093131250,6.73,6.73,6.72781190926276
20230809093131260,6.73,6.73,6.72781190926276
20230809093131280,6.73,6.73,6.72781190926276
20230809093131360,6.73,6.73,6.72781190926276
20230809093134060,6.73,6.73,6.72781190926276
20230809093134120,6.74,6.73,6.72781190926276
20230809093134280,6.74,6.73,6.72781190926276
20230809093134320,6.74,6.73,6.72781190926276
20230809093134360,6.74,6.73,6.72781190926276
20230809093134600,6.74,6.73,6.72781190926276
20230809093134660,6.74,6.73,6.72781190926276
20230809093135110,6.74,6.73,6.72781190926276
20230809093137080,6.74,6.73,6.72781190926276
20230809093137480,6.74,6.73,6.72781190926276
20230809093137610,6.74,6.73,6.72781190926276
20230809093140060,6.74,6.74,6.72781190926276
20230809093140070,6.74,6.74,6.72781190926276
20230809093140240,6.74,6.74,6.72781190926276
20230809093140520,6.74,6.74,6.72781190926276
20230809093142220,6.74,6.74,6.72781190926276
20230809093142660,6.74,6.74,6.72781190926276
20230809093142910,6.74,6.74,6.72781190926276
20230809093143090,6.74,6.74,6.72988069876438
20230809093143240,6.74,6.74,6.72988069876438
20230809093145020,6.74,6.74,6.72988069876438
20230809093145240,6.74,6.74,6.72988069876438
20230809093145320,6.74,6.74,6.72988069876438
20230809093145690,6.74,6.74,6.72988069876438
20230809093145750,6.74,6.74,6.72988069876438
20230809093147780,6.74,6.74,6.72988069876438
20230809093150910,6.74,6.74,6.72988069876438
20230809093150920,6.74,6.74,6.72988069876438
20230809093150950,6.74,6.74,6.72988069876438
20230809093151090,6.74,6.74,6.72988069876438
20230809093151190,6.74,6.74,6.72988069876438
20230809093153100,6.74,6.74,6.72988069876438
20230809093153270,6.74,6.74,6.72988069876438
20230809093153960,6.74,6.74,6.72988069876438
20230809093155620,6.74,6.74,6.72988069876438
20230809093156010,6.74,6.74,6.72988069876438
20230809093156130,6.74,6.73,6.72988069876438
20230809093156490,6.74,6.73,6.72988069876438
20230809093156740,6.74,6.73,6.72988069876438
20230809093158320,6.74,6.73,6.72988069876438
20230809093159010,6.74,6.73,6.72988069876438
20230809093201130,6.74,6.73,6.730299917830731
20230809093201240,6.74,6.73,6.730315832649713
20230809093201710,6.74,6.73,6.730315832649713
20230809093201810,6.74,6.73,6.730315832649713
20230809093202040,6.74,6.73,6.730315832649713
20230809093202150,6.74,6.73,6.730315832649713
20230809093204080,6.74,6.73,6.730315832649713
20230809093204120,6.74,6.73,6.730315832649713
20230809093204820,6.74,6.73,6.730315832649713
20230809093206310,6.74,6.73,6.730315832649713
20230809093206400,6.74,6.73,6.730315832649713
20230809093206680,6.74,6.73,6.730315832649713
20230809093206740,6.74,6.73,6.730499600319744
20230809093206750,6.74,6.73,6.730499600319744
20230809093206810,6.74,6.73,6.730499600319744
20230809093206900,6.74,6.72,6.730499600319744
20230809093207000,6.74,6.72,6.730499600319744
20230809093207060,6.74,6.72,6.730499600319744
20230809093207070,6.74,6.72,6.730499600319744
20230809093207090,6.74,6.72,6.730499600319744
20230809093207140,6.74,6.72,6.730499600319744
20230809093207400,6.74,6.72,6.730499600319744
20230809093209400,6.74,6.73,6.730499600319744
20230809093209740,6.74,6.73,6.730499600319744
20230809093209770,6.74,6.73,6.730499600319744
20230809093210090,6.74,6.73,6.730499600319744
20230809093210100,6.74,6.73,6.730499600319744
20230809093211710,6.74,6.73,6.730499600319744
20230809093211850,6.74,6.73,6.730499600319744
20230809093212250,6.74,6.72,6.730706883789785
20230809093212280,6.74,6.72,6.730693536673929
20230809093212360,6.74,6.72,6.730693284936479
20230809093212440,6.74,6.72,6.730693284936479
20230809093212760,6.74,6.72,6.730693284936479
20230809093212870,6.74,6.72,6.730693284936479
20230809093212900,6.74,6.73,6.730693284936479
20230809093214640,6.74,6.73,6.730693284936479
20230809093214850,6.74,6.73,6.730693284936479
20230809093215390,6.74,6.72,6.730693284936479
20230809093215440,6.74,6.72,6.730693284936479
20230809093217170,6.74,6.72,6.730693284936479
20230809093217710,6.74,6.73,6.730693284936479
20230809093220600,6.74,6.73,6.730693284936479
20230809093221030,6.74,6.73,6.730693284936479
20230809093222690,6.74,6.73,6.730693284936479
20230809093222780,6.73,6.73,6.730693284936479
20230809093223070,6.73,6.73,6.730693284936479
20230809093223160,6.73,6.73,6.73065953038674
20230809093223170,6.73,6.73,6.73065953038674
20230809093225820,6.73,6.73,6.73065953038674
20230809093225990,6.73,6.73,6.73065953038674
20230809093226120,6.73,6.73,6.73065953038674
20230809093226410,6.74,6.73,6.73065953038674
20230809093228160,6.73,6.73,6.73065953038674
20230809093228250,6.73,6.73,6.73065953038674
20230809093228260,6.73,6.73,6.73065953038674
20230809093229150,6.73,6.73,6.73065953038674
20230809093230820,6.73,6.73,6.73065953038674
20230809093231120,6.74,6.73,6.73065953038674
20230809093231130,6.74,6.73,6.73065953038674
20230809093231380,6.74,6.73,6.73065953038674
20230809093231810,6.74,6.73,6.73065953038674
20230809093233340,6.74,6.73,6.730616002678272
20230809093234030,6.74,6.73,6.730616002678272
20230809093234110,6.74,6.73,6.730616002678272
20230809093234150,6.74,6.73,6.730616002678272
20230809093234210,6.74,6.73,6.730606361829026
20230809093236960,6.74,6.73,6.730606361829026
20230809093237130,6.74,6.73,6.7306033630069235
20230809093237140,6.74,6.73,6.7306033630069235
20230809093239190,6.74,6.73,6.7306033630069235
20230809093239750,6.74,6.73,6.7306033630069235
20230809093239960,6.74,6.73,6.7306033630069235
20230809093241430,6.73,6.73,6.7306033630069235
20230809093241450,6.73,6.73,6.730611780019525
20230809093241460,6.73,6.73,6.730611382113821
20230809093241630,6.73,6.73,6.730611382113821
20230809093241640,6.73,6.73,6.730611382113821
20230809093241880,6.73,6.73,6.730611382113821
20230809093241950,6.73,6.73,6.730611382113821
20230809093242500,6.73,6.73,6.730611382113821
20230809093244110,6.73,6.73,6.730611382113821
20230809093244970,6.73,6.73,6.730611382113821
20230809093245220,6.73,6.73,6.730611382113821
20230809093245290,6.73,6.73,6.730611382113821
20230809093246940,6.73,6.73,6.730611382113821
20230809093246980,6.73,6.73,6.730611382113821
20230809093246990,6.73,6.73,6.730611382113821
20230809093247010,6.73,6.73,6.730611382113821
20230809093247160,6.73,6.73,6.730611382113821
20230809093247170,6.74,6.73,6.730607521697204
20230809093247630,6.74,6.73,6.730607521697204
20230809093247650,6.74,6.73,6.730607521697204
20230809093249550,6.74,6.73,6.730607521697204
20230809093249630,6.74,6.73,6.730607521697204
20230809093250200,6.74,6.73,6.730607326478149
20230809093250340,6.74,6.73,6.730607326478149
20230809093250360,6.74,6.73,6.730607326478149
20230809093250580,6.74,6.73,6.730607326478149
20230809093252510,6.74,6.73,6.730607326478149
20230809093252680,6.74,6.73,6.730607326478149
20230809093252910,6.74,6.73,6.730607326478149
20230809093253100,6.74,6.73,6.730607326478149
20230809093255260,6.74,6.73,6.730633194755357
20230809093255540,6.74,6.73,6.730633194755357
20230809093255800,6.74,6.73,6.730633194755357
20230809093255920,6.74,6.73,6.730633194755357
20230809093257750,6.74,6.73,6.730633194755357
20230809093258090,6.74,6.73,6.730633194755357
20230809093258100,6.73,6.72,6.7306203007518794
20230809093258180,6.73,6.72,6.7306203007518794
20230809093258350,6.73,6.72,6.730616438356164
20230809093258450,6.73,6.72,6.730616438356164
20230809093300460,6.73,6.72,6.730616438356164
20230809093300600,6.73,6.72,6.730616438356164
20230809093300640,6.74,6.72,6.730668730650155
20230809093300930,6.74,6.72,6.730668730650155
20230809093301020,6.74,6.72,6.730668730650155
20230809093301080,6.74,6.72,6.730668730650155
20230809093301090,6.74,6.72,6.730756328148826
20230809093301170,6.74,6.72,6.730756328148826
20230809093301510,6.74,6.72,6.730756328148826
20230809093303060,6.74,6.72,6.730756328148826
20230809093303140,6.74,6.72,6.730756328148826
20230809093303480,6.74,6.72,6.730756328148826
20230809093303580,6.74,6.73,6.730756328148826
20230809093303740,6.74,6.73,6.730756328148826
20230809093304090,6.74,6.73,6.730756328148826
20230809093305840,6.74,6.73,6.730756328148826
20230809093305930,6.74,6.73,6.730756328148826
20230809093306090,6.74,6.73,6.730756328148826
20230809093306550,6.74,6.73,6.730756328148826
20230809093306720,6.74,6.73,6.730756328148826
20230809093306850,6.74,6.73,6.730756328148826
20230809093306910,6.74,6.73,6.730756328148826
20230809093308490,6.74,6.73,6.730756328148826
20230809093308510,6.74,6.73,6.730756328148826
20230809093308980,6.74,6.73,6.730756328148826
20230809093309150,6.74,6.73,6.730756328148826
20230809093309460,6.74,6.73,6.730756328148826
20230809093311140,6.74,6.73,6.730756328148826
20230809093311160,6.74,6.73,6.730756328148826
20230809093311290,6.74,6.73,6.730756328148826
20230809093311640,6.74,6.73,6.730756328148826
20230809093312070,6.74,6.73,6.730756328148826
20230809093312200,6.74,6.73,6.730756328148826
20230809093314130,6.74,6.73,6.730756328148826
20230809093314230,6.74,6.73,6.730756328148826
20230809093314550,6.74,6.73,6.730756328148826
20230809093316590,6.74,6.73,6.730756328148826
20230809093317070,6.74,6.73,6.730756328148826
20230809093317170,6.74,6.73,6.730756328148826
20230809093317690,6.74,6.73,6.730756328148826
20230809093319640,6.74,6.73,6.730756328148826
20230809093319940,6.74,6.73,6.730756328148826
20230809093320090,6.74,6.73,6.730756328148826
20230809093322000,6.73,6.72,6.730813325330132
20230809093322100,6.73,6.72,6.730813325330132
20230809093322110,6.73,6.72,6.730813325330132
20230809093322150,6.73,6.72,6.730813325330132
20230809093322230,6.73,6.72,6.730796695190322
20230809093322660,6.73,6.72,6.730796695190322
20230809093322970,6.73,6.72,6.730796695190322
20230809093323120,6.73,6.72,6.730790327337068
20230809093324620,6.73,6.72,6.730790327337068
20230809093324960,6.73,6.72,6.730790327337068
20230809093325070,6.73,6.72,6.73078939617084
20230809093327460,6.73,6.72,6.73078939617084
20230809093327890,6.73,6.72,6.73078939617084
20230809093328230,6.73,6.72,6.73078939617084
20230809093330160,6.73,6.72,6.73078939617084
20230809093330480,6.73,6.72,6.730779334500876
20230809093330960,6.73,6.72,6.730779334500876
20230809093331050,6.73,6.72,6.730779334500876
20230809093331120,6.73,6.72,6.730779334500876
20230809093331180,6.73,6.72,6.730779334500876
20230809093332950,6.73,6.72,6.730779334500876
20230809093332970,6.73,6.72,6.730779334500876
20230809093333010,6.73,6.72,6.730779334500876
20230809093333050,6.73,6.72,6.730779334500876
20230809093333160,6.73,6.72,6.730779334500876
20230809093333420,6.73,6.72,6.730779334500876
20230809093333540,6.73,6.72,6.730779334500876
20230809093335430,6.73,6.72,6.730779334500876
20230809093335450,6.73,6.72,6.730779334500876
20230809093336270,6.73,6.72,6.730779334500876
20230809093336340,6.73,6.72,6.730779334500876
20230809093336380,6.73,6.72,6.730779334500876
20230809093336400,6.74,6.72,6.730779334500876
20230809093338110,6.74,6.72,6.730766117374964
20230809093338380,6.74,6.72,6.730766117374964
20230809093338390,6.74,6.72,6.730766117374964
20230809093338750,6.74,6.72,6.730766117374964
20230809093339200,6.74,6.72,6.730766117374964
20230809093341100,6.74,6.72,6.730757488479263
20230809093341780,6.74,6.72,6.730757488479263
20230809093343560,6.74,6.72,6.730757488479263
20230809093344060,6.74,6.72,6.730750142612664
20230809093344100,6.74,6.72,6.730750142612664
20230809093346620,6.73,6.72,6.730750142612664
20230809093347120,6.73,6.72,6.730750142612664
20230809093347380,6.73,6.72,6.730750142612664
20230809093348980,6.73,6.72,6.730750142612664
20230809093349340,6.74,6.73,6.730725007080148
20230809093349350,6.74,6.73,6.730723368183103
20230809093349830,6.74,6.73,6.730723368183103
20230809093350030,6.73,6.72,6.730717891194616
20230809093350040,6.73,6.72,6.730717891194616
20230809093350050,6.73,6.72,6.730717891194616
20230809093350080,6.73,6.72,6.730717891194616
20230809093350090,6.73,6.72,6.7306488443330545
20230809093350120,6.7,6.72,6.7306488443330545
20230809093350160,6.7,6.72,6.7306488443330545
20230809093351830,6.7,6.72,6.7306488443330545
20230809093352070,6.7,6.72,6.7306488443330545
20230809093352090,6.7,6.72,6.7306488443330545
20230809093352100,6.7,6.72,6.7306488443330545
20230809093352130,6.72,6.72,6.7306488443330545
20230809093352140,6.73,6.72,6.7305690607734805
20230809093352300,6.73,6.72,6.7305690607734805
20230809093354350,6.73,6.72,6.7305690607734805
20230809093354500,6.73,6.72,6.7305690607734805
20230809093355070,6.73,6.72,6.7305690607734805
20230809093355090,6.73,6.72,6.7305690607734805
20230809093355340,6.73,6.72,6.7305690607734805
20230809093357440,6.73,6.72,6.7305690607734805
20230809093357590,6.73,6.72,6.7305690607734805
20230809093357600,6.73,6.72,6.7305690607734805
20230809093357800,6.73,6.72,6.730399565099212
20230809093357950,6.73,6.72,6.730399565099212
20230809093359790,6.73,6.72,6.730399565099212
20230809093400030,6.73,6.72,6.730385450597177
20230809093400120,6.73,6.72,6.730385450597177
20230809093400350,6.73,6.72,6.7302849462365595
20230809093400450,6.73,6.72,6.7302849462365595
20230809093402500,6.73,6.72,6.7302849462365595
20230809093402530,6.73,6.72,6.7302849462365595
20230809093402730,6.73,6.72,6.7302849462365595
20230809093403030,6.73,6.72,6.7302849462365595
20230809093405130,6.73,6.72,6.7302849462365595
20230809093405200,6.73,6.72,6.7302849462365595
20230809093405480,6.73,6.72,6.730240384615384
20230809093405700,6.73,6.72,6.730240384615384
20230809093405810,6.73,6.72,6.730240384615384
20230809093406320,6.73,6.72,6.730213049267643
20230809093407870,6.73,6.72,6.730213049267643
20230809093408260,6.73,6.72,6.730213049267643
20230809093408430,6.73,6.72,6.730212596332713
20230809093408470,6.73,6.72,6.730212596332713
20230809093408580,6.73,6.72,6.730212596332713
20230809093408780,6.73,6.72,6.73
20230809093410790,6.73,6.72,6.73
20230809093410820,6.73,6.72,6.73
20230809093411120,6.73,6.72,6.73
20230809093411210,6.73,6.72,6.73
20230809093411300,6.73,6.72,6.73
20230809093411540,6.73,6.72,6.73
20230809093413220,6.73,6.72,6.73
20230809093413600,6.73,6.72,6.73
20230809093414060,6.73,6.72,6.73
20230809093415940,6.73,6.72,6.73
20230809093416070,6.73,6.72,6.729943078913324
20230809093416080,6.73,6.72,6.729902087090956
20230809093416100,6.73,6.72,6.729902838148811
20230809093416120,6.73,6.72,6.729900306748466
20230809093416310,6.73,6.72,6.729900306748466
20230809093416440,6.73,6.72,6.729885145482389
20230809093416600,6.73,6.72,6.729885145482389
20230809093417010,6.73,6.72,6.729885145482389
20230809093417070,6.73,6.72,6.729567687747036
20230809093417160,6.73,6.72,6.729567687747036
20230809093419170,6.73,6.72,6.729568007899284
20230809093419260,6.73,6.72,6.729556977602757
20230809093419310,6.73,6.72,6.729554625984252
20230809093421750,6.73,6.72,6.729554625984252
20230809093422030,6.73,6.72,6.729554625984252
20230809093422090,6.73,6.72,6.729554625984252
20230809093422180,6.73,6.72,6.729554625984252
20230809093422330,6.73,6.72,6.729554625984252
20230809093424070,6.73,6.72,6.729554625984252
20230809093424160,6.73,6.72,6.729554625984252
20230809093425050,6.73,6.72,6.729554625984252
20230809093425210,6.73,6.72,6.729554625984252
20230809093426950,6.73,6.72,6.729554625984252
20230809093426970,6.73,6.72,6.729554625984252
20230809093427460,6.73,6.72,6.729554625984252
20230809093427590,6.73,6.72,6.729554625984252
20230809093427870,6.73,6.72,6.729554625984252
20230809093429430,6.73,6.72,6.729554625984252
20230809093429650,6.73,6.72,6.729554625984252
20230809093430560,6.73,6.72,6.729554625984252
20230809093432120,6.73,6.72,6.729554625984252
20230809093432240,6.73,6.72,6.729554625984252
20230809093432330,6.73,6.72,6.729554625984252
20230809093432750,6.73,6.72,6.729554625984252
20230809093432890,6.73,6.72,6.729554625984252
20230809093433220,6.73,6.72,6.729554625984252
20230809093433270,6.73,6.72,6.729554625984252
20230809093434980,6.73,6.72,6.729554625984252
20230809093435480,6.73,6.72,6.729554625984252
20230809093435800,6.73,6.72,6.729554625984252
20230809093435810,6.73,6.72,6.729554625984252
20230809093435990,6.73,6.72,6.729554625984252
20230809093437750,6.73,6.72,6.729554625984252
20230809093437980,6.73,6.72,6.729554625984252
20230809093438030,6.73,6.72,6.729554625984252
20230809093438100,6.73,6.72,6.729554625984252
20230809093440960,6.73,6.72,6.729554625984252
20230809093442960,6.73,6.72,6.729554625984252
20230809093443180,6.73,6.72,6.729554625984252
20230809093443280,6.73,6.72,6.729554625984252
20230809093443530,6.73,6.72,6.729554625984252
20230809093443660,6.73,6.72,6.729554625984252
20230809093443930,6.73,6.72,6.72880189530686
20230809093446010,6.73,6.72,6.72880189530686
20230809093446300,6.73,6.72,6.72880189530686
20230809093448530,6.73,6.72,6.728805130513051
20230809093449100,6.73,6.72,6.728805130513051
20230809093449110,6.73,6.72,6.728805130513051
20230809093451050,6.73,6.72,6.728805130513051
20230809093451080,6.73,6.72,6.728805130513051
20230809093451270,6.73,6.72,6.728666959964804
20230809093451540,6.73,6.72,6.728666959964804
20230809093451650,6.73,6.72,6.728667839085514
20230809093452210,6.73,6.72,6.728667839085514
20230809093453700,6.73,6.72,6.728667839085514
20230809093454020,6.73,6.72,6.728676566936012
20230809093454170,6.73,6.72,6.728676566936012
20230809093454530,6.73,6.72,6.728676566936012
20230809093454590,6.73,6.72,6.728676566936012
20230809093454600,6.73,6.72,6.728676566936012
20230809093456580,6.73,6.72,6.728676566936012
20230809093456670,6.73,6.72,6.728676566936012
20230809093456680,6.73,6.72,6.728676566936012
20230809093456720,6.73,6.72,6.728676566936012
20230809093457410,6.73,6.72,6.728676566936012
20230809093459120,6.73,6.72,6.728676566936012
20230809093459930,6.73,6.72,6.728674225904928
20230809093459960,6.73,6.72,6.728674225904928
20230809093459980,6.73,6.72,6.728674225904928
20230809093500060,6.73,6.72,6.728674225904928
20230809093501930,6.73,6.72,6.728674225904928
20230809093502120,6.73,6.72,6.728674225904928
20230809093502430,6.73,6.72,6.728674225904928
20230809093504560,6.73,6.72,6.728674225904928
20230809093505080,6.73,6.72,6.728674225904928
20230809093505120,6.73,6.72,6.728674225904928
20230809093507240,6.73,6.72,6.728674225904928
20230809093507460,6.73,6.73,6.728674225904928
20230809093507540,6.73,6.73,6.728674225904928
20230809093508030,6.73,6.73,6.728674225904928
20230809093510080,6.73,6.72,6.728674225904928
20230809093510100,6.73,6.72,6.728674225904928
20230809093510250,6.73,6.72,6.728674225904928
20230809093510400,6.73,6.73,6.728674225904928
20230809093510590,6.73,6.73,6.728674225904928
20230809093510800,6.73,6.73,6.728674225904928
20230809093510990,6.73,6.73,6.728674225904928
20230809093511070,6.73,6.73,6.728674225904928
20230809093511120,6.73,6.73,6.728674225904928
20230809093512640,6.73,6.73,6.728674225904928
20230809093512700,6.73,6.73,6.728674225904928
20230809093512770,6.73,6.73,6.728674225904928
20230809093512990,6.73,6.73,6.728674225904928
20230809093513040,6.73,6.73,6.728674225904928
20230809093513110,6.73,6.73,6.728674225904928
20230809093513160,6.73,6.73,6.728674225904928
20230809093513180,6.73,6.73,6.728674225904928
20230809093513260,6.73,6.73,6.728674225904928
20230809093513350,6.73,6.73,6.728674225904928
20230809093513510,6.73,6.73,6.728674225904928
20230809093515970,6.73,6.73,6.728674225904928
20230809093516120,6.73,6.73,6.728674225904928
20230809093516130,6.73,6.74,6.728719811925625
20230809093516140,6.73,6.74,6.728727039726612
20230809093516150,6.73,6.74,6.728727039726612
20230809093518180,6.73,6.74,6.728727039726612
20230809093519150,6.73,6.74,6.728727039726612
20230809093519160,6.73,6.74,6.7287582534611285
20230809093519170,6.73,6.74,6.728772601574133
20230809093519200,6.73,6.74,6.728772601574133
20230809093519230,6.73,6.74,6.728772601574133
20230809093520990,6.73,6.74,6.728772601574133
20230809093521140,6.73,6.74,6.728772601574133
20230809093521350,6.73,6.74,6.728772601574133
20230809093521380,6.73,6.73,6.728772601574133
20230809093521440,6.73,6.73,6.728772601574133
20230809093521450,6.73,6.73,6.728772601574133
20230809093521490,6.73,6.73,6.728772601574133
20230809093521510,6.73,6.73,6.728772601574133
20230809093521560,6.73,6.73,6.728772601574133
20230809093521570,6.73,6.73,6.728772601574133
20230809093521590,6.73,6.73,6.728772601574133
20230809093521820,6.73,6.73,6.728772601574133
20230809093521870,6.73,6.73,6.728772601574133
20230809093521900,6.73,6.73,6.728772601574133
20230809093523700,6.73,6.73,6.728772601574133
20230809093526180,6.73,6.73,6.728772601574133
20230809093526260,6.73,6.73,6.728772601574133
20230809093526540,6.73,6.73,6.728772601574133
20230809093526680,6.73,6.73,6.728772601574133
20230809093526740,6.73,6.73,6.728772601574133
20230809093526910,6.73,6.73,6.728772601574133
20230809093527010,6.73,6.73,6.728772601574133
20230809093527080,6.73,6.73,6.728772601574133
20230809093529340,6.73,6.73,6.728772601574133
20230809093529600,6.73,6.73,6.728772601574133
20230809093529720,6.73,6.73,6.728772601574133
20230809093529930,6.73,6.73,6.728772601574133
20230809093531650,6.73,6.73,6.728772601574133
20230809093531670,6.73,6.73,6.728772601574133
20230809093532230,6.73,6.73,6.728772601574133
20230809093534250,6.73,6.73,6.728772601574133
20230809093534860,6.73,6.73,6.728772601574133
20230809093535110,6.73,6.73,6.728772601574133
20230809093536890,6.73,6.73,6.728772601574133
20230809093537130,6.73,6.73,6.728772601574133
20230809093537160,6.73,6.73,6.728772601574133
20230809093537440,6.73,6.73,6.728772601574133
20230809093539660,6.73,6.73,6.728772601574133
20230809093539830,6.73,6.73,6.728772601574133
20230809093540130,6.73,6.73,6.728909952606635
20230809093540240,6.73,6.73,6.728909952606635
20230809093540320,6.73,6.73,6.728909952606635
20230809093540400,6.73,6.73,6.728909952606635
20230809093540590,6.73,6.73,6.728909952606635
20230809093540840,6.73,6.73,6.728909952606635
20230809093542410,6.73,6.73,6.728909952606635
20230809093542850,6.73,6.73,6.728909952606635
20230809093543130,6.73,6.73,6.728909952606635
20230809093546070,6.73,6.73,6.728909952606635
20230809093547930,6.73,6.73,6.728909952606635
20230809093548500,6.73,6.73,6.728909952606635
20230809093548660,6.73,6.73,6.728909952606635
20230809093548760,6.73,6.73,6.728909952606635
20230809093548890,6.73,6.73,6.72894361897008
20230809093548940,6.73,6.73,6.72894361897008
20230809093550990,6.73,6.73,6.7289481180061035
20230809093551050,6.73,6.73,6.728957105102663
20230809093551200,6.73,6.73,6.728957105102663
20230809093551410,6.73,6.73,6.72896132820409
20230809093553230,6.73,6.73,6.72896132820409
20230809093553470,6.73,6.73,6.72896132820409
20230809093553480,6.73,6.73,6.72896132820409
20230809093553490,6.73,6.73,6.72896132820409
20230809093553500,6.73,6.73,6.72896132820409
20230809093553510,6.73,6.73,6.72896132820409
20230809093553670,6.73,6.73,6.72896132820409
20230809093553730,6.73,6.73,6.72896132820409
20230809093553980,6.73,6.73,6.72896132820409
20230809093553990,6.73,6.73,6.72896132820409
20230809093554220,6.73,6.73,6.728961538461538
20230809093554340,6.73,6.73,6.728961538461538
20230809093555820,6.73,6.73,6.728961538461538
20230809093556010,6.73,6.73,6.728961538461538
20230809093556310,6.73,6.73,6.728983838383838
20230809093556650,6.73,6.73,6.728983838383838
20230809093558680,6.73,6.73,6.728983838383838
20230809093558710,6.73,6.73,6.728990770465489
20230809093558760,6.73,6.73,6.728990770465489
20230809093559460,6.73,6.73,6.728994804156675
20230809093559490,6.73,6.73,6.728994804156675
20230809093601540,6.73,6.73,6.728994804156675
20230809093602170,6.73,6.73,6.728995607028754
20230809093602180,6.73,6.73,6.728995607028754
20230809093604040,6.73,6.73,6.728995607028754
20230809093604060,6.73,6.73,6.728996808934982
20230809093604070,6.73,6.73,6.728996808934982
20230809093604080,6.73,6.73,6.729008085190298
20230809093604090,6.73,6.73,6.729008085190298
20230809093604100,6.73,6.73,6.729008476246797
20230809093604840,6.73,6.73,6.729008476246797
20230809093604970,6.73,6.73,6.729008476246797
20230809093604990,6.73,6.73,6.729008476246797
20230809093605000,6.73,6.73,6.729014112112897
20230809093605010,6.73,6.73,6.729014691478942
20230809093605040,6.73,6.73,6.729033435818601
20230809093605070,6.73,6.73,6.729035104546327
20230809093605140,6.73,6.72,6.729067309475246
20230809093605150,6.73,6.72,6.729067309475246
20230809093607230,6.73,6.72,6.729067309475246
20230809093607240,6.73,6.72,6.729067309475246
20230809093607420,6.73,6.72,6.729067309475246
20230809093607820,6.73,6.72,6.729067309475246
20230809093609300,6.73,6.72,6.729067309475246
20230809093609630,6.73,6.72,6.729067309475246
20230809093612300,6.73,6.72,6.729067309475246
20230809093612650,6.73,6.72,6.729067309475246
20230809093612690,6.73,6.72,6.729067309475246
20230809093613150,6.73,6.72,6.729067309475246
20230809093613220,6.73,6.72,6.729067309475246
20230809093615200,6.73,6.72,6.729036429872496
20230809093615720,6.73,6.72,6.729036429872496
20230809093617720,6.73,6.72,6.729036429872496
20230809093617930,6.73,6.72,6.729036429872496
20230809093618640,6.73,6.72,6.7290320826536165
20230809093620160,6.73,6.72,6.729028809566951
20230809093620340,6.73,6.72,6.729028809566951
20230809093620900,6.73,6.72,6.729028809566951
20230809093623160,6.73,6.72,6.729028809566951
20230809093623340,6.73,6.72,6.729028809566951
20230809093623840,6.73,6.72,6.729028809566951
20230809093624000,6.73,6.72,6.729028809566951
20230809093626030,6.73,6.72,6.729028809566951
20230809093626270,6.73,6.72,6.729028809566951
20230809093628850,6.73,6.72,6.729028809566951
20230809093629260,6.73,6.72,6.729028809566951
20230809093629290,6.73,6.72,6.729028809566951
20230809093631080,6.73,6.72,6.729028809566951
20230809093631160,6.73,6.72,6.729028809566951
20230809093631400,6.73,6.72,6.729028809566951
20230809093634080,6.73,6.72,6.729028809566951
20230809093634100,6.73,6.72,6.729028809566951
20230809093634400,6.73,6.72,6.729028809566951
20230809093640130,6.73,6.72,6.729028809566951
20230809093642390,6.73,6.72,6.729028809566951
20230809093642740,6.73,6.72,6.729028809566951
20230809093644410,6.73,6.72,6.729028809566951
20230809093644480,6.73,6.72,6.729028809566951
20230809093644490,6.73,6.72,6.729028809566951
20230809093645070,6.73,6.72,6.729028809566951
20230809093645080,6.73,6.72,6.729028809566951
20230809093645490,6.73,6.72,6.729028809566951
20230809093645510,6.73,6.72,6.729028809566951
20230809093647160,6.73,6.72,6.729028809566951
20230809093650740,6.73,6.72,6.729028809566951
20230809093650760,6.73,6.72,6.729028809566951
20230809093651000,6.73,6.72,6.729028809566951
20230809093652570,6.73,6.72,6.729028809566951
20230809093653250,6.73,6.72,6.729028809566951
20230809093653420,6.73,6.72,6.729028809566951
20230809093653680,6.73,6.72,6.729028809566951
20230809093655670,6.73,6.72,6.729028809566951
20230809093656410,6.73,6.72,6.729028809566951
20230809093658060,6.73,6.72,6.729028809566951
20230809093658460,6.73,6.72,6.729028809566951
20230809093658570,6.73,6.72,6.729028809566951
20230809093658680,6.73,6.72,6.729004313443566
20230809093658850,6.73,6.72,6.729004313443566
20230809093659010,6.73,6.72,6.7290026954177895
20230809093659020,6.73,6.72,6.7290026954177895
20230809093700810,6.73,6.72,6.7290026954177895
20230809093701290,6.73,6.72,6.7290026954177895
20230809093701440,6.73,6.72,6.7290026954177895
20230809093701810,6.73,6.72,6.7290026954177895
20230809093703440,6.73,6.72,6.7290026954177895
20230809093703480,6.73,6.72,6.7290026954177895
20230809093703700,6.73,6.72,6.7290026954177895
20230809093704070,6.73,6.72,6.7290026954177895
20230809093706020,6.73,6.72,6.7290026954177895
20230809093706320,6.73,6.72,6.7290026954177895
20230809093706330,6.73,6.72,6.7290026954177895
20230809093706800,6.73,6.72,6.7290026954177895
20230809093707070,6.73,6.72,6.7290026954177895
20230809093708950,6.73,6.72,6.7290026954177895
20230809093709350,6.73,6.72,6.7290026954177895
20230809093709400,6.73,6.72,6.7290026954177895
20230809093709410,6.73,6.72,6.7290026954177895
20230809093709700,6.73,6.72,6.7290026954177895
20230809093709920,6.73,6.72,6.7290026954177895
20230809093712210,6.73,6.72,6.7290026954177895
20230809093712400,6.73,6.72,6.7290026954177895
20230809093716850,6.73,6.72,6.7290026954177895
20230809093716870,6.73,6.72,6.7290026954177895
20230809093717210,6.73,6.72,6.7290026954177895
20230809093717730,6.73,6.72,6.7290026954177895
20230809093717860,6.73,6.72,6.7290026954177895
20230809093717900,6.73,6.72,6.7290026954177895
20230809093719880,6.73,6.72,6.7290026954177895
20230809093719980,6.73,6.72,6.7290026954177895
20230809093720120,6.73,6.72,6.7290026954177895
20230809093720510,6.73,6.72,6.7290026954177895
20230809093722520,6.73,6.72,6.7290026954177895
20230809093722860,6.73,6.72,6.7290026954177895
20230809093722990,6.73,6.72,6.7290026954177895
20230809093724940,6.73,6.72,6.7290026954177895
20230809093725040,6.73,6.72,6.7290026954177895
20230809093728130,6.73,6.72,6.728978485219521
20230809093728270,6.73,6.72,6.728980980631652
20230809093728800,6.73,6.72,6.728980980631652
20230809093730370,6.73,6.72,6.728980980631652
20230809093730420,6.73,6.72,6.7289813361241935
20230809093730720,6.73,6.72,6.7289813361241935
20230809093730950,6.73,6.72,6.7289813361241935
20230809093731460,6.73,6.72,6.7289813361241935
20230809093733200,6.73,6.72,6.7289813361241935
20230809093733570,6.73,6.72,6.7289813361241935
20230809093734170,6.73,6.72,6.7289813361241935
20230809093734180,6.73,6.72,6.7289813361241935
20230809093735700,6.73,6.72,6.7289813361241935
20230809093735900,6.73,6.72,6.7289813361241935
20230809093735910,6.73,6.72,6.7289813361241935
20230809093736000,6.73,6.72,6.7289813361241935
20230809093736350,6.73,6.72,6.728903683209407
20230809093738430,6.73,6.72,6.728903683209407
20230809093738620,6.73,6.72,6.728903683209407
20230809093738860,6.73,6.72,6.728903683209407
20230809093739210,6.73,6.72,6.728903683209407
20230809093739450,6.73,6.72,6.728903683209407
20230809093739600,6.73,6.72,6.728903683209407
20230809093741120,6.73,6.72,6.728903683209407
20230809093742060,6.73,6.72,6.728903683209407
20230809093744110,6.73,6.72,6.728903683209407
20230809093744390,6.73,6.72,6.728904440988423
20230809093744870,6.73,6.72,6.72890952872377
20230809093746510,6.73,6.78,6.728910652920963
20230809093746700,6.73,6.78,6.728910652920963
20230809093746920,6.73,6.78,6.728910652920963
20230809093747700,6.73,6.78,6.728916054026329
20230809093747720,6.73,6.78,6.728916054026329
20230809093747730,6.73,6.78,6.728916054026329
20230809093749180,6.73,6.78,6.72891623931624
20230809093749320,6.73,6.78,6.72891623931624
20230809093749620,6.73,6.78,6.72891623931624
20230809093750140,6.73,6.78,6.72891623931624
20230809093750350,6.73,6.78,6.72891623931624
20230809093751950,6.73,6.78,6.72891623931624
20230809093751980,6.73,6.78,6.72891623931624
20230809093752030,6.73,6.78,6.728918088737202
20230809093752080,6.73,6.73,6.72891845786421
20230809093752260,6.73,6.73,6.728924329826943
20230809093752390,6.73,6.72,6.728927423447809
20230809093752720,6.73,6.72,6.728927423447809
20230809093754630,6.73,6.72,6.728927423447809
20230809093754780,6.73,6.73,6.728927423447809
20230809093754880,6.73,6.72,6.728936955063715
20230809093754890,6.73,6.72,6.728936955063715
20230809093754910,6.73,6.72,6.728936955063715
20230809093755040,6.73,6.72,6.728936955063715
20230809093755060,6.73,6.72,6.7288922255588925
20230809093755070,6.73,6.72,6.7288922255588925
20230809093755080,6.73,6.72,6.7288922255588925
20230809093755090,6.73,6.72,6.7288922255588925
20230809093755100,6.73,6.72,6.7288922255588925
20230809093755110,6.73,6.72,6.7288922255588925
20230809093755120,6.73,6.72,6.7288922255588925
20230809093755130,6.73,6.72,6.7288922255588925
20230809093755140,6.73,6.72,6.7288922255588925
20230809093755150,6.73,6.72,6.7288922255588925
20230809093755160,6.73,6.72,6.7288922255588925
20230809093755180,6.73,6.72,6.7288922255588925
20230809093755190,6.73,6.72,6.7288922255588925
20230809093755220,6.73,6.72,6.7288922255588925
20230809093755240,6.73,6.72,6.728890927284857
20230809093755250,6.73,6.72,6.728891297099033
20230809093755330,6.73,6.72,6.728893142476697
20230809093755360,6.73,6.72,6.728893142476697
20230809093755380,6.73,6.72,6.728893142476697
20230809093755510,6.73,6.72,6.728893326676651
20230809093755580,6.73,6.72,6.728893326676651
20230809093755800,6.73,6.72,6.728893878908849
20230809093755810,6.73,6.72,6.728893878908849
20230809093755820,6.73,6.72,6.728894981721502
20230809093758160,6.73,6.72,6.728894981721502
20230809093758260,6.73,6.72,6.728894981721502
20230809093800070,6.73,6.72,6.728894981721502
20230809093800400,6.73,6.72,6.728894981721502
20230809093800430,6.73,6.72,6.728894981721502
20230809093800660,6.73,6.72,6.728894981721502
20230809093800740,6.73,6.72,6.728894981721502
20230809093802800,6.73,6.72,6.728894981721502
20230809093803330,6.73,6.72,6.728894981721502
20230809093803340,6.73,6.72,6.728894981721502
20230809093803460,6.73,6.72,6.728894981721502
20230809093806210,6.73,6.72,6.728892940006629
20230809093808600,6.73,6.72,6.728892940006629
20230809093808910,6.73,6.72,6.728892940006629
20230809093809240,6.73,6.72,6.728892940006629
20230809093810780,6.73,6.72,6.728892940006629
20230809093810970,6.73,6.72,6.728892940006629
20230809093813720,6.73,6.72,6.728892940006629
20230809093813990,6.73,6.72,6.728892940006629
20230809093814090,6.73,6.72,6.728892940006629
20230809093814100,6.73,6.72,6.728892940006629
20230809093816260,6.73,6.72,6.728892940006629
20230809093817050,6.73,6.72,6.728855213309175
20230809093817080,6.73,6.72,6.728855213309175
20230809093819090,6.73,6.72,6.728855213309175
20230809093819180,6.73,6.72,6.728855213309175
20230809093820000,6.73,6.72,6.728855213309175
20230809093821710,6.73,6.72,6.728855213309175
20230809093821720,6.73,6.72,6.728855213309175
20230809093821960,6.73,6.72,6.728855213309175
20230809093822140,6.73,6.72,6.728855213309175
20230809093822310,6.73,6.72,6.728855213309175
20230809093825120,6.73,6.72,6.728855213309175
20230809093827180,6.73,6.72,6.728855213309175
20230809093827190,6.73,6.72,6.728855213309175
20230809093827360,6.73,6.72,6.728855213309175
20230809093828070,6.73,6.72,6.728855213309175
20230809093829910,6.73,6.72,6.728855213309175
20230809093830570,6.73,6.72,6.728855213309175
20230809093833220,6.73,6.72,6.728855213309175
20230809093835110,6.73,6.72,6.728855213309175
20230809093835130,6.73,6.72,6.7288319369147365
20230809093835140,6.73,6.72,6.7288319369147365
20230809093835150,6.73,6.72,6.7288319369147365
20230809093835510,6.73,6.72,6.7288319369147365
20230809093835520,6.73,6.72,6.7288319369147365
20230809093835580,6.73,6.72,6.7288319369147365
20230809093835760,6.73,6.72,6.7288319369147365
20230809093835790,6.73,6.72,6.7288319369147365
20230809093836100,6.73,6.72,6.7288319369147365
20230809093836190,6.73,6.72,6.7288145597638955
20230809093837870,6.73,6.72,6.7288145597638955
20230809093838230,6.73,6.72,6.7288145597638955
20230809093838240,6.73,6.72,6.7288145597638955
20230809093838950,6.73,6.72,6.7288145597638955
20230809093841070,6.73,6.72,6.7288145597638955
20230809093841130,6.73,6.72,6.7288087825659515
20230809093841680,6.73,6.72,6.7288087825659515
20230809093843170,6.73,6.72,6.7288087825659515
20230809093843420,6.73,6.72,6.7288087825659515
20230809093843570,6.73,6.72,6.7288087825659515
20230809093844040,6.73,6.72,6.7288087825659515
20230809093844120,6.73,6.72,6.7288087825659515
20230809093845970,6.73,6.72,6.728806873977087
20230809093846080,6.73,6.72,6.728806873977087
20230809093846260,6.73,6.72,6.728806873977087
20230809093846640,6.73,6.72,6.728786740692358
20230809093846760,6.73,6.72,6.728779572524066
20230809093847130,6.73,6.72,6.728779572524066
20230809093848660,6.73,6.72,6.728779572524066
20230809093848820,6.73,6.72,6.728779572524066
20230809093849060,6.73,6.72,6.728779572524066
20230809093849100,6.73,6.72,6.728775277234181
20230809093849180,6.73,6.72,6.728759563731076
20230809093849250,6.73,6.72,6.728759563731076
20230809093849580,6.73,6.72,6.728759563731076
20230809093849740,6.73,6.72,6.728759563731076
20230809093849760,6.73,6.72,6.728759563731076
20230809093851620,6.73,6.72,6.72873964593146
20230809093851630,6.73,6.72,6.72873964593146
20230809093852110,6.72,6.72,6.72873964593146
20230809093852170,6.72,6.72,6.728644176706827
20230809093852180,6.72,6.72,6.728644176706827
20230809093852320,6.72,6.72,6.728644176706827
20230809093854700,6.73,6.71,6.728119812886676
20230809093854710,6.73,6.71,6.728119812886676
20230809093854720,6.73,6.71,6.728119812886676
20230809093854840,6.73,6.72,6.728119812886676
20230809093855010,6.73,6.72,6.728119812886676
20230809093855080,6.73,6.71,6.727739155415111
20230809093855100,6.73,6.71,6.727739155415111
20230809093855110,6.73,6.71,6.727739155415111
20230809093857390,6.73,6.71,6.727739155415111
20230809093857400,6.73,6.71,6.727739155415111
20230809093859440,6.73,6.71,6.727705949656751
20230809093859450,6.73,6.71,6.727675213675214
20230809093859480,6.73,6.71,6.727666476949345
20230809093859520,6.73,6.71,6.727666476949345
20230809093859530,6.73,6.71,6.727666476949345
20230809093859580,6.72,6.71,6.727666476949345
20230809093859590,6.72,6.71,6.727666476949345
20230809093859650,6.72,6.71,6.727666476949345
20230809093859660,6.72,6.71,6.727666476949345
20230809093859680,6.72,6.71,6.727574600480837
20230809093859700,6.72,6.71,6.727574600480837
20230809093859800,6.72,6.71,6.727574600480837
20230809093859880,6.72,6.71,6.727573529411765
20230809093859970,6.72,6.71,6.727573529411765
20230809093859980,6.72,6.71,6.727573529411765
20230809093859990,6.72,6.71,6.727573529411765
20230809093900000,6.72,6.71,6.727573529411765
20230809093900030,6.72,6.71,6.727573529411765
20230809093900040,6.72,6.71,6.727573529411765
20230809093900070,6.72,6.71,6.727573529411765
20230809093900460,6.72,6.71,6.727573529411765
20230809093900470,6.72,6.71,6.727573529411765
20230809093900620,6.72,6.71,6.727573529411765
20230809093902090,6.72,6.71,6.727573529411765
20230809093902110,6.72,6.71,6.727573529411765
20230809093902150,6.72,6.71,6.727573529411765
20230809093902160,6.72,6.71,6.727573529411765
20230809093902170,6.72,6.71,6.727573529411765
20230809093902180,6.72,6.71,6.727573529411765
20230809093902500,6.72,6.71,6.727573529411765
20230809093903100,6.72,6.71,6.727573529411765
20230809093903170,6.72,6.72,6.727573529411765
20230809093904900,6.72,6.72,6.727573529411765
20230809093904920,6.72,6.72,6.727573529411765
20230809093905020,6.72,6.72,6.727573529411765
20230809093905030,6.72,6.72,6.727573529411765
20230809093905510,6.72,6.72,6.727573529411765
20230809093905630,6.72,6.72,6.727573529411765
20230809093905910,6.72,6.71,6.727573529411765
20230809093907620,6.72,6.71,6.727573529411765
20230809093908490,6.72,6.71,6.727573529411765
20230809093910250,6.72,6.71,6.727573529411765
20230809093911100,6.72,6.71,6.727573529411765
20230809093913090,6.72,6.71,6.727573529411765
20230809093913150,6.72,6.71,6.727573529411765
20230809093913590,6.72,6.71,6.727573529411765
20230809093913990,6.72,6.71,6.727573529411765
20230809093914080,6.72,6.71,6.727573529411765
20230809093915620,6.72,6.71,6.727573529411765
20230809093916060,6.72,6.71,6.727573529411765
20230809093916450,6.72,6.71,6.727573529411765
20230809093916540,6.72,6.71,6.727573529411765
20230809093918590,6.72,6.71,6.727573529411765
20230809093918660,6.72,6.71,6.727573529411765
20230809093918990,6.72,6.71,6.727573529411765
20230809093919060,6.72,6.71,6.727573529411765
20230809093921000,6.72,6.71,6.727573529411765
20230809093921150,6.72,6.71,6.727573529411765
20230809093921560,6.72,6.71,6.727573529411765
20230809093921650,6.72,6.71,6.727573529411765
20230809093921780,6.72,6.71,6.727573529411765
20230809093922060,6.72,6.71,6.727573529411765
20230809093923770,6.72,6.71,6.727573529411765
20230809093923790,6.72,6.71,6.727573529411765
20230809093923810,6.72,6.71,6.727573529411765
20230809093924250,6.72,6.71,6.727573529411765
20230809093924260,6.72,6.71,6.727573529411765
20230809093924280,6.72,6.71,6.727573529411765
20230809093924800,6.72,6.71,6.727573529411765
20230809093924830,6.72,6.71,6.727573529411765
20230809093926580,6.72,6.71,6.727573529411765
20230809093927000,6.72,6.71,6.727573529411765
20230809093927580,6.72,6.71,6.72720640569395
20230809093929170,6.72,6.71,6.72720640569395
20230809093929270,6.72,6.71,6.72720640569395
20230809093929690,6.72,6.71,6.72720640569395
20230809093932300,6.72,6.71,6.72720640569395
20230809093932340,6.72,6.71,6.72720640569395
20230809093932990,6.72,6.71,6.72720640569395
20230809093934600,6.72,6.71,6.72720640569395
20230809093934850,6.72,6.71,6.72720640569395
20230809093935540,6.72,6.71,6.72720640569395
20230809093937430,6.72,6.71,6.72720640569395
20230809093937520,6.72,6.71,6.72720640569395
20230809093937670,6.72,6.71,6.72720640569395
20230809093940720,6.72,6.71,6.72720640569395
20230809093940870,6.72,6.71,6.72720640569395
20230809093942760,6.72,6.71,6.72720640569395
20230809093942770,6.72,6.71,6.72720640569395
20230809093942970,6.72,6.71,6.72720640569395
20230809093943180,6.72,6.71,6.72720640569395
20230809093943220,6.72,6.71,6.72720640569395
20230809093943350,6.72,6.71,6.72720640569395
20230809093943670,6.72,6.71,6.72720640569395
20230809093945290,6.72,6.71,6.72720640569395
20230809093945320,6.72,6.71,6.72720640569395
20230809093945800,6.72,6.71,6.72720640569395
20230809093948520,6.72,6.71,6.72720640569395
20230809093948590,6.72,6.71,6.72720640569395
20230809093948650,6.72,6.71,6.72720640569395
20230809093948660,6.72,6.71,6.72720640569395
20230809093948680,6.72,6.71,6.72720640569395
20230809093948990,6.72,6.71,6.72720640569395
20230809093949020,6.72,6.71,6.72720640569395
20230809093949030,6.72,6.71,6.72720640569395
20230809093950770,6.72,6.71,6.72720640569395
20230809093950990,6.72,6.71,6.72720640569395
20230809093951310,6.72,6.71,6.72720640569395
20230809093951870,6.72,6.71,6.72720640569395
20230809093953430,6.72,6.71,6.72720640569395
20230809093953640,6.72,6.71,6.7269469145782805
20230809093953730,6.72,6.71,6.7269469145782805
20230809093954050,6.72,6.71,6.7269469145782805
20230809093954120,6.72,6.71,6.7269469145782805
20230809093954550,6.72,6.71,6.7269469145782805
20230809093956280,6.72,6.71,6.726649914032535
20230809093956850,6.72,6.71,6.7266097015906405
20230809093957080,6.72,6.71,6.7266097015906405
20230809093957280,6.72,6.71,6.7266097015906405
20230809093958810,6.72,6.71,6.7266097015906405
20230809093959060,6.72,6.71,6.7262038461538465
20230809093959070,6.72,6.71,6.7262038461538465
20230809093959790,6.72,6.71,6.7262038461538465
20230809094001810,6.72,6.71,6.7262038461538465
20230809094002410,6.72,6.71,6.7262038461538465
20230809094002580,6.72,6.71,6.7262038461538465
20230809094004160,6.72,6.71,6.7262038461538465
20230809094004180,6.72,6.71,6.7262038461538465
20230809094004200,6.72,6.71,6.726113092205807
20230809094004290,6.72,6.71,6.726113092205807
20230809094004320,6.72,6.71,6.726113092205807
20230809094004850,6.72,6.71,6.7261115355233
20230809094005160,6.72,6.71,6.7261115355233
20230809094005280,6.72,6.71,6.7261115355233
20230809094006910,6.72,6.71,6.7261115355233
20230809094007080,6.72,6.71,6.7261115355233
20230809094007130,6.72,6.71,6.7261115355233
20230809094007170,6.72,6.71,6.7261115355233
20230809094007210,6.72,6.71,6.7261115355233
20230809094007240,6.72,6.71,6.7261115355233
20230809094007440,6.72,6.71,6.7261115355233
20230809094007470,6.72,6.71,6.726085409252669
20230809094007680,6.72,6.71,6.726085409252669
20230809094007720,6.72,6.71,6.726085409252669
20230809094010170,6.72,6.71,6.726078456265076
20230809094012300,6.72,6.71,6.726078456265076
20230809094012350,6.72,6.71,6.726078456265076
20230809094012940,6.72,6.71,6.726078456265076
20230809094013160,6.72,6.71,6.726060759493671
20230809094013250,6.72,6.71,6.726060759493671
20230809094015780,6.72,6.71,6.726045454545455
20230809094016060,6.72,6.71,6.726045454545455
20230809094017770,6.72,6.71,6.726035547712089
20230809094017800,6.72,6.71,6.72603478699269
20230809094017910,6.72,6.71,6.72603478699269
20230809094020560,6.72,6.71,6.72603478699269
20230809094020660,6.72,6.71,6.726030986270311
20230809094020990,6.72,6.71,6.726030986270311
20230809094023490,6.72,6.71,6.726030986270311
20230809094024190,6.72,6.71,6.726030986270311
20230809094025780,6.72,6.71,6.726030986270311
20230809094026740,6.72,6.71,6.726030986270311
20230809094028930,6.72,6.71,6.726030986270311
20230809094029200,6.72,6.71,6.726030986270311
20230809094029710,6.72,6.71,6.726030986270311
20230809094031590,6.72,6.71,6.726030986270311
20230809094031600,6.72,6.71,6.726030986270311
20230809094031630,6.72,6.71,6.726030986270311
20230809094031650,6.72,6.71,6.726030986270311
20230809094031870,6.72,6.71,6.726030986270311
20230809094031940,6.72,6.71,6.726030986270311
20230809094034320,6.72,6.71,6.726030986270311
20230809094034350,6.72,6.71,6.726030986270311
20230809094034670,6.72,6.71,6.726030986270311
20230809094034710,6.72,6.71,6.726030986270311
20230809094035040,6.72,6.71,6.726030986270311
20230809094037310,6.72,6.71,6.726030986270311
20230809094039500,6.72,6.71,6.726030986270311
20230809094040230,6.72,6.71,6.726030986270311
20230809094042010,6.72,6.71,6.726030986270311
20230809094042120,6.72,6.71,6.726030986270311
20230809094042420,6.72,6.71,6.726030986270311
20230809094042470,6.72,6.71,6.726030986270311
20230809094043020,6.72,6.71,6.726030986270311
20230809094043190,6.72,6.71,6.726030986270311
20230809094044990,6.72,6.71,6.726030986270311
20230809094045230,6.72,6.71,6.726030986270311
20230809094045340,6.72,6.71,6.726030986270311
20230809094045830,6.72,6.71,6.726030986270311
20230809094048380,6.72,6.71,6.726030986270311
20230809094050990,6.72,6.71,6.726030986270311
20230809094053100,6.72,6.71,6.726030986270311
20230809094053220,6.72,6.71,6.726030986270311
20230809094055870,6.72,6.71,6.726030986270311
20230809094056100,6.72,6.71,6.726030986270311
20230809094056650,6.72,6.71,6.726030986270311
20230809094058430,6.72,6.71,6.726030986270311
20230809094058920,6.72,6.71,6.726030986270311
20230809094100960,6.72,6.71,6.726030986270311
20230809094101080,6.72,6.71,6.726030986270311
20230809094101570,6.72,6.71,6.726030986270311
20230809094101770,6.72,6.71,6.726030986270311
20230809094101790,6.72,6.71,6.726030986270311
20230809094102040,6.72,6.71,6.726030986270311
20230809094103580,6.72,6.71,6.726030986270311
20230809094103660,6.72,6.71,6.726030986270311
20230809094104190,6.72,6.71,6.726030986270311
20230809094104360,6.72,6.71,6.726030986270311
20230809094104700,6.72,6.71,6.726030986270311
20230809094106340,6.72,6.71,6.726030986270311
20230809094106590,6.72,6.71,6.726030986270311
20230809094107230,6.72,6.71,6.726030986270311
20230809094107280,6.72,6.71,6.726030986270311
20230809094107510,6.72,6.71,6.726030986270311
20230809094108970,6.72,6.71,6.726030986270311
20230809094109060,6.72,6.71,6.726030986270311
20230809094109210,6.72,6.71,6.726030986270311
20230809094109550,6.72,6.71,6.726030986270311
20230809094110100,6.72,6.71,6.72569703622393
20230809094111720,6.72,6.71,6.72569703622393
20230809094112140,6.72,6.71,6.72569703622393
20230809094112310,6.72,6.71,6.72569703622393
20230809094112540,6.72,6.71,6.72569703622393
20230809094112610,6.72,6.71,6.72569703622393
20230809094112690,6.72,6.71,6.72569703622393
20230809094112910,6.72,6.71,6.72569703622393
20230809094115050,6.72,6.71,6.72569703622393
20230809094117540,6.72,6.71,6.725666301569916
20230809094117920,6.72,6.71,6.725666301569916
20230809094118070,6.72,6.71,6.725660102115245
20230809094118160,6.72,6.71,6.725660102115245
20230809094120270,6.72,6.71,6.725660102115245
20230809094120700,6.72,6.71,6.725660102115245
20230809094120990,6.72,6.71,6.725660102115245
20230809094122460,6.72,6.71,6.725660102115245
20230809094122990,6.72,6.71,6.725660102115245
20230809094123090,6.72,6.71,6.725660102115245
20230809094123100,6.72,6.71,6.725660102115245
20230809094123170,6.72,6.71,6.725660102115245
20230809094123260,6.72,6.71,6.725660102115245
20230809094123270,6.72,6.71,6.725660102115245
20230809094123470,6.72,6.71,6.725660102115245
20230809094125480,6.72,6.71,6.725660102115245
20230809094125690,6.72,6.71,6.725660102115245
20230809094128000,6.73,6.73,6.725277574203004
20230809094128010,6.73,6.73,6.725310225618632
20230809094128030,6.73,6.73,6.725310225618632
20230809094128060,6.73,6.73,6.725310225618632
20230809094128070,6.73,6.73,6.725313636363636
20230809094128080,6.73,6.73,6.725315765561109
20230809094128090,6.73,6.73,6.725315765561109
20230809094128110,6.73,6.73,6.725316191168454
20230809094128120,6.73,6.73,6.725316191168454
20230809094128180,6.73,6.73,6.725330852319143
20230809094128240,6.73,6.73,6.725330852319143
20230809094128310,6.73,6.73,6.725330852319143
20230809094128370,6.73,6.73,6.725330852319143
20230809094128440,6.73,6.73,6.725330852319143
20230809094128580,6.73,6.73,6.725330852319143
20230809094130550,6.73,6.73,6.725330852319143
20230809094130970,6.73,6.73,6.725330852319143
20230809094131040,6.73,6.73,6.725330852319143
20230809094131050,6.73,6.73,6.725330852319143
20230809094131090,6.73,6.73,6.725332970422791
20230809094131150,6.73,6.73,6.725339620930443
20230809094131160,6.73,6.73,6.7253573045919754
20230809094131210,6.73,6.73,6.7253573045919754
20230809094131220,6.74,6.73,6.7253573045919754
20230809094131240,6.74,6.73,6.7253573045919754
20230809094131250,6.74,6.73,6.7253573045919754
20230809094131460,6.74,6.73,6.7253573045919754
20230809094131530,6.74,6.73,6.7253573045919754
20230809094131630,6.74,6.73,6.7253573045919754
20230809094131660,6.74,6.73,6.7253573045919754
20230809094131700,6.74,6.73,6.7253573045919754
20230809094131800,6.74,6.73,6.7253573045919754
20230809094133910,6.74,6.73,6.7253573045919754
20230809094134010,6.74,6.73,6.7253573045919754
20230809094134080,6.74,6.73,6.725418394950406
20230809094134110,6.74,6.73,6.725418394950406
20230809094135990,6.74,6.73,6.725418394950406
20230809094136030,6.74,6.73,6.725418394950406
20230809094136480,6.74,6.73,6.725418394950406
20230809094136500,6.74,6.73,6.725418394950406
20230809094136510,6.74,6.73,6.725418394950406
20230809094136550,6.74,6.73,6.725418394950406
20230809094136670,6.74,6.73,6.725418394950406
20230809094137150,6.74,6.73,6.725418394950406
20230809094138870,6.74,6.73,6.725418394950406
20230809094139020,6.74,6.73,6.725418394950406
20230809094139250,6.74,6.73,6.725422522522522
20230809094139340,6.74,6.73,6.725425819229384
20230809094141570,6.74,6.73,6.725425819229384
20230809094141600,6.74,6.73,6.725425819229384
20230809094141840,6.74,6.73,6.725450393982808
20230809094141890,6.74,6.73,6.725450393982808
20230809094141980,6.74,6.73,6.725474706091913
20230809094142010,6.74,6.73,6.7254775255896755
20230809094142020,6.74,6.73,6.725494369069788
20230809094142070,6.74,6.73,6.725683092608326
20230809094142080,6.73,6.73,6.725817418505104
20230809094142090,6.73,6.73,6.725817418505104
20230809094142110,6.73,6.73,6.725817418505104
20230809094142120,6.73,6.73,6.725817418505104
20230809094142130,6.73,6.73,6.725817418505104
20230809094142140,6.73,6.73,6.7258181069958844
20230809094142150,6.73,6.73,6.7258187952600395
20230809094142160,6.73,6.73,6.72581948329768
20230809094142170,6.73,6.73,6.725819827231592
20230809094142210,6.73,6.73,6.725820171108918
20230809094142220,6.73,6.73,6.72582051492967
20230809094142450,6.73,6.73,6.725819078947368
20230809094142550,6.73,6.73,6.725818600444042
20230809094144070,6.73,6.73,6.725818600444042
20230809094144200,6.73,6.73,6.725818600444042
20230809094144280,6.73,6.73,6.725818600444042
20230809094144350,6.73,6.73,6.725818600444042
20230809094144640,6.73,6.73,6.725818600444042
20230809094144650,6.73,6.73,6.725818600444042
20230809094144670,6.73,6.73,6.725818600444042
20230809094144740,6.73,6.73,6.725818600444042
20230809094144980,6.73,6.73,6.725818600444042
20230809094145060,6.73,6.73,6.725818600444042
20230809094145070,6.73,6.73,6.725818600444042
20230809094145100,6.73,6.73,6.725818600444042
20230809094145210,6.73,6.73,6.725818600444042
20230809094147040,6.73,6.73,6.725827863472268
20230809094147520,6.73,6.73,6.725827863472268
20230809094149530,6.73,6.73,6.725827863472268
20230809094150000,6.73,6.73,6.725827863472268
20230809094150480,6.73,6.73,6.725827863472268
20230809094152410,6.73,6.73,6.725834698558322
20230809094152970,6.73,6.73,6.725834698558322
20230809094155820,6.73,6.73,6.725834698558322
20230809094156010,6.73,6.73,6.725834698558322
20230809094157690,6.73,6.73,6.725834698558322
20230809094157840,6.73,6.73,6.725834698558322
20230809094157930,6.73,6.73,6.725834698558322
20230809094158090,6.73,6.73,6.725835039724793
20230809094158180,6.73,6.73,6.725835039724793
20230809094158570,6.73,6.73,6.725835039724793
20230809094158680,6.73,6.73,6.725835039724793
20230809094158720,6.73,6.73,6.725835039724793
20230809094200460,6.73,6.73,6.725825496769973
20230809094200480,6.73,6.73,6.725825496769973
20230809094200730,6.73,6.73,6.725825496769973
20230809094201490,6.73,6.73,6.725825496769973
20230809094203550,6.73,6.73,6.725825496769973
20230809094204180,6.73,6.73,6.725825496769973
20230809094205720,6.73,6.73,6.725825496769973
20230809094205990,6.73,6.73,6.725825496769973
20230809094206320,6.73,6.73,6.725825496769973
20230809094206350,6.73,6.73,6.725825496769973
20230809094209070,6.73,6.73,6.725825496769973
20230809094209380,6.73,6.73,6.725825496769973
20230809094211200,6.73,6.73,6.725825496769973
20230809094211260,6.73,6.73,6.725825496769973
20230809094211700,6.73,6.73,6.725825496769973
20230809094211710,6.73,6.73,6.725825496769973
20230809094212260,6.73,6.73,6.725828566759274
20230809094212270,6.73,6.73,6.725828566759274
20230809094214100,6.73,6.73,6.725828566759274
20230809094214110,6.73,6.73,6.725828566759274
20230809094214330,6.73,6.73,6.725829929750041
20230809094214380,6.73,6.73,6.725829929750041
20230809094214410,6.73,6.73,6.725829929750041
20230809094217260,6.73,6.73,6.725829929750041
20230809094217480,6.73,6.73,6.725829929750041
20230809094217650,6.73,6.73,6.725829929750041
20230809094219200,6.73,6.73,6.725829929750041
20230809094219490,6.73,6.73,6.725829929750041
20230809094219680,6.73,6.73,6.725829929750041
20230809094219840,6.73,6.73,6.725829929750041
20230809094220160,6.73,6.73,6.725829929750041
20230809094221900,6.73,6.73,6.725829929750041
20230809094221950,6.73,6.73,6.725829929750041
20230809094222090,6.73,6.73,6.725829929750041
20230809094222100,6.73,6.73,6.725829929750041
20230809094222670,6.73,6.73,6.725829929750041
20230809094222680,6.73,6.73,6.725829929750041
20230809094222690,6.73,6.73,6.725855899812963
20230809094223020,6.73,6.73,6.725855899812963
20230809094225070,6.73,6.73,6.725855899812963
20230809094225160,6.73,6.73,6.725855899812963
20230809094227900,6.73,6.73,6.725855899812963
20230809094228020,6.73,6.73,6.725855899812963
20230809094228140,6.73,6.73,6.725855899812963
20230809094230130,6.73,6.73,6.725855899812963
20230809094230330,6.73,6.73,6.725855899812963
20230809094230490,6.73,6.73,6.725855899812963
20230809094230720,6.73,6.73,6.725875293926863
20230809094230740,6.73,6.73,6.725875293926863
20230809094230760,6.73,6.73,6.725875293926863
20230809094230980,6.73,6.73,6.725876439111399
20230809094231090,6.73,6.73,6.725876439111399
20230809094231110,6.73,6.73,6.725876439111399
20230809094231120,6.73,6.73,6.725876439111399
20230809094231130,6.73,6.73,6.725876439111399
20230809094231140,6.73,6.73,6.725876439111399
20230809094231160,6.73,6.73,6.725876439111399
20230809094232930,6.73,6.73,6.725876439111399
20230809094233000,6.73,6.73,6.725876439111399
20230809094233900,6.73,6.73,6.725876439111399
20230809094235590,6.73,6.73,6.725876439111399
20230809094235620,6.73,6.73,6.725876439111399
20230809094236300,6.73,6.73,6.725876439111399
20230809094236340,6.73,6.73,6.725876439111399
20230809094236390,6.74,6.72,6.725876439111399
20230809094238430,6.74,6.72,6.725876439111399
20230809094238470,6.74,6.72,6.725876439111399
20230809094241010,6.74,6.72,6.725876439111399
20230809094241020,6.74,6.72,6.725876439111399
20230809094241060,6.74,6.72,6.725876439111399
20230809094241110,6.74,6.73,6.725876439111399
20230809094241240,6.74,6.73,6.725876439111399
20230809094241270,6.74,6.73,6.725876439111399
20230809094241280,6.74,6.73,6.725876439111399
20230809094241350,6.74,6.73,6.725876439111399
20230809094241510,6.73,6.73,6.725938997125519
20230809094243500,6.73,6.73,6.725938997125519
20230809094243520,6.73,6.73,6.725938997125519
20230809094243620,6.73,6.73,6.725938997125519
20230809094243720,6.73,6.73,6.725938997125519
20230809094243740,6.73,6.73,6.725938997125519
20230809094244270,6.73,6.73,6.725939321357285
20230809094244380,6.73,6.73,6.726034307992203
20230809094244400,6.73,6.73,6.726034307992203
20230809094244410,6.73,6.73,6.726034307992203
20230809094244440,6.73,6.73,6.726034307992203
20230809094244660,6.73,6.73,6.726034307992203
20230809094246320,6.73,6.73,6.726034307992203
20230809094249120,6.73,6.73,6.726034307992203
20230809094249130,6.73,6.73,6.726034307992203
20230809094249770,6.73,6.73,6.726034307992203
20230809094251880,6.73,6.73,6.726034307992203
20230809094254560,6.73,6.73,6.726034307992203
20230809094254920,6.73,6.73,6.726034307992203
20230809094255140,6.73,6.73,6.726034307992203
20230809094257180,6.73,6.73,6.726040174400499
20230809094258010,6.73,6.73,6.726040174400499
20230809094258080,6.73,6.73,6.726040174400499
20230809094258100,6.73,6.73,6.726040790907676
20230809094259680,6.73,6.73,6.726040790907676
20230809094259950,6.73,6.73,6.726040790907676
20230809094302350,6.75,6.74,6.7271639226914814
20230809094302370,6.75,6.74,6.7271639226914814
20230809094302390,6.75,6.74,6.727365602761925
20230809094302410,6.75,6.74,6.727365602761925
20230809094302420,6.75,6.74,6.727365602761925
20230809094302540,6.75,6.74,6.727365602761925
20230809094302560,6.75,6.74,6.727365602761925
20230809094302630,6.75,6.74,6.727366492884317
20230809094302660,6.75,6.74,6.727366492884317
20230809094302670,6.75,6.74,6.727366492884317
20230809094303020,6.75,6.74,6.727366492884317
20230809094303140,6.75,6.74,6.727366492884317
20230809094303380,6.75,6.74,6.727366492884317
20230809094303440,6.75,6.74,6.727366492884317
20230809094303460,6.75,6.74,6.727366492884317
20230809094305040,6.75,6.74,6.727366492884317
20230809094305200,6.75,6.74,6.727366492884317
20230809094305610,6.75,6.74,6.727366492884317
20230809094305990,6.75,6.74,6.727366492884317
20230809094307810,6.75,6.74,6.727366492884317
20230809094308390,6.75,6.74,6.727366492884317
20230809094308440,6.75,6.74,6.727366492884317
20230809094308450,6.75,6.74,6.727366492884317
20230809094308680,6.75,6.74,6.727366492884317
20230809094310460,6.75,6.74,6.727366492884317
20230809094310620,6.75,6.74,6.727366492884317
20230809094310800,6.75,6.74,6.727366492884317
20230809094311350,6.75,6.74,6.727366492884317
20230809094313170,6.74,6.74,6.727366492884317
20230809094316060,6.74,6.74,6.727366492884317
20230809094316160,6.75,6.74,6.727366492884317
20230809094316460,6.75,6.74,6.727366492884317
20230809094316490,6.75,6.74,6.727366492884317
20230809094316600,6.74,6.74,6.727366492884317
20230809094316810,6.74,6.74,6.727366492884317
20230809094318770,6.74,6.74,6.727366492884317
20230809094319440,6.74,6.74,6.727366492884317
20230809094319530,6.74,6.74,6.727424519028227
20230809094321410,6.74,6.74,6.727424519028227
20230809094321550,6.74,6.74,6.727424519028227
20230809094321640,6.74,6.74,6.727424519028227
20230809094321660,6.74,6.74,6.727424519028227
20230809094321670,6.74,6.74,6.727424519028227
20230809094322060,6.74,6.74,6.727424519028227
20230809094322260,6.75,6.74,6.727424519028227
20230809094322270,6.75,6.74,6.728502279001091
20230809094322280,6.75,6.74,6.728502279001091
20230809094322300,6.75,6.74,6.728502279001091
20230809094322320,6.75,6.74,6.728502279001091
20230809094322330,6.75,6.74,6.728502279001091
20230809094322350,6.75,6.74,6.728502279001091
20230809094322390,6.75,6.74,6.728502279001091
20230809094322450,6.75,6.74,6.728502279001091
20230809094322480,6.75,6.74,6.728502279001091
20230809094323990,6.75,6.74,6.728502279001091
20230809094324100,6.75,6.74,6.728502279001091
20230809094324880,6.75,6.74,6.728531446138081
20230809094325050,6.75,6.74,6.728531446138081
20230809094325100,6.75,6.74,6.728531446138081
20230809094327050,6.75,6.74,6.728531446138081
20230809094327210,6.75,6.74,6.728531446138081
20230809094327310,6.75,6.74,6.728531446138081
20230809094327470,6.75,6.74,6.728531446138081
20230809094327670,6.75,6.74,6.728531446138081
20230809094327800,6.75,6.74,6.728531446138081
20230809094327870,6.75,6.74,6.728531446138081
20230809094329420,6.75,6.74,6.728531446138081
20230809094330050,6.75,6.74,6.728531446138081
20230809094330200,6.76,6.74,6.729198883028235
20230809094330230,6.76,6.74,6.729198883028235
20230809094330240,6.76,6.74,6.7292837278289355
20230809094330250,6.76,6.74,6.729461430059432
20230809094330260,6.76,6.74,6.729461430059432
20230809094330290,6.76,6.74,6.729461430059432
20230809094330310,6.76,6.74,6.729461430059432
20230809094330320,6.76,6.74,6.729461430059432
20230809094330340,6.76,6.74,6.729657118582352
20230809094330540,6.76,6.74,6.729658353055404
20230809094330570,6.76,6.74,6.729668223448778
20230809094332150,6.76,6.74,6.729668223448778
20230809094332160,6.76,6.74,6.729668223448778
20230809094332210,6.76,6.74,6.729668223448778
20230809094332380,6.76,6.74,6.729668223448778
20230809094332390,6.76,6.74,6.729668223448778
20230809094332430,6.76,6.74,6.729668223448778
20230809094332500,6.76,6.74,6.729668223448778
20230809094332670,6.76,6.74,6.729668223448778
20230809094332990,6.76,6.74,6.729668223448778
20230809094333110,6.76,6.74,6.729668223448778
20230809094333300,6.76,6.74,6.729668223448778
20230809094334830,6.76,6.75,6.729668223448778
20230809094334960,6.76,6.75,6.729668223448778
20230809094335030,6.76,6.75,6.729668223448778
20230809094335080,6.76,6.75,6.729668223448778
20230809094335310,6.76,6.75,6.729668223448778
20230809094335370,6.76,6.75,6.729668223448778
20230809094335540,6.76,6.75,6.729668223448778
20230809094335560,6.76,6.75,6.729668223448778
20230809094335660,6.76,6.75,6.729668223448778
20230809094335920,6.76,6.75,6.729668223448778
20230809094335990,6.76,6.75,6.729668223448778
20230809094338020,6.76,6.75,6.729668223448778
20230809094338530,6.76,6.75,6.729668223448778
20230809094340480,6.76,6.75,6.729668223448778
20230809094340670,6.76,6.75,6.729668223448778
20230809094340840,6.76,6.75,6.729668223448778
20230809094340940,6.76,6.76,6.729668223448778
20230809094341030,6.76,6.75,6.730020299719386
20230809094341150,6.76,6.75,6.730020299719386
20230809094341290,6.76,6.75,6.730020299719386
20230809094342970,6.76,6.75,6.730020299719386
20230809094343170,6.76,6.75,6.730020299719386
20230809094343660,6.76,6.75,6.730020299719386
20230809094343770,6.76,6.75,6.730020299719386
20230809094344040,6.76,6.75,6.730020299719386
20230809094345750,6.76,6.75,6.730020299719386
20230809094346170,6.76,6.75,6.730020299719386
20230809094346600,6.76,6.75,6.730020299719386
20230809094348270,6.76,6.75,6.730110800023828
20230809094348290,6.76,6.75,6.730110800023828
20230809094348310,6.76,6.76,6.730110800023828
20230809094348980,6.76,6.76,6.730110800023828
20230809094349010,6.76,6.76,6.730110800023828
20230809094349120,6.76,6.76,6.730110800023828
20230809094351040,6.76,6.76,6.730110800023828
20230809094351120,6.77,6.76,6.730184326317041
20230809094353900,6.77,6.76,6.730184326317041
20230809094354240,6.77,6.76,6.730236342042756
20230809094354830,6.77,6.76,6.730236342042756
20230809094354840,6.77,6.76,6.730236342042756
20230809094356460,6.77,6.76,6.730236342042756
20230809094356840,6.77,6.76,6.730236342042756
20230809094356880,6.77,6.76,6.730248144850104
20230809094356910,6.77,6.76,6.730248144850104
20230809094356920,6.77,6.76,6.730248144850104
20230809094357040,6.77,6.76,6.730248144850104
20230809094359050,6.76,6.76,6.730248144850104
20230809094359070,6.76,6.76,6.730248144850104
20230809094359120,6.76,6.76,6.730248144850104
20230809094359150,6.76,6.76,6.730248144850104
20230809094359180,6.76,6.76,6.730248144850104
20230809094359310,6.76,6.76,6.730248144850104
20230809094359520,6.76,6.76,6.730248144850104
20230809094359560,6.76,6.76,6.730248144850104
20230809094400040,6.76,6.76,6.730248144850104
20230809094400050,6.76,6.76,6.730248144850104
20230809094400060,6.76,6.76,6.730248144850104
20230809094400130,6.76,6.76,6.730248144850104
20230809094400140,6.76,6.75,6.730311592915112
20230809094400190,6.76,6.75,6.730311592915112
20230809094401820,6.76,6.75,6.730311592915112
20230809094401970,6.76,6.75,6.730311592915112
20230809094401980,6.76,6.75,6.730311592915112
20230809094402010,6.76,6.75,6.730311592915112
20230809094402110,6.76,6.75,6.730311592915112
20230809094402180,6.76,6.75,6.730831102316378
20230809094402370,6.76,6.75,6.730831102316378
20230809094402750,6.76,6.75,6.730831102316378
20230809094402880,6.76,6.75,6.730831102316378
20230809094404690,6.76,6.75,6.730831102316378
20230809094405090,6.76,6.75,6.730831102316378
20230809094405210,6.76,6.75,6.730831102316378
20230809094405220,6.76,6.75,6.730831102316378
20230809094405320,6.76,6.75,6.730831102316378
20230809094407270,6.76,6.75,6.730831102316378
20230809094407330,6.76,6.75,6.730831102316378
20230809094407380,6.76,6.75,6.730831102316378
20230809094407440,6.76,6.75,6.730831102316378
20230809094408310,6.76,6.75,6.730831102316378
20230809094410080,6.76,6.75,6.730831102316378
20230809094410170,6.76,6.75,6.730831102316378
20230809094410210,6.76,6.75,6.730831102316378
20230809094410310,6.76,6.75,6.730831102316378
20230809094410750,6.76,6.75,6.730831102316378
20230809094410980,6.76,6.75,6.730831102316378
20230809094412640,6.75,6.75,6.730831102316378
20230809094412690,6.75,6.75,6.730831102316378
20230809094412750,6.75,6.75,6.730831102316378
20230809094413230,6.75,6.75,6.730831102316378
20230809094415270,6.75,6.75,6.730831102316378
20230809094415280,6.75,6.75,6.730831102316378
20230809094415720,6.75,6.75,6.730831102316378
20230809094416060,6.75,6.75,6.730831102316378
20230809094416070,6.75,6.75,6.730831102316378
20230809094416090,6.75,6.75,6.730831102316378
20230809094416110,6.76,6.75,6.730925163758623
20230809094416240,6.76,6.75,6.730925163758623
20230809094416270,6.76,6.75,6.730925163758623
20230809094416430,6.76,6.75,6.730925163758623
20230809094418110,6.76,6.75,6.730925163758623
20230809094418420,6.76,6.75,6.730925163758623
20230809094418790,6.76,6.75,6.730941428654192
20230809094419070,6.76,6.75,6.730941428654192
20230809094419090,6.76,6.75,6.730941428654192
20230809094421000,6.76,6.75,6.730941428654192
20230809094421270,6.76,6.75,6.73095657209033
20230809094421480,6.75,6.75,6.731061844984453
20230809094421840,6.75,6.75,6.731071654676259
20230809094426110,6.75,6.75,6.731071654676259
20230809094427120,6.75,6.75,6.731071654676259
20230809094428940,6.75,6.75,6.731071654676259
20230809094429200,6.75,6.75,6.731071654676259
20230809094429220,6.75,6.75,6.731071654676259
20230809094429380,6.75,6.75,6.731099936785243
20230809094429390,6.75,6.75,6.731099936785243
20230809094429690,6.75,6.75,6.731099936785243
20230809094429710,6.75,6.75,6.731099936785243
20230809094429720,6.75,6.75,6.731126356277628
20230809094429910,6.76,6.75,6.731141266926785
20230809094431440,6.76,6.75,6.731141266926785
20230809094431450,6.76,6.75,6.731141266926785
20230809094431520,6.76,6.75,6.731141266926785
20230809094431800,6.76,6.75,6.731141266926785
20230809094431810,6.76,6.75,6.731141266926785
20230809094432060,6.76,6.75,6.731141266926785
20230809094432290,6.76,6.75,6.731141266926785
20230809094434410,6.76,6.74,6.731181318681319
20230809094434430,6.76,6.74,6.731181318681319
20230809094434700,6.75,6.74,6.731181318681319
20230809094437230,6.75,6.74,6.731181318681319
20230809094437240,6.75,6.74,6.731181318681319
20230809094437300,6.75,6.74,6.731181318681319
20230809094437750,6.75,6.74,6.731181318681319
20230809094440090,6.75,6.74,6.731181318681319
20230809094440100,6.75,6.74,6.731181318681319
20230809094440130,6.75,6.74,6.731181318681319
20230809094440140,6.75,6.74,6.731181318681319
20230809094440230,6.75,6.74,6.731181318681319
20230809094440460,6.75,6.74,6.731196546992911
20230809094440470,6.75,6.74,6.731196546992911
20230809094442480,6.75,6.74,6.731196546992911
20230809094443050,6.75,6.74,6.731196546992911
20230809094443100,6.75,6.74,6.731196546992911
20230809094443220,6.75,6.74,6.731196546992911
20230809094445080,6.75,6.74,6.731441671761241
20230809094445330,6.75,6.74,6.731441671761241
20230809094445490,6.75,6.74,6.7314440493388155
20230809094445550,6.75,6.74,6.731445
20230809094445760,6.75,6.74,6.731445
20230809094445770,6.75,6.74,6.731445
20230809094446080,6.75,6.74,6.731449275362319
20230809094446100,6.75,6.74,6.7314530720985735
20230809094447710,6.75,6.74,6.7314530720985735
20230809094448310,6.75,6.74,6.7314530720985735
20230809094448800,6.75,6.74,6.7314530720985735
20230809094448860,6.75,6.74,6.7314530720985735
20230809094450590,6.75,6.74,6.7314530720985735
20230809094450670,6.75,6.74,6.7314530720985735
20230809094450970,6.75,6.74,6.7314530720985735
20230809094450990,6.75,6.74,6.7314530720985735
20230809094451390,6.75,6.74,6.7314530720985735
20230809094453330,6.75,6.74,6.7314530720985735
20230809094453560,6.75,6.74,6.7314530720985735
20230809094454030,6.75,6.74,6.7314530720985735
20230809094454260,6.75,6.74,6.7314530720985735
20230809094456000,6.75,6.74,6.7314530720985735
20230809094456540,6.75,6.74,6.7314530720985735
20230809094458420,6.75,6.74,6.7314530720985735
20230809094458440,6.75,6.74,6.7314530720985735
20230809094459050,6.75,6.74,6.7314530720985735
20230809094459370,6.75,6.74,6.7314530720985735
20230809094459560,6.75,6.74,6.7314530720985735
20230809094459600,6.75,6.74,6.7314530720985735
20230809094501220,6.75,6.74,6.7314530720985735
20230809094501960,6.75,6.74,6.7314530720985735
20230809094503960,6.75,6.74,6.7314530720985735
20230809094504060,6.75,6.74,6.7314530720985735
20230809094504070,6.75,6.74,6.7314530720985735
20230809094504180,6.75,6.74,6.7314530720985735
20230809094504300,6.75,6.74,6.7314530720985735
20230809094504600,6.75,6.74,6.7314530720985735
20230809094504640,6.75,6.74,6.7314530720985735
20230809094504650,6.75,6.74,6.7314530720985735
20230809094506590,6.75,6.74,6.7314530720985735
20230809094507060,6.75,6.74,6.7314530720985735
20230809094507070,6.75,6.74,6.7314530720985735
20230809094507330,6.75,6.74,6.7314530720985735
20230809094507430,6.75,6.74,6.7314530720985735
20230809094509700,6.74,6.74,6.73157834290402
20230809094509710,6.74,6.74,6.731585245901639
20230809094509720,6.74,6.74,6.731585245901639
20230809094509730,6.74,6.74,6.731585245901639
20230809094509740,6.74,6.74,6.731585245901639
20230809094509770,6.74,6.74,6.731585245901639
20230809094509970,6.74,6.74,6.731585245901639
20230809094510060,6.74,6.74,6.731585245901639
20230809094510070,6.74,6.74,6.731580065359477
20230809094510080,6.74,6.74,6.731580065359477
20230809094510090,6.74,6.74,6.731580065359477
20230809094510100,6.74,6.74,6.731580065359477
20230809094510130,6.74,6.74,6.731580065359477
20230809094510320,6.74,6.74,6.731580065359477
20230809094510340,6.74,6.74,6.731580065359477
20230809094510450,6.74,6.74,6.731580065359477
20230809094512560,6.74,6.74,6.731580065359477
20230809094512570,6.74,6.74,6.731579635175605
20230809094512590,6.74,6.74,6.731579635175605
20230809094512630,6.74,6.74,6.731579635175605
20230809094512760,6.74,6.74,6.731579635175605
20230809094513080,6.74,6.74,6.731579549166939
20230809094513100,6.74,6.74,6.731579549166939
20230809094513110,6.74,6.74,6.731579549166939
20230809094513170,6.74,6.74,6.731579549166939
20230809094514990,6.74,6.74,6.731579549166939
20230809094515010,6.74,6.74,6.731579549166939
20230809094515040,6.74,6.74,6.731579549166939
20230809094515100,6.74,6.74,6.731579549166939
20230809094515440,6.74,6.74,6.731579549166939
20230809094515560,6.74,6.74,6.731579549166939
20230809094515740,6.74,6.74,6.731579549166939
20230809094517510,6.74,6.74,6.731579549166939
20230809094517700,6.74,6.74,6.731579549166939
20230809094517800,6.74,6.74,6.731579549166939
20230809094518390,6.74,6.74,6.731579549166939
20230809094520130,6.74,6.74,6.7316466124661245
20230809094522850,6.74,6.74,6.7316466124661245
20230809094522860,6.74,6.74,6.7316466124661245
20230809094522940,6.74,6.74,6.7316466124661245
20230809094523320,6.74,6.74,6.7316466124661245
20230809094523540,6.74,6.74,6.7316466124661245
20230809094525560,6.74,6.74,6.7316466124661245
20230809094525700,6.75,6.74,6.732444398787816
20230809094525710,6.75,6.74,6.732444398787816
20230809094525720,6.75,6.74,6.732444398787816
20230809094525760,6.75,6.74,6.732444398787816
20230809094525770,6.75,6.74,6.732444398787816
20230809094525810,6.75,6.74,6.732448004929903
20230809094525830,6.75,6.74,6.732448004929903
20230809094525930,6.75,6.74,6.732448004929903
20230809094525970,6.75,6.74,6.732448004929903
20230809094526000,6.75,6.74,6.732448004929903
20230809094526070,6.75,6.74,6.732448004929903
20230809094526080,6.75,6.74,6.732448004929903
20230809094526090,6.75,6.74,6.732448004929903
20230809094526220,6.75,6.74,6.732448004929903
20230809094526600,6.75,6.74,6.732448004929903
20230809094528150,6.74,6.74,6.732448004929903
20230809094528340,6.74,6.73,6.732428425878757
20230809094528920,6.74,6.73,6.732428425878757
20230809094528960,6.74,6.73,6.732428425878757
20230809094529220,6.74,6.73,6.732428425878757
20230809094531520,6.74,6.73,6.732428425878757
20230809094531530,6.74,6.73,6.732428425878757
20230809094531540,6.74,6.73,6.732428425878757
20230809094531810,6.74,6.73,6.732428425878757
20230809094532010,6.74,6.73,6.732428425878757
20230809094532060,6.74,6.73,6.732428425878757
20230809094533890,6.74,6.73,6.732428425878757
20230809094534080,6.74,6.73,6.732428425878757
20230809094534180,6.74,6.73,6.732428425878757
20230809094534240,6.74,6.73,6.732428425878757
20230809094534420,6.74,6.73,6.732428425878757
20230809094534630,6.74,6.73,6.732428425878757
20230809094536380,6.74,6.73,6.732428425878757
20230809094536430,6.74,6.73,6.732428425878757
20230809094536500,6.74,6.73,6.732428425878757
20230809094536600,6.74,6.73,6.732428425878757
20230809094536640,6.74,6.73,6.732428425878757
20230809094536800,6.74,6.73,6.732428425878757
20230809094536970,6.74,6.73,6.732428425878757
20230809094537040,6.74,6.73,6.732428425878757
20230809094537060,6.74,6.73,6.732428425878757
20230809094537080,6.74,6.73,6.732428425878757
20230809094537110,6.74,6.73,6.732428425878757
20230809094537220,6.74,6.73,6.732432308631922
20230809094537230,6.74,6.73,6.732432308631922
20230809094538980,6.75,6.74,6.732487635005552
20230809094538990,6.74,6.74,6.732502392585504
20230809094539010,6.74,6.74,6.732502392585504
20230809094539030,6.74,6.74,6.732502392585504
20230809094540160,6.74,6.74,6.732502392585504
20230809094540170,6.74,6.74,6.732502392585504
20230809094541680,6.73,6.74,6.732502392585504
20230809094542060,6.73,6.74,6.732502392585504
20230809094542390,6.73,6.72,6.732486418511066
20230809094542440,6.73,6.72,6.732486418511066
20230809094542600,6.73,6.72,6.732486418511066
20230809094542660,6.73,6.72,6.732486418511066
20230809094542840,6.73,6.72,6.732486418511066
20230809094544690,6.73,6.72,6.732486418511066
20230809094544800,6.74,6.73,6.732486418511066
20230809094544920,6.74,6.73,6.732486418511066
20230809094545400,6.74,6.73,6.732476884422111
20230809094545510,6.74,6.73,6.732476884422111
20230809094545550,6.74,6.73,6.732476884422111
20230809094547190,6.74,6.73,6.732476884422111
20230809094547350,6.74,6.73,6.732476884422111
20230809094549760,6.74,6.73,6.732476884422111
20230809094549770,6.74,6.73,6.732476884422111
20230809094549780,6.74,6.73,6.732476884422111
20230809094550250,6.74,6.73,6.732476884422111
20230809094550620,6.74,6.73,6.7324816711861
20230809094552800,6.74,6.73,6.7324816711861
20230809094552920,6.74,6.73,6.7324816711861
20230809094553130,6.74,6.73,6.7324816711861
20230809094553420,6.74,6.73,6.7324816711861
20230809094555290,6.74,6.73,6.7324816711861
20230809094555390,6.74,6.73,6.7324816711861
20230809094555710,6.74,6.73,6.7324816711861
20230809094555770,6.74,6.73,6.7324816711861
20230809094555830,6.74,6.73,6.7324816711861
20230809094557840,6.74,6.73,6.7324816711861
20230809094557940,6.74,6.73,6.7324816711861
20230809094558150,6.74,6.73,6.7324816711861
20230809094558280,6.73,6.73,6.7324816711861
20230809094558960,6.74,6.73,6.7324816711861
20230809094559010,6.74,6.73,6.7324816711861
20230809094600810,6.74,6.73,6.7324816711861
20230809094600920,6.74,6.73,6.7324816711861
20230809094601040,6.74,6.73,6.7324816711861
20230809094601620,6.74,6.73,6.7324816711861
20230809094603960,6.74,6.73,6.7324816711861
20230809094603970,6.74,6.73,6.7324816711861
20230809094604300,6.74,6.73,6.7324816711861
20230809094604350,6.74,6.73,6.7324816711861
20230809094605990,6.74,6.73,6.7324816711861
20230809094606180,6.74,6.73,6.7324816711861
20230809094606590,6.73,6.73,6.7324816711861
20230809094606740,6.73,6.73,6.7324816711861
20230809094607130,6.73,6.73,6.7324816711861
20230809094609030,6.73,6.73,6.7324816711861
20230809094609070,6.73,6.73,6.7324816711861
20230809094609490,6.73,6.73,6.7324706938694066
20230809094611460,6.73,6.73,6.7324706938694066
20230809094611500,6.73,6.73,6.7324706938694066
20230809094611560,6.73,6.73,6.732469585161548
20230809094612240,6.73,6.73,6.732467124925284
20230809094612450,6.73,6.73,6.732465896644429
20230809094614110,6.73,6.73,6.732465896644429
20230809094614390,6.73,6.73,6.732465896644429
20230809094614860,6.73,6.73,6.732465896644429
20230809094614920,6.73,6.73,6.732465896644429
20230809094617110,6.73,6.73,6.732465896644429
20230809094617130,6.73,6.73,6.732465896644429
20230809094617140,6.73,6.73,6.732465896644429
20230809094617570,6.73,6.73,6.732465896644429
20230809094619700,6.73,6.73,6.732465896644429
20230809094619860,6.73,6.73,6.732465896644429
20230809094620130,6.73,6.73,6.732465896644429
20230809094620140,6.73,6.73,6.732465896644429
20230809094620150,6.73,6.73,6.732465896644429
20230809094620170,6.73,6.73,6.732465896644429
20230809094622130,6.73,6.73,6.732465896644429
20230809094622150,6.73,6.72,6.732465896644429
20230809094622220,6.73,6.72,6.732465896644429
20230809094622370,6.73,6.73,6.732465896644429
20230809094622510,6.73,6.73,6.732465896644429
20230809094622810,6.73,6.73,6.732465896644429
20230809094623030,6.73,6.73,6.732465896644429
20230809094623210,6.73,6.73,6.732465896644429
20230809094624990,6.73,6.73,6.732465896644429
20230809094625080,6.73,6.73,6.732465896644429
20230809094625100,6.73,6.73,6.732465896644429
20230809094625170,6.73,6.73,6.732465896644429
20230809094625250,6.73,6.72,6.732465896644429
20230809094625260,6.73,6.72,6.732465896644429
20230809094625280,6.73,6.72,6.732460668023227
20230809094625300,6.73,6.72,6.732458837532236
20230809094625610,6.73,6.72,6.732458837532236
20230809094625750,6.73,6.72,6.732458837532236
20230809094625810,6.73,6.72,6.732458837532236
20230809094626050,6.73,6.73,6.732458837532236
20230809094628080,6.73,6.73,6.732458837532236
20230809094628270,6.73,6.73,6.7324796004154095
20230809094630330,6.73,6.73,6.7324796004154095
20230809094630360,6.73,6.73,6.7324796004154095
20230809094630900,6.73,6.73,6.7324796004154095
20230809094630920,6.73,6.73,6.7324796004154095
20230809094631070,6.73,6.73,6.7324796004154095
20230809094631100,6.74,6.73,6.7324818312157015
20230809094631280,6.74,6.73,6.7324818312157015
20230809094631410,6.74,6.73,6.7324818312157015
20230809094633220,6.74,6.73,6.7324818312157015
20230809094633600,6.74,6.73,6.7324818312157015
20230809094634040,6.74,6.73,6.7324818312157015
20230809094634150,6.74,6.73,6.7324818312157015
20230809094635910,6.74,6.73,6.7324818312157015
20230809094635990,6.74,6.73,6.7324818312157015
20230809094636490,6.74,6.73,6.732484929340844
20230809094638570,6.74,6.73,6.732484929340844
20230809094639030,6.74,6.73,6.732484561039474
20230809094639330,6.74,6.73,6.732484561039474
20230809094641130,6.74,6.73,6.732484315565874
20230809094643750,6.74,6.73,6.732484315565874
20230809094644020,6.74,6.73,6.732484315565874
20230809094644290,6.74,6.73,6.732484315565874
20230809094646480,6.74,6.73,6.732484315565874
20230809094646700,6.74,6.73,6.732484315565874
20230809094647130,6.74,6.73,6.73248618239242
20230809094647170,6.74,6.73,6.732486059708858
20230809094647360,6.74,6.73,6.732486059708858
20230809094647450,6.74,6.73,6.732485446472619
20230809094647670,6.74,6.73,6.732485446472619
20230809094649130,6.73,6.73,6.732485446472619
20230809094649200,6.73,6.73,6.732485446472619
20230809094649220,6.73,6.73,6.732485446472619
20230809094649230,6.73,6.73,6.732485446472619
20230809094649360,6.74,6.73,6.732485446472619
20230809094649380,6.73,6.73,6.732485446472619
20230809094649410,6.73,6.73,6.732485446472619
20230809094649610,6.73,6.73,6.732485446472619
20230809094649820,6.73,6.73,6.732485446472619
20230809094649920,6.73,6.73,6.732485446472619
20230809094650080,6.74,6.73,6.732485446472619
20230809094650110,6.74,6.73,6.7324800630107315
20230809094650170,6.74,6.73,6.732479940930347
20230809094650190,6.74,6.73,6.732479940930347
20230809094650240,6.74,6.73,6.732478842747491
20230809094652000,6.74,6.73,6.732478842747491
20230809094652070,6.73,6.73,6.732478842747491
20230809094652640,6.73,6.73,6.732478842747491
20230809094652990,6.73,6.73,6.732478842747491
20230809094654560,6.73,6.73,6.732478842747491
20230809094654620,6.73,6.73,6.732478842747491
20230809094654740,6.74,6.73,6.732502939447384
20230809094654770,6.74,6.73,6.732514674232048
20230809094654850,6.74,6.73,6.732514674232048
20230809094654880,6.74,6.73,6.732514674232048
20230809094654990,6.73,6.73,6.732514674232048
20230809094655040,6.73,6.73,6.732514674232048
20230809094655110,6.73,6.73,6.732514674232048
20230809094655540,6.73,6.73,6.732514674232048
20230809094655750,6.74,6.73,6.7325227161700045
20230809094655760,6.74,6.73,6.7325227161700045
20230809094657210,6.74,6.73,6.7325227161700045
20230809094657320,6.74,6.73,6.7325227161700045
20230809094657540,6.74,6.73,6.7325227161700045
20230809094657810,6.74,6.73,6.7325227161700045
20230809094700120,6.73,6.73,6.7325227161700045
20230809094700400,6.73,6.73,6.7325227161700045
20230809094700540,6.73,6.73,6.7325227161700045
20230809094700990,6.74,6.73,6.7325227161700045
20230809094703580,6.74,6.73,6.7325227161700045
20230809094703700,6.74,6.73,6.7325227161700045
20230809094705540,6.74,6.73,6.7325227161700045
20230809094705990,6.74,6.73,6.7325227161700045
20230809094706330,6.74,6.73,6.7325227161700045
20230809094708670,6.74,6.73,6.7325227161700045
20230809094709180,6.74,6.73,6.7325227161700045
20230809094710730,6.73,6.73,6.7325227161700045
20230809094710750,6.73,6.73,6.7325227161700045
20230809094711260,6.73,6.73,6.7325227161700045
20230809094714230,6.73,6.73,6.7325227161700045
20230809094716320,6.73,6.73,6.7325227161700045
20230809094716470,6.73,6.73,6.7325227161700045
20230809094716480,6.73,6.73,6.7325227161700045
20230809094716580,6.73,6.73,6.7325227161700045
20230809094716590,6.73,6.73,6.7325227161700045
20230809094719030,6.73,6.73,6.7325227161700045
20230809094719300,6.73,6.73,6.7325227161700045
20230809094721790,6.73,6.73,6.7325227161700045
20230809094724990,6.73,6.73,6.7325227161700045
20230809094727790,6.73,6.73,6.7325227161700045
20230809094729960,6.73,6.73,6.7325227161700045
20230809094730300,6.73,6.73,6.7325227161700045
20230809094730410,6.73,6.73,6.7325227161700045
20230809094730540,6.73,6.73,6.7325227161700045
20230809094733150,6.73,6.73,6.7325227161700045
20230809094733410,6.73,6.73,6.7325227161700045
20230809094735210,6.73,6.73,6.7325227161700045
20230809094735320,6.73,6.73,6.7325227161700045
20230809094735390,6.73,6.73,6.7325227161700045
20230809094735430,6.73,6.73,6.7325227161700045
20230809094735930,6.73,6.73,6.7325227161700045
20230809094735980,6.73,6.73,6.7325227161700045
20230809094736000,6.73,6.73,6.7325227161700045
20230809094736050,6.73,6.73,6.7325227161700045
20230809094740540,6.73,6.73,6.7325227161700045
20230809094741290,6.73,6.73,6.7325227161700045
20230809094741550,6.73,6.73,6.7325227161700045
20230809094746160,6.73,6.73,6.7325227161700045
20230809094746280,6.73,6.73,6.732465912387584
20230809094746620,6.73,6.73,6.732465912387584
20230809094746850,6.73,6.73,6.732370807542824
20230809094747010,6.73,6.73,6.732370807542824
20230809094748540,6.73,6.73,6.732370807542824
20230809094748840,6.73,6.73,6.732370807542824
20230809094749280,6.73,6.73,6.732338755980861
20230809094749300,6.73,6.73,6.732338755980861
20230809094751950,6.73,6.73,6.732338755980861
20230809094754470,6.73,6.73,6.732338755980861
20230809094754800,6.73,6.73,6.732338755980861
20230809094755000,6.73,6.73,6.732338755980861
20230809094756620,6.73,6.73,6.732338755980861
20230809094756750,6.73,6.73,6.732338755980861
20230809094757450,6.73,6.73,6.732338755980861
20230809094757810,6.73,6.73,6.732338755980861
20230809094800090,6.73,6.73,6.732338755980861
20230809094800210,6.73,6.73,6.732338755980861
20230809094802040,6.73,6.73,6.732338755980861
20230809094802090,6.73,6.73,6.732338755980861
20230809094802300,6.73,6.73,6.732338755980861
20230809094802920,6.73,6.73,6.732338755980861
20230809094803050,6.73,6.73,6.732338755980861
20230809094804910,6.73,6.73,6.732338755980861
20230809094805820,6.73,6.73,6.732338755980861
20230809094808300,6.73,6.73,6.732338755980861
20230809094810390,6.73,6.73,6.7323123037396515
20230809094811250,6.73,6.73,6.7323123037396515
20230809094813220,6.73,6.73,6.7323123037396515
20230809094813230,6.73,6.73,6.7323123037396515
20230809094813910,6.73,6.73,6.732312083729781
20230809094813920,6.73,6.73,6.732311973740545
20230809094815760,6.73,6.73,6.732311973740545
20230809094815820,6.73,6.73,6.732311973740545
20230809094815960,6.73,6.73,6.732311973740545
20230809094816140,6.73,6.73,6.732311973740545
20230809094816500,6.73,6.73,6.732311973740545
20230809094818570,6.73,6.73,6.732311973740545
20230809094819130,6.73,6.73,6.732311973740545
20230809094820920,6.73,6.73,6.732311973740545
20230809094820990,6.73,6.73,6.732311973740545
20230809094821290,6.73,6.73,6.732311753793464
20230809094821470,6.73,6.73,6.732311753793464
20230809094821500,6.73,6.73,6.732311753793464
20230809094822020,6.73,6.73,6.732311753793464
20230809094824420,6.73,6.73,6.732311753793464
20230809094824440,6.73,6.73,6.732311753793464
20230809094824460,6.73,6.73,6.732309887287773
20230809094824480,6.73,6.73,6.732309777439604
20230809094824500,6.73,6.73,6.732309667601883
20230809094826600,6.73,6.73,6.732309667601883
20230809094827430,6.73,6.73,6.732309667601883
20230809094827460,6.73,6.73,6.732309667601883
20230809094827500,6.73,6.73,6.732309667601883
20230809094829380,6.73,6.73,6.732309667601883
20230809094829440,6.73,6.73,6.732309667601883
20230809094830260,6.73,6.73,6.732309667601883
20230809094832400,6.73,6.73,6.732309667601883
20230809094834930,6.73,6.73,6.732309667601883
20230809094840170,6.73,6.73,6.732309667601883
20230809094840200,6.73,6.73,6.732309667601883
20230809094842500,6.73,6.73,6.732309667601883
20230809094842840,6.73,6.73,6.732309667601883
20230809094843210,6.73,6.73,6.732309667601883
20230809094843530,6.73,6.73,6.732309667601883
20230809094843740,6.73,6.73,6.732307473039099
20230809094845470,6.73,6.73,6.732307473039099
20230809094846040,6.73,6.73,6.732307473039099
20230809094848500,6.73,6.73,6.732307473039099
20230809094848520,6.73,6.73,6.732307473039099
20230809094848840,6.73,6.73,6.732307473039099
20230809094849170,6.73,6.73,6.732307473039099
20230809094851000,6.73,6.73,6.732307473039099
20230809094851080,6.73,6.73,6.732305719171575
20230809094851090,6.73,6.73,6.732296957326625
20230809094851100,6.73,6.73,6.732295206454675
20230809094851110,6.73,6.73,6.7322934560812415
20230809094851120,6.73,6.73,6.7322922894424675
20230809094851210,6.73,6.73,6.732285876885137
20230809094851250,6.73,6.73,6.732282964297568
20230809094851260,6.73,6.73,6.7322429111531195
20230809094851270,6.73,6.73,6.7322429111531195
20230809094851280,6.73,6.73,6.7322429111531195
20230809094851290,6.73,6.73,6.7322429111531195
20230809094851300,6.73,6.73,6.7322429111531195
20230809094851310,6.73,6.73,6.7322429111531195
20230809094851320,6.73,6.73,6.7322429111531195
20230809094851330,6.73,6.73,6.7322429111531195
20230809094851340,6.73,6.73,6.7322429111531195
20230809094851350,6.73,6.73,6.7322429111531195
20230809094851360,6.73,6.73,6.7322429111531195
20230809094851370,6.73,6.73,6.7322429111531195
20230809094851380,6.73,6.73,6.7322429111531195
20230809094851400,6.73,6.73,6.7322429111531195
20230809094851530,6.73,6.73,6.7322429111531195
20230809094851570,6.73,6.73,6.7322429111531195
20230809094853800,6.73,6.73,6.732170440665226
20230809094853950,6.73,6.73,6.732108436550596
20230809094856400,6.73,6.73,6.732107451530016
20230809094856460,6.73,6.73,6.7321034933682045
20230809094856790,6.73,6.73,6.732102362940132
20230809094857060,6.73,6.73,6.732102362940132
20230809094858730,6.73,6.73,6.732102362940132
20230809094858800,6.73,6.73,6.7320719209986954
20230809094859060,6.73,6.73,6.7320719209986954
20230809094859250,6.73,6.73,6.732069029677179
20230809094859540,6.73,6.73,6.732069029677179
20230809094901410,6.73,6.73,6.732069029677179
20230809094901480,6.73,6.73,6.732069029677179
20230809094901840,6.73,6.73,6.732069029677179
20230809094902170,6.73,6.73,6.731988171695236
20230809094902180,6.73,6.73,6.731988171695236
20230809094902350,6.73,6.73,6.731988171695236
20230809094902400,6.73,6.73,6.731988171695236
20230809094902590,6.73,6.73,6.731988171695236
20230809094904100,6.73,6.73,6.731977103817569
