Timestamp,ask1,bid1,VWAP
20230706093000080,6.35,7.31,0.0
20230706093000090,6.35,7.31,0.0
20230706093000100,6.35,7.31,0.0
20230706093000110,6.35,7.31,0.0
20230706093000120,6.6,6.88,0.0
20230706093000130,6.6,6.88,0.0
20230706093000140,6.6,6.88,0.0
20230706093000150,6.6,6.88,0.0
20230706093000160,6.6,6.88,0.0
20230706093000170,6.6,6.88,0.0
20230706093000180,6.66,6.67,0.0
20230706093000190,6.66,6.67,0.0
20230706093000210,6.66,6.66,0.0
20230706093000460,6.66,6.66,0.0
20230706093000470,6.66,6.67,0.0
20230706093000480,6.66,6.67,0.0
20230706093000490,6.66,6.67,0.0
20230706093000500,6.66,6.67,0.0
20230706093000520,6.66,6.67,0.0
20230706093000530,6.66,6.67,0.0
20230706093000540,6.66,6.67,0.0
20230706093000550,6.66,6.67,0.0
20230706093000560,6.66,6.67,0.0
20230706093000570,6.66,6.67,0.0
20230706093000580,6.66,6.67,0.0
20230706093000590,6.66,6.67,0.0
20230706093000610,6.66,6.67,0.0
20230706093000620,6.67,6.66,6.662007874015748
20230706093000630,6.67,6.66,6.662007874015748
20230706093000650,6.67,6.66,6.662007874015748
20230706093000680,6.67,6.66,6.662007874015748
20230706093000690,6.67,6.66,6.662007874015748
20230706093000700,6.67,6.66,6.662007874015748
20230706093000710,6.67,6.66,6.662007874015748
20230706093000730,6.67,6.66,6.662007874015748
20230706093000740,6.67,6.66,6.662007874015748
20230706093000770,6.67,6.66,6.662007874015748
20230706093000780,6.67,6.66,6.662007874015748
20230706093000790,6.67,6.66,6.662007874015748
20230706093000800,6.67,6.66,6.662007874015748
20230706093001440,6.67,6.66,6.662007874015748
20230706093001450,6.67,6.66,6.662007874015748
20230706093001510,6.67,6.66,6.662007874015748
20230706093001520,6.67,6.66,6.662007874015748
20230706093001530,6.67,6.66,6.662007874015748
20230706093001540,6.67,6.66,6.662007874015748
20230706093001560,6.67,6.66,6.661486880466472
20230706093001570,6.67,6.66,6.661486880466472
20230706093001600,6.67,6.66,6.661486880466472
20230706093001610,6.67,6.66,6.661486880466472
20230706093001630,6.67,6.66,6.661486880466472
20230706093001640,6.67,6.66,6.661486880466472
20230706093001660,6.67,6.66,6.661486880466472
20230706093001670,6.67,6.66,6.661486880466472
20230706093001690,6.67,6.66,6.661507246376812
20230706093001700,6.67,6.66,6.661507246376812
20230706093001710,6.67,6.66,6.661440443213296
20230706093001720,6.67,6.66,6.661440443213296
20230706093001730,6.67,6.66,6.661440443213296
20230706093001810,6.67,6.66,6.661440443213296
20230706093001820,6.67,6.66,6.661440443213296
20230706093001880,6.67,6.66,6.661440443213296
20230706093001920,6.67,6.66,6.661440443213296
20230706093001960,6.67,6.66,6.661440443213296
20230706093001970,6.67,6.66,6.661440443213296
20230706093001990,6.67,6.66,6.661440443213296
20230706093002000,6.67,6.66,6.661440443213296
20230706093002010,6.67,6.66,6.661440443213296
20230706093002020,6.67,6.66,6.661440443213296
20230706093002030,6.67,6.66,6.661440443213296
20230706093002040,6.67,6.66,6.661440443213296
20230706093002060,6.67,6.66,6.661440443213296
20230706093002070,6.67,6.66,6.661440443213296
20230706093002080,6.67,6.66,6.661440443213296
20230706093002100,6.67,6.66,6.661440443213296
20230706093002150,6.67,6.66,6.661440443213296
20230706093003360,6.67,6.66,6.661440443213296
20230706093003390,6.67,6.66,6.661440443213296
20230706093003420,6.67,6.66,6.661440443213296
20230706093003540,6.67,6.66,6.661440443213296
20230706093003560,6.67,6.66,6.661440443213296
20230706093003570,6.67,6.66,6.661440443213296
20230706093003620,6.67,6.66,6.661440443213296
20230706093003700,6.67,6.66,6.661440443213296
20230706093003730,6.67,6.66,6.661440443213296
20230706093003780,6.67,6.66,6.661440443213296
20230706093003830,6.67,6.66,6.661440443213296
20230706093003840,6.67,6.66,6.661440443213296
20230706093003870,6.67,6.66,6.661440443213296
20230706093003880,6.67,6.66,6.661440443213296
20230706093003910,6.67,6.66,6.661440443213296
20230706093003930,6.67,6.66,6.661440443213296
20230706093003960,6.67,6.66,6.66109126984127
20230706093003980,6.67,6.66,6.66109126984127
20230706093003990,6.67,6.66,6.66109126984127
20230706093004000,6.67,6.66,6.66109126984127
20230706093004020,6.67,6.66,6.66109126984127
20230706093004040,6.67,6.66,6.66109126984127
20230706093004080,6.67,6.66,6.66109126984127
20230706093004130,6.67,6.66,6.66109126984127
20230706093004210,6.67,6.66,6.66109126984127
20230706093004230,6.67,6.66,6.66109126984127
20230706093004240,6.67,6.66,6.66109126984127
20230706093004260,6.67,6.66,6.66109126984127
20230706093004270,6.67,6.66,6.66109126984127
20230706093004300,6.67,6.66,6.66109126984127
20230706093004390,6.67,6.66,6.66109126984127
20230706093004400,6.67,6.66,6.66109126984127
20230706093004420,6.67,6.66,6.66109126984127
20230706093004430,6.67,6.66,6.66109126984127
20230706093004450,6.67,6.66,6.66109126984127
20230706093004480,6.67,6.66,6.66109126984127
20230706093004660,6.67,6.66,6.66109126984127
20230706093004690,6.67,6.66,6.66109126984127
20230706093004700,6.67,6.66,6.66109126984127
20230706093007690,6.67,6.66,6.66109126984127
20230706093007930,6.67,6.66,6.66109126984127
20230706093007990,6.67,6.66,6.6609945750452075
20230706093008070,6.67,6.66,6.661010830324909
20230706093008080,6.67,6.66,6.661010830324909
20230706093008090,6.67,6.66,6.661010830324909
20230706093008210,6.67,6.66,6.661010830324909
20230706093008350,6.67,6.66,6.661027027027027
20230706093008390,6.67,6.66,6.661027027027027
20230706093008790,6.67,6.66,6.661027027027027
20230706093008880,6.67,6.66,6.661027027027027
20230706093008910,6.67,6.66,6.661027027027027
20230706093008930,6.67,6.66,6.661027027027027
20230706093008950,6.67,6.66,6.661027027027027
20230706093008960,6.67,6.66,6.661027027027027
20230706093009000,6.67,6.66,6.661027027027027
20230706093009010,6.67,6.66,6.661027027027027
20230706093009030,6.67,6.66,6.661027027027027
20230706093009040,6.67,6.66,6.661027027027027
20230706093009080,6.67,6.66,6.661027027027027
20230706093009090,6.67,6.66,6.661027027027027
20230706093009170,6.67,6.66,6.661027027027027
20230706093009230,6.67,6.66,6.661027027027027
20230706093009330,6.67,6.66,6.661027027027027
20230706093009610,6.67,6.66,6.661027027027027
20230706093009720,6.67,6.66,6.661027027027027
20230706093009930,6.67,6.66,6.661027027027027
20230706093010160,6.67,6.66,6.661027027027027
20230706093010190,6.67,6.66,6.661027027027027
20230706093010210,6.67,6.66,6.661027027027027
20230706093010280,6.67,6.66,6.661027027027027
20230706093010300,6.67,6.66,6.661027027027027
20230706093010310,6.67,6.66,6.661027027027027
20230706093010470,6.67,6.66,6.661091234347048
20230706093010660,6.67,6.66,6.661091234347048
20230706093010670,6.67,6.66,6.661091234347048
20230706093013930,6.67,6.66,6.660758706467662
20230706093013950,6.67,6.65,6.660655913978495
20230706093013960,6.67,6.65,6.660655913978495
20230706093014050,6.67,6.65,6.660655913978495
20230706093014410,6.67,6.66,6.660655913978495
20230706093014440,6.67,6.66,6.660655913978495
20230706093014460,6.66,6.65,6.660532286212915
20230706093014480,6.66,6.65,6.660532286212915
20230706093014490,6.66,6.65,6.660532286212915
20230706093014500,6.66,6.65,6.660532286212915
20230706093014510,6.66,6.65,6.660532286212915
20230706093014520,6.66,6.65,6.660532286212915
20230706093014560,6.66,6.65,6.660532286212915
20230706093014610,6.66,6.65,6.660532286212915
20230706093014640,6.66,6.65,6.660532286212915
20230706093014790,6.66,6.65,6.660532286212915
20230706093014800,6.66,6.65,6.660532286212915
20230706093014810,6.66,6.65,6.660532286212915
20230706093014900,6.66,6.65,6.660532286212915
20230706093014980,6.66,6.65,6.660532286212915
20230706093014990,6.66,6.65,6.660532286212915
20230706093015110,6.66,6.65,6.660532286212915
20230706093015190,6.66,6.65,6.660532286212915
20230706093015220,6.66,6.65,6.660468343451865
20230706093015230,6.66,6.65,6.660468343451865
20230706093015240,6.66,6.65,6.660468343451865
20230706093015250,6.66,6.65,6.660468343451865
20230706093015270,6.66,6.65,6.660468343451865
20230706093015280,6.66,6.65,6.660468343451865
20230706093015300,6.66,6.65,6.660468343451865
20230706093015320,6.66,6.65,6.660468343451865
20230706093015550,6.66,6.65,6.660468343451865
20230706093017170,6.66,6.65,6.660468343451865
20230706093017190,6.66,6.65,6.660396210163652
20230706093017210,6.66,6.65,6.660396210163652
20230706093017220,6.66,6.65,6.660396210163652
20230706093017230,6.66,6.65,6.660396210163652
20230706093018050,6.66,6.65,6.660211505922166
20230706093018180,6.66,6.65,6.660204582651391
20230706093018190,6.66,6.65,6.660204582651391
20230706093018200,6.66,6.65,6.660204582651391
20230706093018210,6.66,6.65,6.660204582651391
20230706093019850,6.66,6.65,6.660204582651391
20230706093019950,6.66,6.65,6.660204582651391
20230706093020330,6.66,6.65,6.660204582651391
20230706093020340,6.66,6.65,6.660204582651391
20230706093020680,6.66,6.65,6.660204582651391
20230706093020690,6.66,6.65,6.660204582651391
20230706093020720,6.66,6.65,6.660204582651391
20230706093020900,6.66,6.65,6.660204582651391
20230706093020980,6.66,6.65,6.660204582651391
20230706093022930,6.66,6.65,6.660203915171289
20230706093023610,6.66,6.65,6.660203748981255
20230706093025130,6.66,6.65,6.660203748981255
20230706093025340,6.66,6.65,6.660203748981255
20230706093025750,6.66,6.65,6.660203748981255
20230706093025760,6.66,6.65,6.660203748981255
20230706093026110,6.66,6.65,6.660203748981255
20230706093026180,6.66,6.65,6.660203369424627
20230706093026350,6.66,6.65,6.660203369424627
20230706093028080,6.66,6.65,6.660203369424627
20230706093028090,6.66,6.65,6.660203369424627
20230706093028100,6.66,6.65,6.660203369424627
20230706093028110,6.66,6.65,6.660203369424627
20230706093028120,6.66,6.65,6.660203369424627
20230706093028130,6.66,6.65,6.660203369424627
20230706093028140,6.66,6.65,6.660203369424627
20230706093028200,6.66,6.65,6.660203369424627
20230706093028490,6.66,6.65,6.660203369424627
20230706093028710,6.66,6.65,6.660190839694656
20230706093028720,6.66,6.65,6.660190839694656
20230706093028770,6.66,6.65,6.660190839694656
20230706093028820,6.66,6.65,6.660190839694656
20230706093030780,6.66,6.65,6.660190839694656
20230706093030830,6.66,6.65,6.660190839694656
20230706093031700,6.66,6.65,6.660190839694656
20230706093033540,6.66,6.65,6.660190839694656
20230706093033960,6.66,6.65,6.660190839694656
20230706093034000,6.66,6.65,6.660190839694656
20230706093034010,6.66,6.65,6.660190839694656
20230706093034270,6.66,6.65,6.660190839694656
20230706093034320,6.66,6.65,6.660190839694656
20230706093034430,6.66,6.65,6.660190839694656
20230706093034440,6.66,6.65,6.660190839694656
20230706093036090,6.66,6.65,6.660190839694656
20230706093036100,6.66,6.65,6.660190839694656
20230706093036320,6.66,6.65,6.660190839694656
20230706093036410,6.66,6.65,6.660190839694656
20230706093036580,6.66,6.65,6.660190839694656
20230706093036640,6.66,6.65,6.660190839694656
20230706093037110,6.66,6.65,6.660190839694656
20230706093038760,6.66,6.65,6.660190839694656
20230706093038990,6.66,6.65,6.660190839694656
20230706093039010,6.66,6.65,6.660190839694656
20230706093039030,6.66,6.65,6.660190839694656
20230706093039040,6.66,6.65,6.660190839694656
20230706093039560,6.66,6.65,6.660190839694656
20230706093039800,6.66,6.65,6.660190839694656
20230706093041530,6.66,6.65,6.660190839694656
20230706093041870,6.66,6.65,6.660190839694656
20230706093042090,6.66,6.65,6.660190839694656
20230706093042330,6.66,6.65,6.659421312632322
20230706093042460,6.66,6.65,6.659421312632322
20230706093044460,6.66,6.65,6.659421312632322
20230706093044570,6.66,6.65,6.659421312632322
20230706093044630,6.66,6.65,6.659421312632322
20230706093045040,6.66,6.65,6.659421312632322
20230706093045080,6.66,6.65,6.659421312632322
20230706093045210,6.66,6.65,6.659421312632322
20230706093047220,6.66,6.65,6.6589657488247145
20230706093047780,6.66,6.65,6.6589657488247145
20230706093049920,6.66,6.65,6.6589657488247145
20230706093050450,6.66,6.65,6.6589657488247145
20230706093050550,6.66,6.65,6.6589657488247145
20230706093052630,6.66,6.65,6.6589657488247145
20230706093053110,6.66,6.65,6.65896644295302
20230706093053180,6.66,6.65,6.65896644295302
20230706093055100,6.66,6.65,6.65896644295302
20230706093055300,6.66,6.65,6.658967136150235
20230706093055410,6.66,6.65,6.658967136150235
20230706093055550,6.66,6.65,6.658967136150235
20230706093057650,6.66,6.65,6.658967136150235
20230706093058030,6.66,6.65,6.658967136150235
20230706093058080,6.66,6.65,6.658967136150235
20230706093058110,6.66,6.65,6.658967136150235
20230706093058130,6.66,6.65,6.658967136150235
20230706093058590,6.66,6.65,6.658967136150235
20230706093058610,6.66,6.65,6.6585650224215245
20230706093100250,6.66,6.65,6.6585650224215245
20230706093100380,6.66,6.65,6.6585650224215245
20230706093100390,6.66,6.65,6.6585650224215245
20230706093100400,6.66,6.65,6.6585650224215245
20230706093100550,6.66,6.65,6.6585650224215245
20230706093100580,6.66,6.65,6.6585650224215245
20230706093100740,6.66,6.65,6.6585650224215245
20230706093101020,6.66,6.65,6.658572339069471
20230706093101030,6.66,6.65,6.658572339069471
20230706093101070,6.66,6.65,6.658572339069471
20230706093101080,6.66,6.65,6.65852885225111
20230706093103060,6.66,6.65,6.6585307156428115
20230706093103820,6.66,6.65,6.658273955773955
20230706093103830,6.66,6.65,6.658273955773955
20230706093103840,6.66,6.65,6.658273955773955
20230706093104080,6.66,6.64,6.658228466707391
20230706093105770,6.66,6.64,6.658228466707391
20230706093105890,6.66,6.64,6.658228466707391
20230706093106030,6.66,6.65,6.658228466707391
20230706093106230,6.66,6.64,6.658109572546659
20230706093106240,6.66,6.64,6.658109572546659
20230706093106750,6.66,6.64,6.658109572546659
20230706093106860,6.66,6.64,6.658109572546659
20230706093109140,6.66,6.64,6.658109572546659
20230706093111220,6.66,6.65,6.658109572546659
20230706093111260,6.66,6.65,6.658109572546659
20230706093111290,6.66,6.65,6.658109572546659
20230706093111300,6.66,6.65,6.658109572546659
20230706093111550,6.66,6.65,6.658109572546659
20230706093112200,6.66,6.65,6.658109572546659
20230706093112210,6.66,6.65,6.658109572546659
20230706093112230,6.66,6.65,6.658109572546659
20230706093114000,6.66,6.65,6.658109572546659
20230706093114170,6.66,6.65,6.658109572546659
20230706093114210,6.66,6.65,6.658109572546659
20230706093114420,6.66,6.65,6.658109572546659
20230706093114590,6.66,6.65,6.657631728045326
20230706093114640,6.66,6.65,6.657631728045326
20230706093116510,6.66,6.65,6.657631728045326
20230706093116620,6.66,6.65,6.657631728045326
20230706093117180,6.66,6.65,6.657560291643298
20230706093117320,6.66,6.65,6.657560291643298
20230706093117630,6.66,6.65,6.657560291643298
20230706093119140,6.66,6.65,6.657560291643298
20230706093119740,6.66,6.65,6.657560291643298
20230706093122110,6.66,6.65,6.657560291643298
20230706093122160,6.66,6.65,6.657560291643298
20230706093122310,6.66,6.65,6.657560291643298
20230706093122520,6.66,6.65,6.657560291643298
20230706093122650,6.66,6.65,6.657560291643298
20230706093122820,6.66,6.65,6.657560291643298
20230706093122860,6.66,6.65,6.657560291643298
20230706093124540,6.66,6.65,6.657560291643298
20230706093124570,6.66,6.65,6.657560291643298
20230706093124630,6.66,6.65,6.657560291643298
20230706093125100,6.66,6.65,6.657560291643298
20230706093125610,6.66,6.65,6.657560291643298
20230706093125630,6.66,6.65,6.657560291643298
20230706093125710,6.66,6.65,6.657560291643298
20230706093127330,6.66,6.65,6.657560291643298
20230706093128320,6.66,6.65,6.657560291643298
20230706093128350,6.66,6.65,6.657560291643298
20230706093129960,6.66,6.65,6.657560291643298
20230706093130140,6.66,6.65,6.657560291643298
20230706093130210,6.66,6.65,6.657563025210084
20230706093130280,6.66,6.64,6.655936675461741
20230706093130960,6.66,6.65,6.655936675461741
20230706093131030,6.66,6.65,6.655923650724001
20230706093131040,6.66,6.64,6.655897771952818
20230706093131050,6.66,6.64,6.655879790940767
20230706093131080,6.66,6.64,6.6558416270012986
20230706093131090,6.66,6.64,6.6558416270012986
20230706093132760,6.66,6.64,6.6558416270012986
20230706093132780,6.66,6.64,6.655847018150389
20230706093133020,6.66,6.64,6.655847018150389
20230706093133140,6.66,6.64,6.655799399914273
20230706093133270,6.66,6.64,6.655799399914273
20230706093133360,6.66,6.64,6.655799399914273
20230706093133680,6.66,6.64,6.655799399914273
20230706093135650,6.66,6.64,6.655799399914273
20230706093136070,6.66,6.64,6.655682486350273
20230706093136110,6.65,6.64,6.655682486350273
20230706093136140,6.65,6.64,6.655682486350273
20230706093136260,6.65,6.64,6.655682486350273
20230706093136440,6.65,6.65,6.655682486350273
20230706093138270,6.65,6.65,6.655682486350273
20230706093138290,6.65,6.65,6.655682486350273
20230706093138480,6.65,6.65,6.655682486350273
20230706093138600,6.65,6.65,6.655682486350273
20230706093138750,6.65,6.65,6.655682486350273
20230706093138910,6.65,6.65,6.655682486350273
20230706093139080,6.65,6.65,6.655682486350273
20230706093139180,6.65,6.65,6.655682486350273
20230706093140780,6.65,6.65,6.655682486350273
20230706093141890,6.65,6.65,6.655682486350273
20230706093143870,6.65,6.65,6.655682486350273
20230706093144120,6.65,6.65,6.655682486350273
20230706093144470,6.65,6.65,6.655682486350273
20230706093146170,6.65,6.65,6.655682486350273
20230706093146180,6.65,6.65,6.655682486350273
20230706093146310,6.66,6.65,6.655682486350273
20230706093146320,6.66,6.65,6.655682486350273
20230706093146370,6.66,6.65,6.655682486350273
20230706093146390,6.66,6.65,6.655682486350273
20230706093146430,6.65,6.65,6.655682486350273
20230706093146480,6.65,6.65,6.655682486350273
20230706093146580,6.65,6.65,6.655682486350273
20230706093146630,6.65,6.65,6.655682486350273
20230706093146710,6.65,6.65,6.655682486350273
20230706093147010,6.66,6.65,6.655682486350273
20230706093147020,6.66,6.65,6.655682486350273
20230706093147030,6.66,6.65,6.655682486350273
20230706093147040,6.66,6.65,6.655682486350273
20230706093147060,6.66,6.65,6.655682486350273
20230706093147070,6.66,6.65,6.655682486350273
20230706093147140,6.66,6.65,6.655682486350273
20230706093147300,6.66,6.65,6.655682486350273
20230706093149080,6.66,6.65,6.655682486350273
20230706093149090,6.66,6.65,6.653989973459157
20230706093149100,6.66,6.65,6.653989973459157
20230706093149120,6.66,6.65,6.653987621573829
20230706093149130,6.66,6.65,6.653987621573829
20230706093149140,6.66,6.65,6.653987621573829
20230706093149150,6.66,6.65,6.653987621573829
20230706093149170,6.66,6.65,6.653987621573829
20230706093149190,6.66,6.65,6.653982926111275
20230706093149230,6.66,6.65,6.653982926111275
20230706093149240,6.66,6.65,6.653982926111275
20230706093149250,6.66,6.65,6.653982926111275
20230706093149260,6.66,6.65,6.653982926111275
20230706093149270,6.66,6.65,6.653982926111275
20230706093149310,6.66,6.65,6.653982926111275
20230706093149330,6.66,6.65,6.653982926111275
20230706093149650,6.66,6.65,6.653981753972925
20230706093149680,6.66,6.65,6.6539794117647055
20230706093149860,6.66,6.65,6.6539794117647055
20230706093152070,6.66,6.65,6.6539794117647055
20230706093154540,6.66,6.65,6.653916063675832
20230706093154600,6.66,6.65,6.653916063675832
20230706093154630,6.66,6.65,6.653916063675832
20230706093154640,6.66,6.65,6.653916063675832
20230706093154740,6.66,6.65,6.653916063675832
20230706093155040,6.66,6.65,6.653910404624278
20230706093156930,6.66,6.65,6.653910404624278
20230706093157020,6.66,6.65,6.653910404624278
20230706093157370,6.66,6.65,6.653893525179856
20230706093157800,6.66,6.65,6.653893525179856
20230706093158110,6.66,6.65,6.653893525179856
20230706093159890,6.66,6.65,6.653893525179856
20230706093159940,6.66,6.65,6.653893525179856
20230706093200380,6.66,6.65,6.653893525179856
20230706093200870,6.66,6.65,6.653893525179856
20230706093202670,6.66,6.65,6.65389879240943
20230706093205010,6.66,6.65,6.65389879240943
20230706093205020,6.66,6.65,6.65389879240943
20230706093205030,6.66,6.65,6.65389879240943
20230706093205040,6.66,6.65,6.65389879240943
20230706093205050,6.66,6.65,6.65389879240943
20230706093205620,6.65,6.65,6.65389879240943
20230706093205700,6.65,6.65,6.65389879240943
20230706093205710,6.65,6.65,6.65389879240943
20230706093205720,6.65,6.65,6.65389879240943
20230706093205730,6.65,6.65,6.65389879240943
20230706093205740,6.65,6.65,6.65389879240943
20230706093205950,6.65,6.65,6.65389879240943
20230706093206030,6.65,6.65,6.65389879240943
20230706093206100,6.66,6.65,6.65389879240943
20230706093207730,6.66,6.65,6.65389879240943
20230706093208450,6.66,6.65,6.65389879240943
20230706093208620,6.65,6.65,6.65389879240943
20230706093210420,6.66,6.65,6.65389879240943
20230706093210530,6.66,6.65,6.65389879240943
20230706093210570,6.66,6.65,6.65389879240943
20230706093210620,6.66,6.65,6.65389879240943
20230706093211030,6.65,6.65,6.65389879240943
20230706093211060,6.65,6.65,6.65389879240943
20230706093211470,6.65,6.65,6.65389879240943
20230706093211480,6.66,6.65,6.65389879240943
20230706093213160,6.66,6.65,6.65389879240943
20230706093213550,6.66,6.65,6.65389879240943
20230706093215860,6.66,6.65,6.65389879240943
20230706093215960,6.66,6.65,6.65389879240943
20230706093216040,6.65,6.65,6.65389879240943
20230706093216050,6.65,6.65,6.65389879240943
20230706093216110,6.65,6.65,6.65389879240943
20230706093216190,6.65,6.65,6.65389879240943
20230706093216520,6.65,6.65,6.65389879240943
20230706093218850,6.65,6.65,6.65389879240943
20230706093218950,6.65,6.65,6.65389879240943
20230706093218970,6.65,6.65,6.65389879240943
20230706093219070,6.65,6.65,6.65389879240943
20230706093219330,6.65,6.65,6.65389879240943
20230706093219420,6.65,6.65,6.65389879240943
20230706093219740,6.65,6.65,6.65389879240943
20230706093222070,6.65,6.65,6.65389879240943
20230706093222100,6.65,6.65,6.65389879240943
20230706093222120,6.65,6.65,6.65389879240943
20230706093222310,6.65,6.65,6.65389879240943
20230706093222420,6.65,6.65,6.65389879240943
20230706093223910,6.65,6.65,6.65389879240943
20230706093224300,6.65,6.65,6.65389879240943
20230706093224550,6.65,6.65,6.65389879240943
20230706093224980,6.65,6.65,6.65389879240943
20230706093225110,6.65,6.65,6.65389879240943
20230706093226650,6.65,6.65,6.65389879240943
20230706093226660,6.65,6.65,6.65389879240943
20230706093227110,6.65,6.65,6.65389879240943
20230706093227280,6.65,6.65,6.65389879240943
20230706093227350,6.65,6.65,6.65389879240943
20230706093227580,6.65,6.65,6.65389879240943
20230706093229570,6.65,6.65,6.65389879240943
20230706093229850,6.65,6.65,6.65389879240943
20230706093230080,6.65,6.65,6.65389879240943
20230706093230150,6.66,6.65,6.653255872063968
20230706093230340,6.66,6.65,6.653255872063968
20230706093232530,6.66,6.65,6.653255872063968
20230706093232640,6.65,6.65,6.653255872063968
20230706093232650,6.65,6.65,6.653255872063968
20230706093232820,6.65,6.65,6.653255872063968
20230706093235190,6.65,6.65,6.653255872063968
20230706093235270,6.65,6.65,6.653255872063968
20230706093235650,6.65,6.65,6.653255872063968
20230706093237970,6.65,6.65,6.653255872063968
20230706093238110,6.65,6.65,6.653255872063968
20230706093238150,6.65,6.65,6.653053641732283
20230706093238170,6.65,6.65,6.653053641732283
20230706093238310,6.65,6.65,6.653053641732283
20230706093240150,6.65,6.65,6.653053641732283
20230706093240240,6.65,6.65,6.652999264886057
20230706093240500,6.65,6.65,6.652999264886057
20230706093240540,6.65,6.65,6.652999264886057
20230706093241270,6.65,6.64,6.652767749699158
20230706093241280,6.65,6.64,6.652767749699158
20230706093242880,6.65,6.64,6.652767749699158
20230706093243110,6.65,6.64,6.652767749699158
20230706093243330,6.65,6.64,6.652767749699158
20230706093243470,6.65,6.64,6.652767749699158
20230706093243690,6.65,6.64,6.652767749699158
20230706093243770,6.65,6.64,6.652767749699158
20230706093243870,6.65,6.64,6.652767749699158
20230706093245810,6.65,6.64,6.652767749699158
20230706093246200,6.65,6.64,6.652767749699158
20230706093246400,6.65,6.64,6.652767749699158
20230706093246490,6.65,6.64,6.652767749699158
20230706093248230,6.65,6.64,6.652767749699158
20230706093248320,6.65,6.64,6.652767749699158
20230706093248410,6.65,6.64,6.652767749699158
20230706093248510,6.65,6.64,6.652767749699158
20230706093248530,6.65,6.64,6.652767749699158
20230706093248610,6.65,6.64,6.652767749699158
20230706093248640,6.65,6.64,6.652767749699158
20230706093248980,6.65,6.64,6.652767749699158
20230706093251150,6.65,6.64,6.652767749699158
20230706093251640,6.65,6.64,6.652767749699158
20230706093251700,6.65,6.64,6.65276708373436
20230706093251760,6.65,6.64,6.65276708373436
20230706093251890,6.65,6.64,6.65276708373436
20230706093251990,6.65,6.64,6.65276708373436
20230706093252010,6.65,6.64,6.65276708373436
20230706093252110,6.65,6.64,6.65276708373436
20230706093252140,6.65,6.64,6.65276708373436
20230706093253710,6.65,6.64,6.65276708373436
20230706093254020,6.65,6.64,6.65276708373436
20230706093254300,6.65,6.64,6.65276708373436
20230706093254350,6.65,6.64,6.65276708373436
20230706093254410,6.65,6.64,6.65276708373436
20230706093254810,6.65,6.64,6.65276708373436
20230706093256840,6.65,6.64,6.65276708373436
20230706093257150,6.65,6.64,6.65276708373436
20230706093257460,6.65,6.64,6.65276708373436
20230706093257540,6.65,6.64,6.65276708373436
20230706093259620,6.65,6.64,6.65276708373436
20230706093259740,6.65,6.64,6.65276708373436
20230706093259750,6.65,6.64,6.65276708373436
20230706093259920,6.65,6.64,6.65276708373436
20230706093259940,6.65,6.64,6.65276708373436
20230706093300050,6.65,6.64,6.65276708373436
20230706093301730,6.65,6.64,6.65276708373436
20230706093301770,6.65,6.64,6.65276708373436
20230706093301790,6.65,6.64,6.65276708373436
20230706093302220,6.65,6.64,6.65276708373436
20230706093302570,6.65,6.64,6.65276708373436
20230706093302740,6.65,6.64,6.652758952174958
20230706093302750,6.65,6.64,6.652758952174958
20230706093304640,6.65,6.64,6.652758952174958
20230706093305050,6.65,6.64,6.652758952174958
20230706093305290,6.65,6.64,6.652758952174958
20230706093305390,6.65,6.64,6.652758952174958
20230706093305450,6.65,6.64,6.652758952174958
20230706093305460,6.65,6.64,6.652758952174958
20230706093305520,6.65,6.64,6.652758952174958
20230706093307100,6.65,6.64,6.652758952174958
20230706093307420,6.65,6.64,6.652758952174958
20230706093307530,6.65,6.64,6.652758952174958
20230706093308010,6.65,6.64,6.652758952174958
20230706093308050,6.65,6.64,6.652758952174958
20230706093308110,6.65,6.64,6.652758952174958
20230706093308220,6.65,6.64,6.652758952174958
20230706093309810,6.65,6.64,6.652758952174958
20230706093309830,6.65,6.64,6.652758952174958
20230706093310070,6.65,6.64,6.652758952174958
20230706093310080,6.65,6.64,6.652667621092818
20230706093310110,6.65,6.64,6.652667621092818
20230706093310220,6.65,6.64,6.652667621092818
20230706093310460,6.65,6.64,6.652667621092818
20230706093310580,6.65,6.64,6.652667621092818
20230706093310660,6.65,6.64,6.652667621092818
20230706093310980,6.65,6.64,6.652601471635414
20230706093311010,6.65,6.64,6.652601471635414
20230706093311030,6.64,6.64,6.651774229319139
20230706093311040,6.64,6.64,6.65176640070922
20230706093313080,6.64,6.64,6.65176640070922
20230706093313100,6.64,6.64,6.65176640070922
20230706093313260,6.64,6.64,6.65176640070922
20230706093313330,6.64,6.64,6.65176640070922
20230706093313610,6.64,6.64,6.65176640070922
20230706093313710,6.64,6.64,6.65176640070922
20230706093313750,6.64,6.64,6.65176640070922
20230706093315750,6.65,6.64,6.65176640070922
20230706093315760,6.65,6.64,6.65176640070922
20230706093315770,6.65,6.64,6.65176640070922
20230706093316070,6.64,6.64,6.65176640070922
20230706093316080,6.65,6.64,6.65176640070922
20230706093316090,6.65,6.64,6.651609446752679
20230706093316100,6.65,6.64,6.651601835664335
20230706093316120,6.65,6.64,6.651601835664335
20230706093316210,6.65,6.64,6.651601835664335
20230706093316270,6.65,6.64,6.651576537287396
20230706093316290,6.65,6.64,6.651576537287396
20230706093316400,6.65,6.64,6.651576537287396
20230706093318420,6.65,6.64,6.651576537287396
20230706093318600,6.65,6.64,6.651576537287396
20230706093318920,6.65,6.64,6.651576537287396
20230706093319010,6.65,6.64,6.651574013516459
20230706093319020,6.65,6.64,6.651574013516459
20230706093319030,6.65,6.64,6.651574013516459
20230706093319080,6.65,6.64,6.651571490845685
20230706093319090,6.65,6.64,6.651571490845685
20230706093319110,6.65,6.64,6.65156392942714
20230706093319120,6.65,6.64,6.651558159722223
20230706093320910,6.65,6.64,6.651543129605549
20230706093320930,6.65,6.64,6.651543129605549
20230706093321060,6.65,6.64,6.651543129605549
20230706093321070,6.65,6.64,6.651543129605549
20230706093321340,6.65,6.64,6.651421831438988
20230706093321440,6.65,6.64,6.651419382504288
20230706093321600,6.65,6.64,6.651419382504288
20230706093323750,6.64,6.64,6.651419382504288
20230706093323780,6.64,6.64,6.651419382504288
20230706093323830,6.64,6.64,6.651419382504288
20230706093324300,6.64,6.64,6.651396444634825
20230706093324510,6.64,6.64,6.651396444634825
20230706093326040,6.64,6.64,6.651396444634825
20230706093326110,6.64,6.64,6.651396444634825
20230706093327010,6.64,6.64,6.651396444634825
20230706093329110,6.64,6.64,6.651396444634825
20230706093329130,6.64,6.64,6.651396444634825
20230706093329150,6.64,6.64,6.651396444634825
20230706093329430,6.64,6.64,6.651396444634825
20230706093329570,6.64,6.64,6.651396444634825
20230706093329680,6.64,6.64,6.651396444634825
20230706093329820,6.64,6.64,6.651396444634825
20230706093329860,6.64,6.64,6.651396444634825
20230706093331430,6.64,6.64,6.651396444634825
20230706093331650,6.64,6.64,6.651396444634825
20230706093331670,6.64,6.64,6.651396444634825
20230706093332060,6.65,6.64,6.651396444634825
20230706093332300,6.65,6.64,6.651396444634825
20230706093332460,6.65,6.64,6.651396444634825
20230706093332500,6.64,6.64,6.651396444634825
20230706093334210,6.65,6.64,6.651136506605158
20230706093334220,6.64,6.64,6.651136506605158
20230706093334610,6.64,6.64,6.651136506605158
20230706093335070,6.64,6.64,6.651136506605158
20230706093335090,6.64,6.64,6.651136506605158
20230706093335120,6.64,6.64,6.651136506605158
20230706093337030,6.64,6.64,6.651136506605158
20230706093337170,6.64,6.64,6.651089997911882
20230706093337620,6.64,6.64,6.651089997911882
20230706093337970,6.64,6.64,6.651089997911882
20230706093338050,6.64,6.64,6.651089997911882
20230706093339520,6.64,6.64,6.651089997911882
20230706093339540,6.64,6.64,6.651089997911882
20230706093339680,6.64,6.64,6.651089997911882
20230706093339760,6.64,6.64,6.651089997911882
20230706093339890,6.64,6.64,6.651089997911882
20230706093339920,6.65,6.64,6.649757352941177
20230706093339950,6.65,6.64,6.649757352941177
20230706093340080,6.65,6.64,6.649757352941177
20230706093340100,6.65,6.64,6.649757352941177
20230706093340110,6.65,6.64,6.649757352941177
20230706093340130,6.65,6.64,6.649757352941177
20230706093340190,6.65,6.64,6.649757352941177
20230706093340220,6.65,6.64,6.649757352941177
20230706093340590,6.65,6.64,6.649757352941177
20230706093342320,6.65,6.64,6.64974839302112
20230706093342730,6.65,6.64,6.64974839302112
20230706093343040,6.65,6.64,6.64974839302112
20230706093343080,6.65,6.64,6.649743024963289
20230706093345660,6.65,6.64,6.649743024963289
20230706093345670,6.65,6.64,6.649743024963289
20230706093345780,6.65,6.64,6.649743024963289
20230706093345790,6.65,6.64,6.649743024963289
20230706093346070,6.65,6.64,6.649743024963289
20230706093347660,6.65,6.64,6.649743024963289
20230706093347830,6.65,6.64,6.649743024963289
20230706093347850,6.65,6.64,6.649743024963289
20230706093347860,6.65,6.64,6.649743024963289
20230706093348390,6.65,6.64,6.649743024963289
20230706093348700,6.65,6.64,6.649743024963289
20230706093348740,6.65,6.64,6.649743024963289
20230706093350430,6.65,6.64,6.649721611721612
20230706093350990,6.65,6.64,6.649721611721612
20230706093351100,6.65,6.64,6.649721611721612
20230706093351120,6.65,6.64,6.649721611721612
20230706093351270,6.65,6.64,6.649721611721612
20230706093353050,6.65,6.64,6.649714494875549
20230706093353110,6.65,6.64,6.649714494875549
20230706093353350,6.65,6.64,6.649714494875549
20230706093354010,6.65,6.64,6.649714494875549
20230706093355710,6.65,6.64,6.649714494875549
20230706093355940,6.65,6.64,6.649714494875549
20230706093356070,6.65,6.64,6.649714494875549
20230706093356130,6.65,6.64,6.649714494875549
20230706093356470,6.65,6.64,6.649691436918021
20230706093356530,6.65,6.64,6.649691436918021
20230706093356570,6.65,6.64,6.649691436918021
20230706093356600,6.65,6.64,6.649691436918021
20230706093356610,6.65,6.64,6.649691436918021
20230706093356620,6.65,6.64,6.649691436918021
20230706093358670,6.64,6.64,6.649691436918021
20230706093358900,6.64,6.64,6.649691436918021
20230706093359120,6.64,6.64,6.649691436918021
20230706093359630,6.64,6.64,6.649691436918021
20230706093401230,6.64,6.64,6.649691436918021
20230706093401250,6.64,6.64,6.649691436918021
20230706093401480,6.64,6.64,6.649691436918021
20230706093401510,6.64,6.64,6.649691436918021
20230706093401540,6.64,6.64,6.649691436918021
20230706093402030,6.64,6.64,6.649691436918021
20230706093402050,6.64,6.64,6.649691436918021
20230706093402060,6.64,6.64,6.649691436918021
20230706093402100,6.64,6.64,6.649691436918021
20230706093403920,6.64,6.64,6.649691436918021
20230706093404080,6.64,6.64,6.649657933042213
20230706093404350,6.64,6.64,6.64964039229931
20230706093404390,6.64,6.64,6.64964039229931
20230706093404690,6.65,6.64,6.649607239819004
20230706093404760,6.65,6.64,6.649607949412827
20230706093404770,6.65,6.64,6.649607949412827
20230706093406650,6.65,6.64,6.649607949412827
20230706093406920,6.65,6.64,6.649601011012818
20230706093406930,6.64,6.64,6.6495664687893505
20230706093406940,6.64,6.64,6.6495664687893505
20230706093406950,6.64,6.64,6.6495664687893505
20230706093406960,6.65,6.64,6.649561308881697
20230706093407080,6.64,6.64,6.649557872034507
20230706093407100,6.64,6.64,6.649557872034507
20230706093407200,6.64,6.64,6.649557872034507
20230706093407230,6.64,6.64,6.649557872034507
20230706093407270,6.64,6.64,6.649557872034507
20230706093407670,6.64,6.64,6.6495372197309415
20230706093407760,6.64,6.64,6.6495372197309415
20230706093409410,6.64,6.64,6.6495372197309415
20230706093409550,6.64,6.64,6.6495372197309415
20230706093409570,6.64,6.64,6.6495372197309415
20230706093409920,6.64,6.64,6.6495372197309415
20230706093410100,6.64,6.64,6.6495372197309415
20230706093410120,6.64,6.64,6.6495372197309415
20230706093412100,6.64,6.64,6.6495372197309415
20230706093412110,6.64,6.64,6.6495372197309415
20230706093412560,6.64,6.64,6.6495372197309415
20230706093412810,6.64,6.64,6.6495372197309415
20230706093412830,6.64,6.64,6.6495372197309415
20230706093413080,6.64,6.64,6.6495372197309415
20230706093414600,6.64,6.64,6.6495372197309415
20230706093415090,6.64,6.64,6.6495372197309415
20230706093415110,6.64,6.64,6.6495372197309415
20230706093415370,6.64,6.64,6.6495372197309415
20230706093415590,6.64,6.64,6.6495372197309415
20230706093415740,6.64,6.64,6.6495372197309415
20230706093415760,6.64,6.64,6.6495372197309415
20230706093415770,6.64,6.64,6.6495372197309415
20230706093417360,6.64,6.64,6.649286713286713
20230706093417370,6.64,6.64,6.649286713286713
20230706093417400,6.64,6.64,6.649286713286713
20230706093417660,6.64,6.64,6.649286713286713
20230706093417790,6.64,6.64,6.649286713286713
20230706093418050,6.64,6.64,6.6492850900192275
20230706093418180,6.64,6.64,6.6492850900192275
20230706093418280,6.64,6.64,6.6492850900192275
20230706093418530,6.64,6.64,6.6492850900192275
20230706093420390,6.64,6.64,6.6492850900192275
20230706093420710,6.64,6.64,6.6492850900192275
20230706093420720,6.64,6.64,6.6492850900192275
20230706093420750,6.64,6.64,6.6492850900192275
20230706093420770,6.64,6.64,6.6492850900192275
20230706093420950,6.64,6.64,6.6492850900192275
20230706093421250,6.64,6.64,6.6492850900192275
20230706093422780,6.64,6.64,6.6492850900192275
20230706093422980,6.64,6.64,6.6492850900192275
20230706093423080,6.64,6.64,6.6492850900192275
20230706093423430,6.64,6.64,6.6492850900192275
20230706093423500,6.64,6.64,6.6492850900192275
20230706093423680,6.64,6.64,6.6492850900192275
20230706093423700,6.64,6.64,6.649116424116424
20230706093428090,6.64,6.64,6.649108533841094
20230706093428640,6.64,6.64,6.649108533841094
20230706093429030,6.64,6.64,6.649108533841094
20230706093430820,6.64,6.64,6.649047455295736
20230706093431080,6.64,6.64,6.649047455295736
20230706093431410,6.64,6.64,6.649047455295736
20230706093431530,6.64,6.64,6.649047455295736
20230706093431690,6.64,6.64,6.649047455295736
20230706093433530,6.64,6.64,6.649047455295736
20230706093433880,6.64,6.64,6.6489201559586375
20230706093434080,6.64,6.64,6.648909583474433
20230706093434090,6.64,6.64,6.648891517404529
20230706093434110,6.64,6.64,6.648891517404529
20230706093434320,6.64,6.64,6.648891517404529
20230706093434600,6.64,6.64,6.648891517404529
20230706093436340,6.64,6.64,6.648891517404529
20230706093436430,6.64,6.64,6.648891517404529
20230706093436490,6.64,6.64,6.648891517404529
20230706093437060,6.64,6.64,6.648891517404529
20230706093437110,6.64,6.64,6.648891517404529
20230706093437160,6.64,6.64,6.648891517404529
20230706093437200,6.64,6.64,6.648892266126309
20230706093437340,6.64,6.64,6.648892266126309
20230706093437370,6.64,6.64,6.648892266126309
20230706093439030,6.64,6.64,6.648892266126309
20230706093439070,6.64,6.64,6.648892266126309
20230706093439090,6.64,6.64,6.648892266126309
20230706093439680,6.64,6.64,6.648892266126309
20230706093439750,6.64,6.64,6.648892266126309
20230706093439850,6.64,6.64,6.648892266126309
20230706093439910,6.64,6.64,6.648892266126309
20230706093439970,6.64,6.64,6.648892266126309
20230706093440070,6.64,6.64,6.648890764815127
20230706093441860,6.64,6.64,6.648890764815127
20230706093442020,6.64,6.64,6.648890764815127
20230706093442120,6.64,6.64,6.648890764815127
20230706093442630,6.64,6.64,6.648889264010804
20230706093442660,6.64,6.64,6.648889264010804
20230706093444420,6.64,6.64,6.648831125272514
20230706093445210,6.64,6.64,6.648831125272514
20230706093445220,6.64,6.64,6.648831125272514
20230706093447000,6.64,6.64,6.648831125272514
20230706093447180,6.64,6.64,6.648831125272514
20230706093447250,6.64,6.64,6.648831125272514
20230706093447320,6.64,6.64,6.648831125272514
20230706093447330,6.64,6.64,6.648831125272514
20230706093447630,6.64,6.64,6.648831125272514
20230706093447970,6.64,6.64,6.648831125272514
20230706093448110,6.64,6.64,6.648831125272514
20230706093448120,6.64,6.64,6.648831125272514
20230706093449810,6.64,6.64,6.648831125272514
20230706093449960,6.64,6.64,6.648831125272514
20230706093450010,6.64,6.64,6.648831125272514
20230706093450120,6.64,6.64,6.648831125272514
20230706093450240,6.64,6.64,6.648831125272514
20230706093450570,6.64,6.64,6.648831125272514
20230706093450680,6.64,6.64,6.648558262014483
20230706093450950,6.64,6.64,6.648558262014483
20230706093452390,6.64,6.64,6.648558262014483
20230706093452440,6.64,6.64,6.648555683500576
20230706093452620,6.64,6.64,6.648555683500576
20230706093452770,6.64,6.64,6.648555683500576
20230706093452890,6.64,6.64,6.648555683500576
20230706093452930,6.64,6.64,6.648555683500576
20230706093453060,6.64,6.64,6.648555683500576
20230706093453200,6.64,6.64,6.648555683500576
20230706093453490,6.64,6.64,6.648555683500576
20230706093453590,6.64,6.64,6.648555683500576
20230706093455100,6.64,6.64,6.648548174942453
20230706093455530,6.64,6.64,6.648548174942453
20230706093457930,6.64,6.64,6.648548174942453
20230706093458100,6.64,6.64,6.648545364891519
20230706093458360,6.64,6.64,6.648545364891519
20230706093458410,6.64,6.64,6.648545364891519
20230706093458530,6.64,6.64,6.648545364891519
20230706093458580,6.64,6.64,6.648531342303905
20230706093458820,6.64,6.64,6.648531342303905
20230706093500890,6.64,6.64,6.648531342303905
20230706093500990,6.64,6.64,6.648531342303905
20230706093501070,6.64,6.64,6.648529942575882
20230706093501180,6.64,6.64,6.648529942575882
20230706093501190,6.64,6.64,6.648529942575882
20230706093501220,6.64,6.64,6.648529942575882
20230706093501380,6.64,6.64,6.648529942575882
20230706093501630,6.64,6.64,6.6485301837270345
20230706093501710,6.64,6.64,6.6485301837270345
20230706093501740,6.64,6.64,6.6485301837270345
20230706093503430,6.64,6.64,6.648512518409426
20230706093503750,6.64,6.64,6.648512518409426
20230706093504130,6.64,6.64,6.648512518409426
20230706093506210,6.64,6.64,6.648496080992815
20230706093506390,6.64,6.64,6.648496080992815
20230706093506830,6.64,6.64,6.648496080992815
20230706093506930,6.64,6.64,6.648496080992815
20230706093506960,6.64,6.64,6.648496080992815
20230706093508690,6.64,6.64,6.648496080992815
20230706093509020,6.64,6.64,6.648496080992815
20230706093509370,6.64,6.64,6.648496080992815
20230706093511410,6.64,6.64,6.648496080992815
20230706093511470,6.64,6.64,6.648496080992815
20230706093511640,6.64,6.64,6.648491921005386
20230706093512000,6.64,6.64,6.648491921005386
20230706093512300,6.64,6.64,6.648491921005386
20230706093514180,6.64,6.64,6.648491921005386
20230706093514270,6.64,6.64,6.648491921005386
20230706093514290,6.64,6.64,6.648491921005386
20230706093514780,6.64,6.64,6.648491921005386
20230706093514810,6.64,6.64,6.648491921005386
20230706093517390,6.64,6.64,6.648491921005386
20230706093519660,6.64,6.64,6.648491921005386
20230706093520230,6.64,6.64,6.648491921005386
20230706093520520,6.64,6.64,6.648491921005386
20230706093522120,6.64,6.64,6.648491921005386
20230706093522290,6.64,6.64,6.648491921005386
20230706093522430,6.64,6.64,6.648491921005386
20230706093522660,6.64,6.64,6.648491921005386
20230706093523280,6.64,6.64,6.648491921005386
20230706093525390,6.64,6.64,6.648491921005386
20230706093525750,6.64,6.64,6.648491921005386
20230706093527770,6.64,6.64,6.648491921005386
20230706093528040,6.64,6.64,6.648491921005386
20230706093528180,6.64,6.64,6.648491921005386
20230706093528220,6.64,6.64,6.648491921005386
20230706093528370,6.64,6.64,6.648491921005386
20230706093528630,6.64,6.64,6.648491921005386
20230706093528660,6.64,6.64,6.648491921005386
20230706093530230,6.64,6.64,6.648491921005386
20230706093530930,6.64,6.64,6.648491921005386
20230706093531000,6.64,6.64,6.648491921005386
20230706093531070,6.64,6.64,6.648491921005386
20230706093533050,6.64,6.64,6.648491921005386
20230706093533130,6.64,6.64,6.648491921005386
20230706093533150,6.64,6.64,6.648491921005386
20230706093533180,6.64,6.64,6.648491921005386
20230706093533200,6.64,6.64,6.648491921005386
20230706093533270,6.64,6.64,6.648491921005386
20230706093533600,6.64,6.64,6.648491921005386
20230706093533920,6.64,6.64,6.648491921005386
20230706093533940,6.64,6.64,6.648491921005386
20230706093535640,6.64,6.64,6.648491921005386
20230706093536220,6.64,6.64,6.648491921005386
20230706093536540,6.64,6.64,6.648491921005386
20230706093538980,6.64,6.64,6.648491921005386
20230706093541020,6.64,6.64,6.648491921005386
20230706093541110,6.64,6.64,6.648374154044473
20230706093541640,6.64,6.64,6.648374154044473
20230706093541670,6.64,6.64,6.648374154044473
20230706093541700,6.64,6.64,6.648372804897696
20230706093541730,6.64,6.64,6.648372804897696
20230706093541780,6.64,6.64,6.648366065679331
20230706093542170,6.64,6.64,6.648364719137293
20230706093543780,6.64,6.64,6.6483365415463584
20230706093543820,6.64,6.64,6.6483365415463584
20230706093544160,6.64,6.64,6.648327191155263
20230706093544460,6.64,6.64,6.648327191155263
20230706093544490,6.64,6.64,6.648327191155263
20230706093544560,6.64,6.64,6.648327191155263
20230706093544580,6.64,6.64,6.6471484257871065
20230706093544740,6.64,6.64,6.6471484257871065
20230706093546540,6.64,6.64,6.647125318161401
20230706093546570,6.64,6.64,6.647125318161401
20230706093546830,6.64,6.64,6.647116362548609
20230706093547410,6.64,6.64,6.647116362548609
20230706093547590,6.64,6.64,6.647116362548609
20230706093549220,6.64,6.64,6.647116362548609
20230706093549800,6.64,6.64,6.647116362548609
20230706093549840,6.64,6.64,6.647116362548609
20230706093550050,6.64,6.64,6.647116362548609
20230706093550290,6.64,6.64,6.647116362548609
20230706093550330,6.64,6.64,6.647116362548609
20230706093551780,6.64,6.64,6.647116362548609
20230706093551860,6.64,6.64,6.647116362548609
20230706093551870,6.64,6.64,6.647116362548609
20230706093551990,6.64,6.64,6.646998218527316
20230706093552080,6.64,6.64,6.646998218527316
20230706093552230,6.64,6.64,6.646998218527316
20230706093552420,6.64,6.64,6.646998218527316
20230706093552500,6.64,6.64,6.646998218527316
20230706093552620,6.64,6.64,6.646998218527316
20230706093552740,6.64,6.64,6.646998218527316
20230706093552840,6.64,6.64,6.646998218527316
20230706093552850,6.64,6.64,6.646998218527316
20230706093552870,6.64,6.64,6.6469946571683
20230706093555290,6.64,6.64,6.646973956791951
20230706093555390,6.64,6.64,6.646973956791951
20230706093555400,6.64,6.64,6.646970862298477
20230706093557180,6.64,6.64,6.646970862298477
20230706093557820,6.64,6.64,6.646851286524204
20230706093557840,6.64,6.64,6.6468502906976745
20230706093558010,6.64,6.64,6.646844321812373
20230706093558020,6.64,6.64,6.646844321812373
20230706093558030,6.64,6.64,6.646844321812373
20230706093558060,6.64,6.64,6.646844321812373
20230706093558070,6.64,6.64,6.646771551724138
20230706093558080,6.64,6.64,6.646771551724138
20230706093558100,6.64,6.64,6.646771551724138
20230706093558210,6.64,6.64,6.646771551724138
20230706093558380,6.64,6.64,6.646771551724138
20230706093558390,6.64,6.64,6.646771551724138
20230706093558430,6.64,6.64,6.646771551724138
20230706093559930,6.64,6.64,6.646771551724138
20230706093600010,6.64,6.64,6.646771551724138
20230706093601060,6.64,6.64,6.646771551724138
20230706093601110,6.64,6.64,6.646771551724138
20230706093601130,6.64,6.64,6.646759896729776
20230706093602670,6.64,6.64,6.646759896729776
20230706093602710,6.64,6.64,6.646759896729776
20230706093602730,6.64,6.64,6.646759896729776
20230706093602750,6.64,6.64,6.646759896729776
20230706093603110,6.64,6.64,6.646730934018851
20230706093603340,6.64,6.64,6.646730934018851
20230706093603450,6.64,6.64,6.646731400828217
20230706093603730,6.64,6.64,6.646731400828217
20230706093605820,6.64,6.64,6.646731400828217
20230706093606030,6.64,6.64,6.646731400828217
20230706093606120,6.64,6.64,6.646731400828217
20230706093606480,6.64,6.64,6.646731400828217
20230706093606530,6.64,6.64,6.646731400828217
20230706093608320,6.64,6.64,6.646731400828217
20230706093608710,6.64,6.64,6.646732334047109
20230706093609060,6.64,6.64,6.646732334047109
20230706093609120,6.64,6.64,6.646732334047109
20230706093609210,6.64,6.64,6.646732334047109
20230706093611190,6.64,6.64,6.646732334047109
20230706093611590,6.64,6.64,6.646732334047109
20230706093611600,6.64,6.64,6.646734664764622
20230706093611730,6.64,6.64,6.646734664764622
20230706093613470,6.64,6.64,6.646734664764622
20230706093613760,6.64,6.64,6.646734664764622
20230706093616080,6.64,6.64,6.646734664764622
20230706093617000,6.64,6.64,6.646734664764622
20230706093619720,6.64,6.64,6.646734664764622
20230706093621870,6.64,6.64,6.646733704179147
20230706093621900,6.64,6.64,6.646733704179147
20230706093622200,6.64,6.64,6.646733704179147
20230706093622240,6.64,6.64,6.646733704179147
20230706093622310,6.64,6.64,6.646733704179147
20230706093624750,6.64,6.64,6.646733704179147
20230706093624900,6.64,6.64,6.646733704179147
20230706093624970,6.64,6.64,6.646733704179147
20230706093627160,6.64,6.64,6.646733704179147
20230706093627870,6.64,6.64,6.646733704179147
20230706093628120,6.64,6.64,6.646733704179147
20230706093628140,6.65,6.64,6.6467341699942954
20230706093629690,6.65,6.64,6.6467341699942954
20230706093629750,6.65,6.64,6.6467341699942954
20230706093630590,6.65,6.64,6.646736782262649
20230706093630780,6.65,6.64,6.646736782262649
20230706093632680,6.65,6.64,6.646736782262649
20230706093633310,6.65,6.64,6.646736782262649
20230706093635370,6.65,6.64,6.646736782262649
20230706093635750,6.65,6.64,6.646736782262649
20230706093635850,6.65,6.64,6.646736782262649
20230706093635890,6.65,6.64,6.646736782262649
20230706093636050,6.65,6.64,6.646736782262649
20230706093638240,6.65,6.64,6.646736782262649
20230706093638250,6.65,6.64,6.646736782262649
20230706093638690,6.65,6.64,6.646736782262649
20230706093640930,6.65,6.64,6.646736782262649
20230706093640970,6.65,6.64,6.646732434350604
20230706093641150,6.65,6.64,6.646732434350604
20230706093641390,6.65,6.64,6.646732434350604
20230706093643100,6.65,6.64,6.646732434350604
20230706093643590,6.65,6.64,6.646732434350604
20230706093643680,6.65,6.64,6.646732434350604
20230706093643860,6.65,6.64,6.646732434350604
20230706093643980,6.65,6.64,6.646732434350604
20230706093644080,6.65,6.64,6.646732434350604
20230706093644210,6.65,6.64,6.646732434350604
20230706093646180,6.65,6.64,6.646732434350604
20230706093646550,6.65,6.64,6.646732434350604
20230706093646760,6.65,6.64,6.646732434350604
20230706093648940,6.65,6.64,6.646732434350604
20230706093648950,6.65,6.64,6.646732434350604
20230706093648970,6.65,6.64,6.646732434350604
20230706093649460,6.65,6.64,6.646732434350604
20230706093651300,6.65,6.64,6.646732434350604
20230706093651530,6.65,6.64,6.646732434350604
20230706093652100,6.65,6.64,6.646732434350604
20230706093652110,6.65,6.64,6.646732434350604
20230706093654040,6.65,6.64,6.646732434350604
20230706093654560,6.65,6.64,6.646732434350604
20230706093654640,6.65,6.64,6.646732434350604
20230706093654900,6.65,6.64,6.646732434350604
20230706093656850,6.65,6.64,6.646732434350604
20230706093656910,6.65,6.64,6.646732434350604
20230706093657120,6.65,6.64,6.646732434350604
20230706093657130,6.65,6.64,6.646732434350604
20230706093657820,6.65,6.64,6.646732434350604
20230706093659500,6.65,6.64,6.646732434350604
20230706093659780,6.65,6.64,6.646732434350604
20230706093700050,6.65,6.64,6.646732434350604
20230706093700390,6.65,6.64,6.646732434350604
20230706093702210,6.65,6.64,6.646732434350604
20230706093702540,6.65,6.64,6.646732434350604
20230706093702860,6.65,6.64,6.646732434350604
20230706093703090,6.65,6.64,6.646732434350604
20230706093703100,6.65,6.64,6.6467150711969545
20230706093704760,6.65,6.64,6.6467150711969545
20230706093704810,6.65,6.64,6.6467150711969545
20230706093705180,6.65,6.64,6.6467150711969545
20230706093705250,6.65,6.64,6.6467150711969545
20230706093705460,6.65,6.64,6.6467150711969545
20230706093707550,6.65,6.64,6.6467150711969545
20230706093707580,6.65,6.64,6.6467150711969545
20230706093708190,6.65,6.64,6.6467150711969545
20230706093708240,6.65,6.64,6.6467150711969545
20230706093708450,6.65,6.64,6.6467150711969545
20230706093708460,6.65,6.64,6.6467150711969545
20230706093710070,6.65,6.64,6.6467150711969545
20230706093710220,6.65,6.64,6.6467150711969545
20230706093710340,6.65,6.64,6.6460451833989085
20230706093710360,6.65,6.64,6.6460451833989085
20230706093710420,6.65,6.64,6.6460451833989085
20230706093710470,6.65,6.64,6.6460451833989085
20230706093710600,6.65,6.64,6.6460451833989085
20230706093710710,6.65,6.64,6.6460451833989085
20230706093710720,6.65,6.64,6.6460451833989085
20230706093710750,6.65,6.64,6.6460451833989085
20230706093710950,6.65,6.64,6.6460451833989085
20230706093711050,6.65,6.64,6.646034460914734
20230706093711110,6.65,6.64,6.646034460914734
20230706093711150,6.65,6.64,6.646029877199646
20230706093711180,6.65,6.64,6.646019208896752
20230706093711220,6.65,6.64,6.646019208896752
20230706093711280,6.65,6.64,6.646019208896752
20230706093711290,6.65,6.64,6.646019208896752
20230706093711300,6.65,6.64,6.646019208896752
20230706093712910,6.65,6.64,6.646019208896752
20230706093712960,6.65,6.64,6.646019208896752
20230706093713080,6.65,6.64,6.646015407931296
20230706093713110,6.65,6.64,6.646012370613481
20230706093713220,6.65,6.64,6.646012370613481
20230706093713230,6.65,6.64,6.646012370613481
20230706093713660,6.65,6.64,6.646012370613481
20230706093713690,6.65,6.64,6.646012370613481
20230706093713920,6.65,6.64,6.646012370613481
20230706093713950,6.65,6.64,6.646012370613481
20230706093715480,6.65,6.64,6.646012370613481
20230706093715790,6.65,6.64,6.646012370613481
20230706093715970,6.65,6.64,6.646012370613481
20230706093716030,6.65,6.64,6.646012370613481
20230706093718600,6.65,6.64,6.646012370613481
20230706093718620,6.65,6.64,6.646012370613481
20230706093719350,6.65,6.64,6.646012370613481
20230706093719370,6.65,6.64,6.646012370613481
20230706093721720,6.65,6.64,6.646012370613481
20230706093721740,6.65,6.64,6.646012370613481
20230706093721850,6.65,6.64,6.646012370613481
20230706093721870,6.65,6.64,6.646012370613481
20230706093721950,6.65,6.64,6.646012370613481
20230706093723940,6.65,6.64,6.646012370613481
20230706093724260,6.65,6.64,6.646012370613481
20230706093724290,6.65,6.64,6.646012370613481
20230706093726360,6.65,6.64,6.646012370613481
20230706093726380,6.65,6.64,6.646012370613481
20230706093726530,6.65,6.64,6.646012370613481
20230706093726770,6.65,6.64,6.646012370613481
20230706093727100,6.65,6.64,6.646007815454431
20230706093729380,6.65,6.64,6.646007815454431
20230706093729400,6.65,6.64,6.646007815454431
20230706093732050,6.65,6.64,6.6459919537339704
20230706093732060,6.65,6.64,6.645971682746523
20230706093732070,6.65,6.64,6.645970934602857
20230706093732080,6.65,6.64,6.645970934602857
20230706093732090,6.65,6.64,6.645967701552329
20230706093732100,6.65,6.64,6.645960240060015
20230706093732120,6.65,6.64,6.645959494936867
20230706093732180,6.65,6.64,6.645959494936867
20230706093732190,6.65,6.64,6.645959494936867
20230706093732200,6.65,6.64,6.645959494936867
20230706093732320,6.65,6.64,6.645959494936867
20230706093732330,6.65,6.64,6.64595875
20230706093734880,6.65,6.64,6.64595875
20230706093734960,6.65,6.64,6.64595875
20230706093735040,6.65,6.64,6.645955772113943
20230706093737080,6.65,6.64,6.6459498252621065
20230706093737110,6.65,6.64,6.645942408376963
20230706093737230,6.65,6.64,6.645942408376963
20230706093737280,6.65,6.64,6.645942408376963
20230706093738330,6.65,6.64,6.645937227550131
20230706093740080,6.65,6.64,6.645920268256334
20230706093740100,6.65,6.64,6.645918063314712
20230706093740110,6.65,6.64,6.645915125946147
20230706093740260,6.65,6.64,6.645915125946147
20230706093740280,6.65,6.64,6.6459252382720635
20230706093740640,6.65,6.64,6.6459186449060335
20230706093740680,6.65,6.64,6.6459186449060335
20230706093740710,6.65,6.64,6.6459186449060335
20230706093740820,6.65,6.64,6.6459186449060335
20230706093740970,6.65,6.64,6.6459186449060335
20230706093743070,6.65,6.64,6.645915719228868
20230706093743080,6.65,6.64,6.645912796442688
20230706093743600,6.65,6.64,6.645912066197357
20230706093745510,6.65,6.64,6.645912066197357
20230706093745530,6.65,6.64,6.645912066197357
20230706093745560,6.65,6.64,6.645912066197357
20230706093745970,6.65,6.64,6.645912066197357
20230706093746080,6.65,6.64,6.64590695952616
20230706093746100,6.65,6.64,6.645898952556993
20230706093746330,6.65,6.64,6.645890967265568
20230706093748720,6.65,6.64,6.645890967265568
20230706093749060,6.65,6.64,6.645889517716536
20230706093749070,6.65,6.64,6.645883726647001
20230706093749130,6.65,6.64,6.645883003563967
20230706093751390,6.65,6.64,6.645883003563967
20230706093751570,6.65,6.64,6.645883003563967
20230706093751760,6.65,6.64,6.645883003563967
20230706093751770,6.65,6.64,6.645883003563967
20230706093753570,6.65,6.64,6.645883003563967
20230706093753760,6.65,6.64,6.645883003563967
20230706093754010,6.65,6.64,6.645882280658639
20230706093754060,6.65,6.64,6.645876503805549
20230706093754170,6.65,6.64,6.645876503805549
20230706093754390,6.65,6.64,6.645876503805549
20230706093756010,6.65,6.64,6.645876503805549
20230706093756020,6.65,6.64,6.645876503805549
20230706093756050,6.65,6.64,6.645873619631902
20230706093756060,6.65,6.64,6.645867140580954
20230706093756100,6.65,6.64,6.645865702732508
20230706093756230,6.65,6.64,6.645865702732508
20230706093756430,6.65,6.64,6.645865702732508
20230706093756680,6.65,6.64,6.645865702732508
20230706093756850,6.65,6.64,6.645865702732508
20230706093757090,6.65,6.64,6.645865702732508
20230706093757160,6.65,6.64,6.645865702732508
20230706093758670,6.65,6.64,6.645865702732508
20230706093759200,6.64,6.64,6.645865702732508
20230706093759220,6.64,6.64,6.645865702732508
20230706093759580,6.64,6.64,6.645865702732508
20230706093759650,6.64,6.64,6.645865702732508
20230706093759730,6.64,6.64,6.645865702732508
20230706093759740,6.64,6.64,6.645865702732508
20230706093759800,6.64,6.64,6.645865702732508
20230706093801410,6.64,6.64,6.645865702732508
20230706093801700,6.64,6.64,6.645865702732508
20230706093802110,6.64,6.64,6.645865702732508
20230706093802200,6.64,6.64,6.645865702732508
20230706093802230,6.64,6.64,6.645865702732508
20230706093802240,6.64,6.64,6.645865702732508
20230706093802570,6.64,6.64,6.645865702732508
20230706093804070,6.64,6.64,6.645865702732508
20230706093804080,6.64,6.64,6.645865702732508
20230706093804660,6.64,6.64,6.645865702732508
20230706093804670,6.65,6.64,6.645809466019418
20230706093804900,6.65,6.64,6.645809466019418
20230706093805320,6.65,6.64,6.645809466019418
20230706093807070,6.65,6.64,6.645809466019418
20230706093807370,6.65,6.64,6.645809466019418
20230706093807580,6.65,6.64,6.645809466019418
20230706093807650,6.65,6.64,6.645809466019418
20230706093807700,6.65,6.64,6.645809466019418
20230706093807710,6.65,6.64,6.645809466019418
20230706093807760,6.65,6.64,6.645809466019418
20230706093807880,6.65,6.64,6.645809466019418
20230706093807890,6.65,6.64,6.645809466019418
20230706093809600,6.65,6.64,6.645809466019418
20230706093809830,6.65,6.64,6.645809466019418
20230706093809840,6.65,6.64,6.645809466019418
20230706093809920,6.65,6.64,6.645809466019418
20230706093810180,6.65,6.64,6.645809466019418
20230706093810500,6.65,6.64,6.645809466019418
20230706093810650,6.65,6.64,6.645809466019418
20230706093812770,6.65,6.64,6.645802424242424
20230706093813020,6.65,6.64,6.645802424242424
20230706093813420,6.65,6.64,6.645802424242424
20230706093815000,6.65,6.64,6.645802424242424
20230706093817600,6.65,6.64,6.645802424242424
20230706093818010,6.65,6.64,6.645802424242424
20230706093818600,6.65,6.64,6.645802424242424
20230706093818790,6.65,6.64,6.645802424242424
20230706093818810,6.65,6.64,6.645802424242424
20230706093820290,6.65,6.64,6.645802424242424
20230706093820390,6.65,6.64,6.645802424242424
20230706093820530,6.65,6.64,6.645802424242424
20230706093820790,6.65,6.64,6.645802424242424
20230706093820810,6.65,6.64,6.645802424242424
20230706093820890,6.65,6.64,6.645802424242424
20230706093820940,6.65,6.64,6.645802424242424
20230706093823520,6.65,6.64,6.645802424242424
20230706093823530,6.65,6.64,6.645802424242424
20230706093824100,6.65,6.64,6.645802424242424
20230706093825730,6.65,6.64,6.645802424242424
20230706093825740,6.65,6.64,6.645802424242424
20230706093825780,6.65,6.64,6.645802424242424
20230706093825960,6.65,6.64,6.645802424242424
20230706093826020,6.65,6.64,6.645802424242424
20230706093828540,6.65,6.64,6.645802424242424
20230706093828780,6.65,6.64,6.645802424242424
20230706093828910,6.65,6.64,6.645802424242424
20230706093832060,6.65,6.64,6.645802424242424
20230706093834180,6.65,6.64,6.645802424242424
20230706093834440,6.65,6.64,6.645802424242424
20230706093836760,6.65,6.64,6.645802424242424
20230706093836820,6.65,6.64,6.645802424242424
20230706093836850,6.65,6.64,6.645798207364341
20230706093837170,6.65,6.64,6.645798207364341
20230706093837370,6.65,6.64,6.645793295413288
20230706093837420,6.65,6.64,6.645793295413288
20230706093837430,6.65,6.64,6.645793295413288
20230706093839460,6.65,6.64,6.645793295413288
20230706093839920,6.65,6.64,6.645793295413288
20230706093840070,6.65,6.64,6.645793295413288
20230706093840100,6.65,6.64,6.645811543559465
20230706093840190,6.65,6.64,6.645811543559465
20230706093840200,6.65,6.64,6.645811543559465
20230706093840410,6.65,6.64,6.645811543559465
20230706093841880,6.65,6.64,6.645811543559465
20230706093842460,6.65,6.64,6.645812552704493
20230706093842490,6.65,6.64,6.645812552704493
20230706093842860,6.65,6.64,6.645812552704493
20230706093843030,6.65,6.64,6.6458143734200075
20230706093844940,6.65,6.64,6.6458143734200075
20230706093845020,6.65,6.64,6.6458143734200075
20230706093845080,6.65,6.64,6.6458143734200075
20230706093845500,6.65,6.64,6.6458143734200075
20230706093847330,6.65,6.64,6.6458143734200075
20230706093847350,6.65,6.64,6.6458143734200075
20230706093847380,6.65,6.64,6.6458143734200075
20230706093847590,6.65,6.64,6.6458143734200075
20230706093847600,6.65,6.64,6.6458143734200075
20230706093847660,6.65,6.64,6.6458143734200075
20230706093850190,6.65,6.64,6.6458143734200075
20230706093850570,6.65,6.64,6.645872997032641
20230706093850770,6.65,6.64,6.645872997032641
20230706093853210,6.65,6.64,6.645872997032641
20230706093855390,6.65,6.64,6.645872997032641
20230706093855410,6.65,6.64,6.645872997032641
20230706093855440,6.65,6.64,6.645872997032641
20230706093855670,6.65,6.64,6.645872997032641
20230706093855840,6.65,6.64,6.645838348082596
20230706093856070,6.65,6.64,6.645838348082596
20230706093856360,6.65,6.64,6.645838348082596
20230706093858080,6.65,6.64,6.645838348082596
20230706093858270,6.65,6.64,6.645838348082596
20230706093858510,6.65,6.64,6.645838348082596
20230706093901100,6.65,6.64,6.645838348082596
20230706093901150,6.65,6.64,6.645839820712432
20230706093901430,6.65,6.64,6.645839820712432
20230706093901570,6.65,6.64,6.645839820712432
20230706093901580,6.65,6.64,6.645839820712432
20230706093903830,6.65,6.64,6.64583913197311
20230706093906630,6.65,6.64,6.64583913197311
20230706093906890,6.65,6.64,6.64583913197311
20230706093907240,6.65,6.64,6.64583913197311
20230706093907380,6.65,6.64,6.64583490343853
20230706093909550,6.65,6.64,6.64583490343853
20230706093909760,6.65,6.64,6.64583490343853
20230706093909810,6.65,6.64,6.64583490343853
20230706093910080,6.65,6.64,6.64583490343853
20230706093911600,6.65,6.64,6.64583490343853
20230706093911820,6.65,6.64,6.64583490343853
20230706093912030,6.65,6.64,6.64583490343853
20230706093912450,6.65,6.64,6.64583490343853
20230706093912460,6.65,6.64,6.64583490343853
20230706093914680,6.65,6.64,6.64583490343853
20230706093914700,6.65,6.64,6.64583490343853
20230706093914860,6.65,6.64,6.64583490343853
20230706093914890,6.65,6.64,6.64583490343853
20230706093914910,6.65,6.64,6.64583490343853
20230706093915010,6.65,6.64,6.64583490343853
20230706093917040,6.65,6.64,6.64583490343853
20230706093917180,6.65,6.64,6.64583490343853
20230706093917940,6.65,6.64,6.64583490343853
20230706093918070,6.65,6.64,6.64583490343853
20230706093919790,6.65,6.64,6.64583490343853
20230706093919840,6.65,6.64,6.64583490343853
20230706093919950,6.65,6.64,6.64583490343853
20230706093920620,6.65,6.64,6.64583490343853
20230706093920660,6.65,6.64,6.64583490343853
20230706093925130,6.65,6.64,6.64583490343853
20230706093925210,6.65,6.64,6.64583490343853
20230706093925740,6.65,6.64,6.64583588415352
20230706093928560,6.65,6.64,6.64583588415352
20230706093928790,6.65,6.64,6.64583588415352
20230706093928820,6.65,6.64,6.64583588415352
20230706093931110,6.65,6.64,6.645826780894261
20230706093931120,6.65,6.64,6.645826780894261
20230706093931230,6.65,6.64,6.645826780894261
20230706093931260,6.65,6.64,6.645826780894261
20230706093931670,6.65,6.64,6.645826780894261
20230706093933340,6.65,6.64,6.645826780894261
20230706093933750,6.65,6.64,6.645826780894261
20230706093933970,6.65,6.64,6.645826780894261
20230706093936370,6.65,6.64,6.645826780894261
20230706093936510,6.65,6.64,6.645826780894261
20230706093936960,6.65,6.64,6.645826780894261
20230706093938930,6.65,6.64,6.645826780894261
20230706093939570,6.65,6.64,6.645826780894261
20230706093939640,6.65,6.64,6.645826780894261
20230706093941250,6.65,6.64,6.645826780894261
20230706093941330,6.65,6.64,6.645826780894261
20230706093942200,6.65,6.64,6.645821805392732
20230706093942260,6.65,6.64,6.645821805392732
20230706093943960,6.65,6.64,6.645821805392732
20230706093944470,6.65,6.64,6.645821805392732
20230706093946810,6.65,6.64,6.645821805392732
20230706093947500,6.65,6.64,6.645821805392732
20230706093947590,6.65,6.64,6.645821805392732
20230706093947630,6.65,6.64,6.6458257203092055
20230706093947820,6.65,6.64,6.6458257203092055
20230706093949360,6.65,6.64,6.6458257203092055
20230706093950160,6.65,6.64,6.6458257203092055
20230706093950600,6.65,6.64,6.6458257203092055
20230706093952510,6.65,6.64,6.6458257203092055
20230706093953090,6.65,6.64,6.6458257203092055
20230706093955770,6.65,6.64,6.6458257203092055
20230706093955860,6.65,6.64,6.645819585819586
20230706093958070,6.65,6.64,6.645819585819586
20230706093958570,6.65,6.64,6.645819585819586
20230706094000220,6.65,6.64,6.645819585819586
20230706094000250,6.65,6.64,6.645819585819586
20230706094000270,6.65,6.64,6.645819585819586
20230706094000340,6.65,6.64,6.645819585819586
20230706094000450,6.65,6.64,6.645819585819586
20230706094000660,6.65,6.64,6.645819585819586
20230706094000900,6.65,6.64,6.645820074871315
20230706094000910,6.65,6.64,6.645820074871315
20230706094001080,6.65,6.64,6.645821541340194
20230706094001090,6.65,6.64,6.645822518414591
20230706094001310,6.65,6.64,6.645822518414591
20230706094003890,6.65,6.64,6.645822518414591
20230706094005670,6.65,6.64,6.645822518414591
20230706094006020,6.65,6.64,6.645822518414591
20230706094006030,6.65,6.64,6.645822518414591
20230706094008540,6.65,6.64,6.645822518414591
20230706094008820,6.65,6.64,6.645822518414591
20230706094009110,6.65,6.64,6.645822518414591
20230706094011200,6.65,6.64,6.645822518414591
20230706094013680,6.65,6.64,6.645822518414591
20230706094014170,6.65,6.64,6.645822518414591
20230706094014230,6.65,6.64,6.645822518414591
20230706094014460,6.65,6.64,6.645822518414591
20230706094016520,6.65,6.64,6.645821837736731
20230706094017070,6.65,6.64,6.645821837736731
20230706094017080,6.65,6.64,6.645821837736731
20230706094017420,6.65,6.64,6.645821837736731
20230706094017490,6.65,6.64,6.645821837736731
20230706094019780,6.65,6.64,6.645819116616032
20230706094022180,6.65,6.64,6.645819116616032
20230706094025110,6.65,6.64,6.645819116616032
20230706094025280,6.65,6.64,6.645819116616032
20230706094025530,6.65,6.64,6.645808557770782
20230706094025690,6.65,6.64,6.645808557770782
20230706094025710,6.65,6.64,6.645808557770782
20230706094027990,6.65,6.64,6.645808557770782
20230706094028400,6.65,6.64,6.645808557770782
20230706094030060,6.65,6.64,6.645808557770782
20230706094030320,6.65,6.64,6.645803446669772
20230706094030620,6.65,6.64,6.645803446669772
20230706094030660,6.65,6.64,6.645803446669772
20230706094032600,6.65,6.64,6.645803446669772
20230706094032750,6.65,6.64,6.645803446669772
20230706094033520,6.65,6.64,6.645803446669772
20230706094035400,6.65,6.64,6.645803446669772
20230706094036310,6.65,6.64,6.645803446669772
20230706094038890,6.65,6.64,6.645803446669772
20230706094039050,6.65,6.64,6.645803446669772
20230706094041080,6.65,6.64,6.645803446669772
20230706094041450,6.65,6.64,6.645803446669772
20230706094044060,6.65,6.64,6.645803446669772
20230706094044150,6.65,6.64,6.645803446669772
20230706094044400,6.65,6.64,6.645803446669772
20230706094046260,6.65,6.64,6.645803446669772
20230706094046640,6.65,6.64,6.645803446669772
20230706094048990,6.65,6.64,6.645805888513907
20230706094049710,6.65,6.64,6.645805888513907
20230706094057740,6.65,6.64,6.645805888513907
20230706094059710,6.65,6.64,6.645806376541773
20230706094059840,6.65,6.64,6.645806376541773
20230706094102430,6.65,6.64,6.645806376541773
20230706094102630,6.65,6.64,6.645806376541773
20230706094104990,6.65,6.64,6.645806376541773
20230706094105200,6.65,6.64,6.645818055233232
20230706094105220,6.65,6.64,6.645818055233232
20230706094105270,6.65,6.64,6.645818055233232
20230706094105280,6.65,6.64,6.645818055233232
20230706094105360,6.65,6.64,6.645818055233232
20230706094108120,6.65,6.64,6.645818055233232
20230706094108140,6.65,6.64,6.645818055233232
20230706094108850,6.65,6.64,6.645818055233232
20230706094108870,6.65,6.64,6.645818055233232
20230706094110830,6.65,6.64,6.645818055233232
20230706094110850,6.65,6.64,6.645818055233232
20230706094113590,6.65,6.64,6.645818055233232
20230706094113810,6.65,6.64,6.645818055233232
20230706094113830,6.65,6.64,6.645818055233232
20230706094116010,6.65,6.64,6.645427581727646
20230706094116030,6.65,6.64,6.645427581727646
20230706094116180,6.65,6.64,6.645446313065976
20230706094116230,6.65,6.64,6.645446313065976
20230706094116310,6.65,6.64,6.645446313065976
20230706094117000,6.65,6.64,6.645446313065976
20230706094118700,6.65,6.64,6.645456010312601
20230706094118930,6.65,6.64,6.645456010312601
20230706094119090,6.65,6.64,6.645456010312601
20230706094119680,6.65,6.64,6.645456010312601
20230706094119700,6.65,6.64,6.645456010312601
20230706094122110,6.65,6.64,6.645456010312601
20230706094123860,6.65,6.64,6.645456010312601
20230706094124280,6.65,6.64,6.645456010312601
20230706094124420,6.65,6.64,6.645456010312601
20230706094124440,6.65,6.64,6.645447232947233
20230706094124550,6.65,6.64,6.645447232947233
20230706094124860,6.65,6.64,6.645399574920297
20230706094129550,6.65,6.64,6.645399574920297
20230706094129680,6.65,6.64,6.645399574920297
20230706094129690,6.65,6.64,6.645399574920297
20230706094129750,6.65,6.64,6.645399574920297
20230706094130000,6.65,6.64,6.645399574920297
20230706094130020,6.65,6.64,6.645399574920297
20230706094130030,6.65,6.64,6.645399574920297
20230706094130090,6.65,6.64,6.645399574920297
20230706094130220,6.65,6.64,6.64539138735681
20230706094132050,6.65,6.64,6.64539138735681
20230706094135330,6.65,6.64,6.64539138735681
20230706094135360,6.65,6.64,6.64539138735681
20230706094135820,6.65,6.64,6.64539138735681
20230706094137510,6.65,6.64,6.64539138735681
20230706094140200,6.65,6.64,6.64539138735681
20230706094140350,6.65,6.64,6.64539138735681
20230706094140610,6.65,6.64,6.64539138735681
20230706094140880,6.65,6.64,6.64539138735681
20230706094146020,6.65,6.64,6.64539138735681
20230706094146110,6.65,6.64,6.645391876126843
20230706094148590,6.65,6.64,6.645391876126843
20230706094150930,6.65,6.64,6.645391876126843
20230706094151360,6.65,6.64,6.645391876126843
20230706094151850,6.65,6.64,6.645391876126843
20230706094153720,6.65,6.64,6.645396758131158
20230706094154060,6.65,6.64,6.6453972457627115
20230706094154110,6.65,6.64,6.6453987080377
20230706094154290,6.65,6.64,6.645420048487404
20230706094156570,6.65,6.64,6.645420048487404
20230706094156690,6.65,6.64,6.645420048487404
20230706094156700,6.66,6.65,6.645884247418774
20230706094156720,6.66,6.65,6.645890864384339
20230706094156740,6.66,6.65,6.645890864384339
20230706094156750,6.66,6.65,6.645890864384339
20230706094157000,6.66,6.65,6.645890864384339
20230706094157020,6.66,6.65,6.645890864384339
20230706094157420,6.66,6.65,6.645891252955082
20230706094157430,6.66,6.65,6.645891252955082
20230706094158960,6.66,6.65,6.645891252955082
20230706094159180,6.66,6.65,6.645891252955082
20230706094159220,6.66,6.65,6.645893920771485
20230706094159250,6.66,6.65,6.64589525430138
20230706094159440,6.66,6.65,6.64589525430138
20230706094200120,6.66,6.65,6.64589525430138
20230706094200180,6.66,6.65,6.64596293160222
20230706094200190,6.66,6.65,6.646035192811681
20230706094200200,6.66,6.65,6.646092468307233
20230706094202040,6.66,6.65,6.646099739486416
20230706094202440,6.66,6.65,6.646099739486416
20230706094202520,6.66,6.65,6.646099739486416
20230706094204640,6.66,6.65,6.646099739486416
20230706094204740,6.66,6.65,6.646230414746544
20230706094204780,6.66,6.65,6.646236757254721
20230706094204810,6.66,6.65,6.646236757254721
20230706094204820,6.67,6.65,6.647563472904354
20230706094204830,6.67,6.66,6.647563472904354
20230706094204850,6.67,6.66,6.647563472904354
20230706094204860,6.67,6.66,6.647563472904354
20230706094204880,6.67,6.66,6.647563472904354
20230706094204900,6.67,6.66,6.647563472904354
20230706094205480,6.67,6.66,6.647563472904354
20230706094207150,6.67,6.66,6.647563472904354
20230706094207170,6.67,6.66,6.647563472904354
20230706094207380,6.67,6.66,6.647563472904354
20230706094207660,6.67,6.66,6.647563472904354
20230706094208050,6.67,6.66,6.647575883575883
20230706094208270,6.67,6.66,6.647575883575883
20230706094210080,6.67,6.66,6.647582079627629
20230706094210790,6.67,6.66,6.647658217362491
20230706094210850,6.67,6.66,6.647726484433067
20230706094210910,6.67,6.66,6.647808951785421
20230706094212640,6.67,6.66,6.647808951785421
20230706094212880,6.67,6.66,6.647808951785421
20230706094213110,6.67,6.66,6.6478126028298785
20230706094213350,6.67,6.66,6.6478126028298785
20230706094213580,6.67,6.66,6.6478126028298785
20230706094215610,6.67,6.66,6.6478126028298785
20230706094215730,6.67,6.66,6.647816252673137
20230706094216060,6.67,6.66,6.647816252673137
20230706094216080,6.67,6.66,6.647818256578947
20230706094216100,6.67,6.66,6.647820259825687
20230706094221020,6.67,6.66,6.647820259825687
20230706094221650,6.67,6.66,6.647853218532186
20230706094221710,6.67,6.66,6.647853218532186
20230706094224290,6.67,6.66,6.647853218532186
20230706094226310,6.67,6.66,6.647853218532186
20230706094226720,6.67,6.66,6.647853218532186
20230706094228780,6.67,6.66,6.647853218532186
20230706094229450,6.67,6.66,6.647853218532186
20230706094231870,6.67,6.66,6.647853218532186
20230706094232170,6.67,6.66,6.647853218532186
20230706094232480,6.67,6.66,6.647853218532186
20230706094234070,6.67,6.66,6.647853218532186
20230706094234080,6.67,6.66,6.647853218532186
20230706094234150,6.67,6.66,6.647853218532186
20230706094234180,6.67,6.66,6.647853218532186
20230706094234220,6.67,6.66,6.647853218532186
20230706094234400,6.67,6.66,6.647933365917237
20230706094234420,6.67,6.66,6.647933365917237
20230706094235030,6.67,6.66,6.647937296416938
20230706094235040,6.67,6.66,6.647972556024683
20230706094235050,6.67,6.66,6.647981338742394
20230706094235240,6.67,6.66,6.647991082286177
20230706094237060,6.67,6.66,6.647991082286177
20230706094237070,6.67,6.66,6.647991082286177
20230706094237090,6.67,6.66,6.647991082286177
20230706094237340,6.67,6.66,6.647991082286177
20230706094237610,6.67,6.66,6.647991082286177
20230706094242660,6.67,6.66,6.647991082286177
20230706094242700,6.67,6.66,6.647991082286177
20230706094243110,6.67,6.66,6.647991082286177
20230706094243320,6.67,6.66,6.647991082286177
20230706094245560,6.67,6.66,6.647991082286177
20230706094245790,6.67,6.66,6.647991082286177
20230706094245900,6.67,6.66,6.647991082286177
20230706094246070,6.67,6.66,6.647991082286177
20230706094247820,6.67,6.66,6.647991082286177
20230706094247860,6.67,6.66,6.647991082286177
20230706094248380,6.67,6.66,6.647991082286177
20230706094250250,6.67,6.66,6.647991082286177
20230706094250760,6.67,6.66,6.647991082286177
20230706094250780,6.67,6.66,6.647991082286177
20230706094250940,6.67,6.66,6.647991082286177
20230706094253200,6.67,6.66,6.647991082286177
20230706094253910,6.67,6.66,6.647991082286177
20230706094256050,6.67,6.66,6.647991082286177
20230706094256170,6.67,6.66,6.647991082286177
20230706094256210,6.67,6.66,6.647991082286177
20230706094256510,6.67,6.66,6.647991082286177
20230706094256550,6.67,6.66,6.647991082286177
20230706094258610,6.67,6.66,6.647991082286177
20230706094258730,6.67,6.66,6.647991082286177
20230706094258820,6.67,6.66,6.647991082286177
20230706094259020,6.67,6.66,6.647991082286177
20230706094259160,6.67,6.66,6.647991082286177
20230706094301090,6.67,6.66,6.647991082286177
20230706094301340,6.67,6.66,6.647991082286177
20230706094301460,6.67,6.66,6.647991082286177
20230706094301470,6.67,6.66,6.648151495760678
20230706094301580,6.67,6.66,6.648181164629762
20230706094301650,6.67,6.66,6.648181164629762
20230706094301730,6.67,6.66,6.648181164629762
20230706094301850,6.67,6.66,6.648181164629762
20230706094301940,6.67,6.66,6.648209014758676
20230706094302000,6.67,6.66,6.648209014758676
20230706094304080,6.67,6.65,6.6482418456642804
20230706094304160,6.67,6.65,6.6482418456642804
20230706094304380,6.67,6.66,6.6482418456642804
20230706094304390,6.67,6.66,6.6482418456642804
20230706094304460,6.67,6.66,6.6482418456642804
20230706094304840,6.67,6.66,6.6482418456642804
20230706094304850,6.67,6.66,6.6482418456642804
20230706094304900,6.67,6.66,6.6482418456642804
20230706094307080,6.67,6.66,6.648244651236777
20230706094307480,6.67,6.66,6.648244651236777
20230706094310070,6.67,6.66,6.648244651236777
20230706094312700,6.67,6.66,6.648244651236777
20230706094312970,6.67,6.66,6.6482653953118795
20230706094314780,6.67,6.66,6.6482653953118795
20230706094314980,6.67,6.66,6.6482653953118795
20230706094315020,6.67,6.66,6.6482653953118795
20230706094315070,6.67,6.66,6.6482653953118795
20230706094315300,6.67,6.66,6.6482653953118795
20230706094315480,6.67,6.66,6.6482653953118795
20230706094315590,6.67,6.66,6.6482653953118795
20230706094317620,6.67,6.66,6.6482653953118795
20230706094317640,6.67,6.66,6.6482747121873755
20230706094318120,6.67,6.66,6.648326336633663
20230706094320080,6.67,6.66,6.648326336633663
20230706094320210,6.67,6.66,6.648326336633663
20230706094320230,6.67,6.66,6.648326336633663
20230706094320430,6.67,6.66,6.648326336633663
20230706094320600,6.67,6.66,6.648326336633663
20230706094320650,6.67,6.66,6.648326336633663
20230706094320910,6.67,6.66,6.648326336633663
20230706094323430,6.67,6.66,6.648326336633663
20230706094323490,6.67,6.66,6.648326336633663
20230706094325690,6.67,6.66,6.648326336633663
20230706094325840,6.67,6.66,6.648326336633663
20230706094326220,6.67,6.66,6.648326336633663
20230706094328220,6.67,6.66,6.648326336633663
20230706094328610,6.67,6.66,6.648326336633663
20230706094328650,6.67,6.66,6.648326336633663
20230706094328660,6.67,6.66,6.648326336633663
20230706094328740,6.67,6.66,6.648326336633663
20230706094329070,6.67,6.66,6.648326336633663
20230706094331030,6.67,6.66,6.648327261207033
20230706094331240,6.67,6.66,6.648327261207033
20230706094333570,6.67,6.66,6.648336498892054
20230706094333610,6.67,6.66,6.648336498892054
20230706094334390,6.67,6.66,6.648336498892054
20230706094334610,6.67,6.66,6.648336498892054
20230706094336520,6.67,6.66,6.648336498892054
20230706094337100,6.67,6.66,6.648336498892054
20230706094337120,6.67,6.66,6.648336498892054
20230706094337150,6.67,6.66,6.648336498892054
20230706094337200,6.67,6.66,6.648351917754053
20230706094337220,6.67,6.66,6.648351917754053
20230706094339050,6.67,6.66,6.648351917754053
20230706094339450,6.67,6.66,6.648351917754053
20230706094339500,6.67,6.66,6.648351917754053
20230706094340070,6.67,6.66,6.648351917754053
20230706094341580,6.67,6.66,6.648351917754053
20230706094342310,6.67,6.66,6.648351917754053
20230706094344510,6.67,6.66,6.648352838842322
20230706094344830,6.67,6.66,6.648352838842322
20230706094344930,6.67,6.66,6.648352838842322
20230706094347440,6.67,6.66,6.648352838842322
20230706094347460,6.67,6.66,6.648352838842322
20230706094347710,6.67,6.66,6.648352838842322
20230706094347800,6.67,6.66,6.648352838842322
20230706094350150,6.67,6.66,6.648352838842322
20230706094352970,6.67,6.66,6.648352838842322
20230706094353100,6.67,6.66,6.648352838842322
20230706094355120,6.67,6.66,6.648352838842322
20230706094355210,6.67,6.66,6.648352838842322
20230706094355310,6.67,6.66,6.648352838842322
20230706094355560,6.67,6.66,6.648352838842322
20230706094356090,6.67,6.66,6.648352838842322
20230706094356180,6.67,6.66,6.648352838842322
20230706094358110,6.67,6.66,6.648352838842322
20230706094358750,6.67,6.66,6.648352838842322
20230706094401070,6.67,6.66,6.648352838842322
20230706094401100,6.67,6.66,6.648352838842322
20230706094406010,6.67,6.66,6.648352838842322
20230706094406180,6.67,6.66,6.648352838842322
20230706094406390,6.67,6.66,6.648352838842322
20230706094406630,6.67,6.66,6.648352838842322
20230706094409020,6.67,6.66,6.648352838842322
20230706094409640,6.67,6.66,6.648352838842322
20230706094411560,6.67,6.66,6.648352838842322
20230706094412400,6.67,6.66,6.648364814668458
20230706094414070,6.67,6.66,6.648364814668458
20230706094414260,6.67,6.66,6.648364814668458
20230706094414270,6.67,6.66,6.648364814668458
20230706094416810,6.67,6.66,6.648366524419156
20230706094416970,6.67,6.66,6.648375710675932
20230706094417440,6.67,6.66,6.648375710675932
20230706094420140,6.67,6.66,6.648375710675932
20230706094420310,6.67,6.66,6.648377418081327
20230706094422410,6.67,6.66,6.648377418081327
20230706094425110,6.67,6.66,6.648377418081327
20230706094425120,6.67,6.66,6.648377418081327
20230706094425220,6.67,6.66,6.648380170508368
20230706094425240,6.67,6.66,6.64839299794985
20230706094425370,6.67,6.66,6.64839299794985
20230706094425410,6.67,6.66,6.64839299794985
20230706094425870,6.67,6.66,6.64839299794985
20230706094428070,6.67,6.66,6.648405797101449
20230706094428110,6.67,6.66,6.648405797101449
20230706094430520,6.67,6.66,6.648408536105205
20230706094430540,6.67,6.66,6.648408536105205
20230706094430650,6.67,6.66,6.648408536105205
20230706094431070,6.67,6.66,6.648414922084055
20230706094432970,6.67,6.66,6.648414922084055
20230706094434070,6.67,6.66,6.648419479191252
20230706094434080,6.67,6.66,6.64844152782144
20230706094435730,6.67,6.66,6.64844152782144
20230706094436630,6.67,6.66,6.64844152782144
20230706094438960,6.67,6.66,6.64844152782144
20230706094441430,6.67,6.66,6.64844152782144
20230706094443660,6.67,6.66,6.64844152782144
20230706094444190,6.67,6.66,6.64844152782144
20230706094444320,6.67,6.66,6.64844152782144
20230706094446790,6.67,6.66,6.648448302954117
20230706094446960,6.67,6.66,6.648448302954117
20230706094449110,6.67,6.66,6.648451688923802
20230706094449700,6.67,6.66,6.648451688923802
20230706094449800,6.67,6.66,6.648451688923802
20230706094450220,6.67,6.66,6.648458941749097
20230706094452030,6.67,6.66,6.648472461948847
20230706094452080,6.67,6.66,6.648474150780576
20230706094452100,6.67,6.66,6.648474150780576
20230706094454730,6.67,6.66,6.648483185701967
20230706094455000,6.67,6.66,6.648486795705666
20230706094455080,6.67,6.66,6.64853675667239
20230706094458090,6.67,6.66,6.648543454517085
20230706094458100,6.67,6.66,6.648548475157944
20230706094458110,6.67,6.66,6.648548475157944
20230706094501080,6.67,6.66,6.648550148182811
20230706094503040,6.67,6.66,6.648550148182811
20230706094503530,6.67,6.66,6.648550148182811
20230706094503650,6.67,6.66,6.648550148182811
20230706094508350,6.67,6.66,6.648563522992985
20230706094508450,6.67,6.66,6.648563522992985
20230706094508590,6.67,6.66,6.648563522992985
20230706094508790,6.67,6.66,6.648563522992985
20230706094509110,6.67,6.66,6.648563522992985
20230706094510740,6.67,6.66,6.648563522992985
20230706094510860,6.67,6.66,6.648563522992985
20230706094510890,6.67,6.66,6.648563522992985
20230706094511280,6.67,6.66,6.648563522992985
20230706094511370,6.67,6.66,6.648563522992985
20230706094514370,6.67,6.66,6.648563522992985
20230706094516110,6.67,6.66,6.648563522992985
20230706094516240,6.67,6.66,6.648563522992985
20230706094516890,6.67,6.66,6.648563522992985
20230706094516950,6.67,6.66,6.648563522992985
20230706094518720,6.67,6.66,6.648563522992985
20230706094519130,6.67,6.66,6.648563522992985
20230706094519910,6.67,6.66,6.648563522992985
20230706094521430,6.67,6.66,6.648563522992985
20230706094522140,6.67,6.66,6.648563522992985
20230706094525130,6.67,6.66,6.648563522992985
20230706094527870,6.67,6.66,6.648563522992985
20230706094528070,6.67,6.66,6.648566196524585
20230706094528080,6.67,6.66,6.648570649633899
20230706094530230,6.67,6.66,6.648570649633899
20230706094533150,6.67,6.66,6.648573987538941
20230706094533250,6.67,6.66,6.648573987538941
20230706094535160,6.67,6.66,6.648573987538941
20230706094535480,6.67,6.66,6.648573987538941
20230706094535590,6.67,6.66,6.648573987538941
20230706094536020,6.67,6.66,6.648573987538941
20230706094537960,6.67,6.66,6.648573987538941
20230706094538240,6.67,6.66,6.648600621600622
20230706094538290,6.67,6.66,6.648600621600622
20230706094540380,6.67,6.66,6.648600621600622
20230706094540670,6.67,6.66,6.648600621600622
20230706094543080,6.67,6.66,6.648600621600622
20230706094543120,6.67,6.66,6.648600621600622
20230706094546080,6.67,6.66,6.648600621600622
20230706094546100,6.67,6.66,6.648604054998835
20230706094546530,6.67,6.66,6.6486057169488895
20230706094546560,6.67,6.66,6.6486057169488895
20230706094546780,6.67,6.66,6.6486057169488895
20230706094548460,6.67,6.66,6.6486057169488895
20230706094548640,6.67,6.66,6.6486057169488895
20230706094549490,6.67,6.66,6.6486057169488895
20230706094551470,6.67,6.66,6.6486057169488895
20230706094551520,6.67,6.66,6.6486057169488895
20230706094551550,6.67,6.66,6.6486057169488895
20230706094552110,6.67,6.66,6.6486057169488895
20230706094553920,6.67,6.66,6.6486057169488895
20230706094554700,6.67,6.66,6.648759157862266
20230706094555010,6.67,6.66,6.6487607958050585
20230706094555040,6.67,6.66,6.6487607958050585
20230706094557020,6.67,6.66,6.6487607958050585
20230706094557070,6.67,6.66,6.6487607958050585
20230706094559460,6.67,6.66,6.6487607958050585
20230706094559690,6.67,6.66,6.6487607958050585
20230706094559900,6.67,6.66,6.6487607958050585
20230706094559990,6.67,6.66,6.6487607958050585
20230706094602140,6.67,6.66,6.648783398783399
20230706094602880,6.67,6.66,6.648783398783399
20230706094604640,6.67,6.66,6.648783398783399
20230706094605190,6.67,6.66,6.648783398783399
20230706094605210,6.67,6.66,6.648783398783399
20230706094605500,6.67,6.66,6.648783398783399
20230706094610200,6.67,6.66,6.648783398783399
20230706094610210,6.67,6.66,6.648783398783399
20230706094610250,6.67,6.66,6.648783398783399
20230706094612870,6.67,6.66,6.6489618611746755
20230706094612920,6.67,6.66,6.6489618611746755
20230706094613080,6.67,6.66,6.6489618611746755
20230706094616120,6.67,6.66,6.648989106421879
20230706094616260,6.67,6.66,6.648989106421879
20230706094616350,6.67,6.66,6.648989106421879
20230706094618270,6.67,6.66,6.648989106421879
20230706094619180,6.67,6.66,6.648989106421879
20230706094623660,6.67,6.66,6.648989106421879
20230706094624010,6.67,6.66,6.648989106421879
20230706094624180,6.67,6.66,6.648989106421879
20230706094626550,6.67,6.66,6.648989106421879
20230706094632010,6.67,6.66,6.648989106421879
20230706094634920,6.67,6.66,6.648989106421879
20230706094635050,6.67,6.66,6.648989106421879
20230706094637100,6.67,6.66,6.648989106421879
20230706094637560,6.67,6.66,6.648989106421879
20230706094640240,6.67,6.66,6.648989106421879
20230706094640860,6.67,6.66,6.648989106421879
20230706094642720,6.67,6.66,6.648989106421879
20230706094642910,6.67,6.66,6.648989106421879
20230706094643110,6.67,6.66,6.648989106421879
20230706094643140,6.67,6.66,6.648989106421879
20230706094643210,6.67,6.66,6.64899558330795
20230706094643560,6.67,6.66,6.64899558330795
20230706094645620,6.67,6.66,6.64899558330795
20230706094646100,6.67,6.66,6.64899558330795
20230706094646170,6.67,6.66,6.64899558330795
20230706094647830,6.67,6.66,6.64899558330795
20230706094650920,6.67,6.66,6.64899558330795
20230706094651400,6.67,6.66,6.64899558330795
20230706094653490,6.67,6.66,6.649003120006088
20230706094653500,6.67,6.66,6.649003120006088
20230706094653720,6.67,6.66,6.649003120006088
20230706094654120,6.67,6.66,6.649003120006088
20230706094654150,6.67,6.66,6.649003120006088
20230706094659140,6.67,6.66,6.649003120006088
20230706094659640,6.67,6.66,6.649003120006088
20230706094701900,6.67,6.66,6.649003120006088
20230706094704450,6.67,6.66,6.649003120006088
20230706094704630,6.67,6.66,6.649003120006088
20230706094704740,6.67,6.66,6.649003120006088
20230706094705150,6.67,6.66,6.649003120006088
20230706094705250,6.67,6.66,6.649003120006088
20230706094707090,6.67,6.66,6.649003120006088
20230706094709570,6.67,6.66,6.649003120006088
20230706094712650,6.67,6.66,6.649003120006088
20230706094713080,6.67,6.66,6.649003120006088
20230706094713090,6.67,6.66,6.649003120006088
20230706094714830,6.67,6.66,6.649003120006088
20230706094715430,6.67,6.66,6.649003120006088
20230706094715660,6.67,6.66,6.649003120006088
20230706094716010,6.67,6.66,6.649003120006088
20230706094717570,6.67,6.66,6.649003120006088
20230706094720310,6.67,6.66,6.649145337863344
20230706094720330,6.67,6.66,6.649145337863344
20230706094723030,6.67,6.66,6.649145337863344
20230706094723200,6.67,6.66,6.649145337863344
20230706094723840,6.67,6.66,6.649202675283686
20230706094723980,6.67,6.66,6.649309958133971
20230706094725960,6.67,6.66,6.649309958133971
20230706094726390,6.67,6.66,6.649309958133971
20230706094728390,6.67,6.66,6.649309958133971
20230706094728830,6.67,6.66,6.649309958133971
20230706094732020,6.67,6.66,6.649309958133971
20230706094732040,6.67,6.66,6.649309958133971
20230706094732100,6.67,6.66,6.649309958133971
20230706094734100,6.67,6.66,6.649309958133971
20230706094734520,6.67,6.66,6.649309958133971
20230706094736880,6.67,6.66,6.649309958133971
20230706094736910,6.67,6.66,6.649309958133971
20230706094737090,6.67,6.66,6.649309958133971
20230706094737100,6.67,6.66,6.649309958133971
20230706094737170,6.67,6.66,6.649309958133971
20230706094737220,6.67,6.66,6.649309958133971
20230706094737530,6.67,6.66,6.649309958133971
20230706094739130,6.67,6.66,6.649309958133971
20230706094740180,6.67,6.66,6.649309958133971
20230706094740200,6.67,6.66,6.649309958133971
20230706094742460,6.67,6.66,6.649309958133971
20230706094742550,6.67,6.66,6.649309958133971
20230706094744890,6.67,6.66,6.649309958133971
20230706094747500,6.67,6.66,6.649309958133971
20230706094750290,6.67,6.66,6.649309958133971
20230706094750300,6.67,6.66,6.649309958133971
20230706094751040,6.67,6.66,6.649309958133971
20230706094752680,6.67,6.66,6.649309958133971
20230706094752930,6.67,6.66,6.649309958133971
20230706094755800,6.67,6.66,6.649309958133971
20230706094755880,6.67,6.66,6.649309958133971
20230706094758310,6.67,6.66,6.649309958133971
20230706094758650,6.67,6.66,6.649309958133971
20230706094759210,6.67,6.66,6.649309958133971
20230706094801690,6.67,6.66,6.6497089229415645
20230706094801700,6.67,6.66,6.651045818779536
20230706094801720,6.67,6.66,6.65104711683331
20230706094801730,6.67,6.66,6.651048414709306
20230706094801750,6.67,6.66,6.651051009928107
20230706094801760,6.67,6.66,6.65105749486653
20230706094801800,6.67,6.66,6.65106267962228
20230706094801810,6.67,6.66,6.651063975367773
20230706094801850,6.67,6.66,6.651063975367773
20230706094801860,6.67,6.66,6.651063975367773
20230706094801870,6.67,6.66,6.6510743349517885
20230706094801880,6.67,6.66,6.651089853091903
20230706094801900,6.67,6.66,6.651091145121618
20230706094801910,6.67,6.66,6.65109502015165
20230706094801930,6.67,6.66,6.65109631147541
20230706094801940,6.67,6.67,6.651100184388445
20230706094801960,6.67,6.67,6.651100184388445
20230706094803450,6.67,6.67,6.651100184388445
20230706094803580,6.67,6.67,6.651100184388445
20230706094804030,6.67,6.67,6.651100184388445
20230706094804080,6.67,6.67,6.651100184388445
20230706094804100,6.67,6.67,6.651100184388445
20230706094804120,6.67,6.67,6.651100184388445
20230706094804130,6.67,6.67,6.651100184388445
20230706094804140,6.67,6.67,6.651100184388445
20230706094804180,6.67,6.67,6.651100184388445
20230706094804430,6.67,6.67,6.651100184388445
20230706094804440,6.67,6.67,6.651100184388445
20230706094804460,6.67,6.67,6.651100184388445
20230706094804470,6.67,6.67,6.651212244897959
20230706094804490,6.67,6.67,6.651212244897959
20230706094804560,6.67,6.67,6.651231815091775
20230706094806330,6.67,6.67,6.651231815091775
20230706094806350,6.67,6.67,6.651231815091775
20230706094806750,6.67,6.67,6.651231815091775
20230706094806770,6.67,6.67,6.651231815091775
20230706094806850,6.67,6.67,6.651231815091775
20230706094807080,6.67,6.67,6.651231815091775
20230706094807090,6.67,6.67,6.651231815091775
20230706094807100,6.67,6.67,6.651231815091775
20230706094807280,6.67,6.67,6.651231815091775
20230706094808880,6.67,6.67,6.651231815091775
20230706094809000,6.67,6.67,6.651231815091775
20230706094809210,6.67,6.67,6.651231815091775
20230706094809530,6.67,6.67,6.651231815091775
20230706094809590,6.67,6.67,6.651231815091775
20230706094809960,6.67,6.67,6.651231815091775
20230706094812020,6.67,6.67,6.651231815091775
20230706094812310,6.67,6.67,6.651231815091775
20230706094815230,6.67,6.67,6.651231815091775
20230706094815250,6.67,6.67,6.651231815091775
20230706094815270,6.67,6.67,6.651231815091775
20230706094815300,6.67,6.67,6.651231815091775
20230706094817600,6.67,6.67,6.651231815091775
20230706094820310,6.67,6.67,6.651231815091775
20230706094825210,6.67,6.67,6.651231815091775
20230706094825220,6.67,6.67,6.651231815091775
20230706094825230,6.67,6.67,6.651231815091775
20230706094825280,6.67,6.67,6.651231815091775
20230706094826000,6.67,6.67,6.651231815091775
20230706094826090,6.67,6.67,6.651231815091775
20230706094828100,6.67,6.67,6.651231815091775
20230706094828110,6.67,6.67,6.651231815091775
20230706094831060,6.67,6.67,6.651231815091775
20230706094831080,6.67,6.67,6.651231815091775
20230706094831260,6.67,6.67,6.651601287467311
20230706094833360,6.67,6.67,6.651601287467311
20230706094833560,6.67,6.67,6.651601287467311
20230706094833660,6.67,6.67,6.651601287467311
20230706094836240,6.67,6.67,6.651601287467311
20230706094836260,6.67,6.67,6.651601287467311
20230706094836270,6.67,6.67,6.651601287467311
20230706094836630,6.67,6.67,6.651601287467311
20230706094838730,6.67,6.67,6.651601287467311
20230706094839020,6.67,6.67,6.651601287467311
20230706094841910,6.67,6.67,6.651601287467311
20230706094842060,6.67,6.67,6.651601287467311
20230706094842200,6.67,6.67,6.651601287467311
20230706094844040,6.67,6.67,6.651601287467311
20230706094846930,6.67,6.67,6.651622237106497
20230706094847240,6.67,6.67,6.651622237106497
20230706094847420,6.67,6.67,6.651622237106497
20230706094847560,6.67,6.67,6.651622237106497
20230706094847710,6.67,6.67,6.651622237106497
20230706094847790,6.67,6.67,6.651622237106497
20230706094847810,6.67,6.67,6.651622237106497
20230706094849840,6.67,6.67,6.651622237106497
20230706094850190,6.67,6.67,6.651622237106497
20230706094850400,6.67,6.67,6.651622237106497
20230706094850560,6.67,6.67,6.651622237106497
20230706094852640,6.67,6.67,6.651622237106497
20230706094852790,6.67,6.67,6.651622237106497
20230706094853130,6.67,6.67,6.651622237106497
20230706094853150,6.67,6.67,6.651622237106497
20230706094855420,6.67,6.67,6.651622237106497
20230706094857940,6.67,6.67,6.651622237106497
20230706094858080,6.67,6.67,6.651622237106497
20230706094900140,6.67,6.67,6.651622237106497
20230706094900700,6.67,6.67,6.651622237106497
20230706094903170,6.67,6.67,6.651622237106497
20230706094905980,6.67,6.67,6.651622237106497
20230706094906060,6.67,6.67,6.651622237106497
20230706094906180,6.67,6.67,6.651622237106497
20230706094908850,6.67,6.67,6.651622237106497
20230706094911860,6.67,6.67,6.651622237106497
20230706094913820,6.67,6.67,6.651795161504719
20230706094913980,6.67,6.67,6.651795161504719
20230706094914090,6.67,6.67,6.651795161504719
20230706094916770,6.67,6.67,6.651795161504719
20230706094917360,6.67,6.67,6.651795161504719
20230706094919120,6.67,6.67,6.651795161504719
20230706094919530,6.67,6.67,6.651795161504719
20230706094922480,6.67,6.67,6.651795161504719
20230706094924440,6.67,6.67,6.651795161504719
20230706094924720,6.67,6.67,6.651795161504719
20230706094925560,6.67,6.67,6.651795161504719
20230706094928090,6.67,6.67,6.651795161504719
20230706094928210,6.67,6.67,6.651795161504719
20230706094929910,6.67,6.67,6.651795161504719
20230706094932510,6.67,6.67,6.651795161504719
20230706094932890,6.67,6.67,6.651953598734511
20230706094932930,6.67,6.67,6.651953598734511
20230706094933050,6.67,6.67,6.651953598734511
20230706094935730,6.67,6.67,6.651953598734511
20230706094938100,6.67,6.67,6.651953598734511
20230706094938890,6.67,6.67,6.651953598734511
20230706094943300,6.67,6.67,6.651953598734511
20230706094944360,6.67,6.67,6.651953598734511
20230706094946100,6.67,6.67,6.651953598734511
20230706094946390,6.67,6.67,6.652044724244213
20230706094946630,6.67,6.67,6.652044724244213
20230706094946830,6.67,6.67,6.652044724244213
20230706094947120,6.67,6.67,6.652044724244213
20230706094947240,6.67,6.67,6.652044724244213
20230706094949230,6.67,6.67,6.652044724244213
20230706094949720,6.69,6.67,6.652115107913669
20230706094949920,6.69,6.67,6.652115107913669
20230706094951690,6.69,6.67,6.652115107913669
20230706094952140,6.69,6.67,6.652115107913669
20230706094954500,6.69,6.67,6.652177345687067
20230706094954510,6.68,6.67,6.652177345687067
20230706094955060,6.68,6.67,6.652183158306699
20230706094955080,6.68,6.67,6.6521889671361505
20230706094955170,6.68,6.67,6.6521889671361505
20230706094955260,6.68,6.67,6.6521889671361505
20230706094955270,6.68,6.67,6.6521889671361505
20230706094957410,6.68,6.67,6.6521982533889465
20230706094957840,6.68,6.67,6.6521982533889465
20230706094959490,6.68,6.67,6.6521982533889465
20230706094959830,6.68,6.67,6.6521982533889465
20230706095000090,6.68,6.67,6.6521982533889465
20230706095000560,6.68,6.67,6.6521982533889465
20230706095000580,6.68,6.67,6.6521982533889465
20230706095000660,6.68,6.67,6.652199413489736
20230706095000670,6.68,6.67,6.652200573439333
20230706095002500,6.68,6.67,6.652205211726384
20230706095002550,6.68,6.67,6.652205211726384
20230706095002970,6.68,6.67,6.652205211726384
20230706095005430,6.68,6.67,6.652205211726384
20230706095005730,6.68,6.67,6.652205211726384
20230706095008550,6.68,6.67,6.652262987012987
20230706095008570,6.68,6.67,6.652262987012987
20230706095008620,6.68,6.67,6.652262987012987
20230706095008640,6.68,6.67,6.652262987012987
20230706095010480,6.68,6.67,6.652262987012987
20230706095010540,6.68,6.67,6.652262987012987
20230706095011050,6.68,6.67,6.652262987012987
20230706095011160,6.68,6.67,6.652262987012987
20230706095011450,6.68,6.67,6.652262987012987
20230706095013080,6.68,6.67,6.652262987012987
20230706095013110,6.68,6.67,6.652262987012987
20230706095013130,6.68,6.67,6.652262987012987
20230706095013520,6.68,6.67,6.652262987012987
20230706095016040,6.68,6.67,6.652262987012987
20230706095016380,6.68,6.67,6.652262987012987
20230706095019090,6.68,6.67,6.652262987012987
20230706095019380,6.68,6.67,6.652262987012987
20230706095021670,6.68,6.67,6.652262987012987
20230706095021710,6.68,6.67,6.652262987012987
20230706095022180,6.68,6.67,6.652262987012987
20230706095024550,6.68,6.67,6.652262987012987
20230706095026580,6.68,6.67,6.652262987012987
20230706095026680,6.69,6.67,6.652262987012987
20230706095027080,6.69,6.67,6.652262987012987
20230706095027190,6.69,6.67,6.652262987012987
20230706095027540,6.69,6.67,6.652262987012987
20230706095027680,6.68,6.67,6.652262987012987
20230706095030360,6.68,6.67,6.652262987012987
20230706095032880,6.68,6.67,6.652262987012987
20230706095034680,6.68,6.67,6.652262987012987
20230706095034870,6.69,6.67,6.652262987012987
20230706095035390,6.69,6.67,6.652262987012987
20230706095035710,6.69,6.67,6.652262987012987
20230706095037850,6.69,6.67,6.652262987012987
20230706095037950,6.69,6.67,6.652262987012987
20230706095040060,6.69,6.67,6.652262987012987
20230706095040070,6.69,6.67,6.652262987012987
20230706095040110,6.69,6.67,6.652262987012987
20230706095040280,6.69,6.67,6.652262987012987
20230706095040340,6.69,6.67,6.652262987012987
20230706095040650,6.69,6.67,6.652262987012987
20230706095043060,6.68,6.67,6.652262987012987
20230706095043070,6.68,6.67,6.652262987012987
20230706095043080,6.68,6.67,6.652262987012987
20230706095046090,6.68,6.67,6.652262987012987
20230706095046140,6.69,6.67,6.652262987012987
20230706095048770,6.69,6.67,6.652262987012987
20230706095048890,6.68,6.67,6.652262987012987
20230706095049070,6.68,6.67,6.652262987012987
20230706095049280,6.68,6.67,6.652262987012987
20230706095051090,6.68,6.67,6.652262987012987
20230706095051390,6.68,6.67,6.652262987012987
20230706095051500,6.68,6.67,6.652262987012987
20230706095051570,6.68,6.67,6.652262987012987
20230706095054630,6.68,6.67,6.652262987012987
20230706095057080,6.68,6.67,6.652262987012987
20230706095057160,6.68,6.67,6.652262987012987
20230706095057250,6.68,6.67,6.652262987012987
20230706095059940,6.68,6.67,6.652262987012987
20230706095059960,6.68,6.67,6.652262987012987
20230706095100070,6.69,6.67,6.652262987012987
20230706095101820,6.69,6.67,6.652262987012987
20230706095101970,6.69,6.67,6.652262987012987
20230706095104390,6.69,6.67,6.652262987012987
20230706095104400,6.69,6.67,6.652262987012987
20230706095105390,6.69,6.67,6.652262987012987
20230706095105520,6.69,6.67,6.652262987012987
20230706095107040,6.69,6.67,6.652262987012987
20230706095107140,6.69,6.67,6.652262987012987
20230706095107200,6.69,6.67,6.652262987012987
20230706095107250,6.69,6.67,6.652262987012987
20230706095110640,6.69,6.67,6.652262987012987
20230706095112740,6.69,6.67,6.652262987012987
20230706095112770,6.69,6.67,6.652262987012987
20230706095112810,6.68,6.67,6.652262987012987
20230706095113010,6.68,6.67,6.652262987012987
20230706095115090,6.68,6.67,6.652262987012987
20230706095115110,6.68,6.67,6.652262987012987
20230706095115670,6.68,6.67,6.652262987012987
20230706095116070,6.68,6.67,6.652262987012987
20230706095116080,6.68,6.67,6.652262987012987
20230706095118040,6.68,6.67,6.653171036986044
20230706095118210,6.68,6.67,6.653171036986044
20230706095118770,6.68,6.67,6.653171036986044
20230706095120620,6.68,6.67,6.653171036986044
20230706095121510,6.68,6.67,6.653171036986044
20230706095124200,6.68,6.67,6.653171036986044
