Timestamp,ask1,bid1,VWAP
20230821093000000,6.37,6.36,6.350088028169014
20230821093000030,6.37,6.36,6.350140105078809
20230821093000040,6.37,6.34,6.350313014827018
20230821093000060,6.37,6.34,6.350313014827018
20230821093000080,6.37,6.35,6.350344827586207
20230821093000090,6.37,6.35,6.350344827586207
20230821093000100,6.37,6.35,6.350344827586207
20230821093000120,6.37,6.36,6.350344827586207
20230821093000130,6.37,6.36,6.350344827586207
20230821093000140,6.37,6.36,6.350344827586207
20230821093000170,6.37,6.36,6.350344827586207
20230821093000180,6.37,6.36,6.350344827586207
20230821093000190,6.37,6.34,6.350686427457099
20230821093000200,6.37,6.34,6.350686427457099
20230821093000210,6.37,6.34,6.350684292379471
20230821093000220,6.37,6.34,6.350684292379471
20230821093000230,6.37,6.34,6.350684292379471
20230821093000250,6.37,6.34,6.350684292379471
20230821093000260,6.37,6.34,6.350684292379471
20230821093000270,6.37,6.36,6.350684292379471
20230821093000290,6.37,6.36,6.350684292379471
20230821093000300,6.37,6.36,6.350684292379471
20230821093000310,6.37,6.36,6.350684292379471
20230821093000330,6.37,6.36,6.350684292379471
20230821093000380,6.37,6.36,6.350684292379471
20230821093000390,6.37,6.36,6.350684292379471
20230821093000420,6.37,6.36,6.350684292379471
20230821093000430,6.37,6.36,6.350684292379471
20230821093000440,6.37,6.36,6.350684292379471
20230821093000480,6.37,6.36,6.350684292379471
20230821093000490,6.37,6.36,6.350684292379471
20230821093000520,6.37,6.36,6.350684292379471
20230821093000570,6.37,6.37,6.350684292379471
20230821093000610,6.37,6.37,6.350684292379471
20230821093000640,6.37,6.37,6.350684292379471
20230821093000700,6.37,6.37,6.350684292379471
20230821093000730,6.37,6.37,6.350684292379471
20230821093000740,6.37,6.37,6.350684292379471
20230821093000890,6.37,6.37,6.350684292379471
20230821093000930,6.37,6.37,6.350684292379471
20230821093001060,6.37,6.37,6.350684292379471
20230821093001090,6.37,6.37,6.350684292379471
20230821093001100,6.37,6.37,6.350684292379471
20230821093001110,6.37,6.37,6.350684292379471
20230821093001120,6.37,6.37,6.350684292379471
20230821093001140,6.37,6.37,6.350684292379471
20230821093001150,6.36,6.37,6.350684292379471
20230821093001180,6.36,6.37,6.350684292379471
20230821093001190,6.36,6.37,6.350684292379471
20230821093001230,6.36,6.37,6.350684292379471
20230821093001250,6.36,6.37,6.350684292379471
20230821093001350,6.36,6.37,6.350684292379471
20230821093001370,6.36,6.37,6.350684292379471
20230821093001480,6.36,6.37,6.350684292379471
20230821093001500,6.36,6.37,6.350684292379471
20230821093001510,6.36,6.37,6.350684292379471
20230821093001550,6.36,6.37,6.350684292379471
20230821093001590,6.36,6.37,6.350684292379471
20230821093001600,6.36,6.37,6.350684292379471
20230821093001630,6.36,6.37,6.350684292379471
20230821093001690,6.36,6.37,6.350684292379471
20230821093001760,6.37,6.37,6.350684292379471
20230821093001880,6.37,6.37,6.350684292379471
20230821093001890,6.37,6.37,6.350684292379471
20230821093002000,6.37,6.37,6.350684292379471
20230821093002010,6.36,6.37,6.350684292379471
20230821093002030,6.36,6.37,6.350684292379471
20230821093002040,6.36,6.37,6.350684292379471
20230821093002090,6.36,6.37,6.350684292379471
20230821093002110,6.36,6.37,6.350684292379471
20230821093002120,6.36,6.37,6.350684292379471
20230821093002130,6.36,6.37,6.350684292379471
20230821093002210,6.36,6.37,6.350684292379471
20230821093002240,6.36,6.37,6.351170839469809
20230821093002440,6.36,6.37,6.351170839469809
20230821093002480,6.36,6.37,6.351170839469809
20230821093002500,6.36,6.37,6.351170839469809
20230821093002650,6.36,6.37,6.351170839469809
20230821093002680,6.36,6.37,6.351170839469809
20230821093002690,6.36,6.37,6.351170839469809
20230821093002700,6.36,6.37,6.351170839469809
20230821093002910,6.36,6.37,6.351170839469809
20230821093002950,6.36,6.37,6.351170839469809
20230821093002970,6.36,6.37,6.351170839469809
20230821093002990,6.37,6.37,6.351170839469809
20230821093003010,6.37,6.34,6.351534356237492
20230821093003110,6.37,6.34,6.351534356237492
20230821093003140,6.36,6.34,6.351534356237492
20230821093003270,6.36,6.34,6.351534356237492
20230821093003460,6.36,6.34,6.351534356237492
20230821093003650,6.36,6.34,6.351534356237492
20230821093003920,6.36,6.34,6.351534356237492
20230821093004040,6.36,6.34,6.351534356237492
20230821093004140,6.36,6.34,6.351534356237492
20230821093004190,6.36,6.34,6.351534356237492
20230821093004200,6.36,6.34,6.351534356237492
20230821093004220,6.36,6.34,6.351534356237492
20230821093004310,6.36,6.34,6.351534356237492
20230821093004320,6.36,6.34,6.351534356237492
20230821093004810,6.36,6.34,6.351534356237492
20230821093005020,6.36,6.34,6.351534356237492
20230821093005160,6.36,6.34,6.351534356237492
20230821093005220,6.36,6.35,6.351534356237492
20230821093005770,6.36,6.35,6.351534356237492
20230821093006190,6.36,6.35,6.351534356237492
20230821093006430,6.36,6.35,6.351534356237492
20230821093006560,6.36,6.35,6.351534356237492
20230821093007100,6.36,6.35,6.351394085697043
20230821093007110,6.36,6.34,6.351388221153846
20230821093007130,6.36,6.34,6.351388221153846
20230821093007140,6.36,6.34,6.351388221153846
20230821093007320,6.36,6.34,6.351388221153846
20230821093007370,6.36,6.34,6.351388221153846
20230821093007430,6.36,6.34,6.351388221153846
20230821093007470,6.36,6.35,6.351388221153846
20230821093007520,6.36,6.35,6.351388221153846
20230821093007530,6.36,6.35,6.351367924528302
20230821093007640,6.36,6.35,6.351367924528302
20230821093007940,6.36,6.35,6.351367924528302
20230821093008000,6.36,6.35,6.351367924528302
20230821093008550,6.36,6.35,6.351367924528302
20230821093008580,6.36,6.35,6.351353558926488
20230821093008800,6.35,6.34,6.351345707656613
20230821093009100,6.35,6.34,6.351345707656613
20230821093009120,6.35,6.34,6.351345707656613
20230821093009190,6.35,6.34,6.351345707656613
20230821093009260,6.35,6.34,6.351259344450834
20230821093009340,6.35,6.34,6.351264367816092
20230821093010080,6.35,6.35,6.351264367816092
20230821093010090,6.35,6.35,6.351264367816092
20230821093010110,6.35,6.35,6.351264367816092
20230821093010250,6.35,6.35,6.351264367816092
20230821093010280,6.35,6.35,6.351264367816092
20230821093010570,6.35,6.35,6.351264367816092
20230821093010620,6.35,6.35,6.351264367816092
20230821093011280,6.35,6.35,6.351264367816092
20230821093011300,6.35,6.35,6.351264367816092
20230821093011540,6.35,6.35,6.351264367816092
20230821093012340,6.35,6.35,6.351264367816092
20230821093012490,6.35,6.35,6.351264367816092
20230821093012500,6.35,6.35,6.351264367816092
20230821093013040,6.35,6.35,6.351264367816092
20230821093013070,6.36,6.35,6.351502793296089
20230821093013080,6.36,6.36,6.351545302946081
20230821093013090,6.36,6.36,6.351545302946081
20230821093013210,6.36,6.36,6.351545302946081
20230821093013400,6.36,6.36,6.35155
20230821093013410,6.36,6.36,6.35155
20230821093013440,6.36,6.36,6.35155
20230821093013720,6.36,6.36,6.35155
20230821093013900,6.36,6.36,6.35155
20230821093013930,6.36,6.36,6.35155
20230821093014410,6.36,6.36,6.351765667574932
20230821093015150,6.36,6.36,6.351765667574932
20230821093015510,6.36,6.36,6.351765667574932
20230821093016060,6.38,6.36,6.353353233830846
20230821093016090,6.38,6.36,6.353353233830846
20230821093016140,6.38,6.36,6.353353233830846
20230821093016150,6.38,6.36,6.35451180009255
20230821093016300,6.38,6.36,6.35451180009255
20230821093016450,6.38,6.36,6.35451180009255
20230821093016590,6.38,6.36,6.35451180009255
20230821093017120,6.38,6.39,6.35451180009255
20230821093017710,6.38,6.39,6.35451180009255
20230821093018350,6.38,6.39,6.35451180009255
20230821093018450,6.38,6.39,6.35451180009255
20230821093018460,6.38,6.39,6.35451180009255
20230821093018870,6.38,6.39,6.3545269958467925
20230821093019030,6.38,6.36,6.354710080285459
20230821093019070,6.38,6.36,6.354731230564194
20230821093019100,6.38,6.36,6.354731230564194
20230821093019140,6.38,6.36,6.354731230564194
20230821093019760,6.38,6.36,6.354731230564194
20230821093020150,6.38,6.36,6.354731230564194
20230821093020280,6.38,6.36,6.354731230564194
20230821093020770,6.38,6.36,6.354731230564194
20230821093022320,6.37,6.36,6.354731230564194
20230821093022350,6.37,6.36,6.354731230564194
20230821093022840,6.37,6.36,6.354731230564194
20230821093022870,6.37,6.36,6.354731230564194
20230821093022880,6.37,6.36,6.354731230564194
20230821093022920,6.37,6.36,6.354731230564194
20230821093022940,6.37,6.37,6.354731230564194
20230821093022970,6.37,6.37,6.354731230564194
20230821093023220,6.37,6.37,6.354731230564194
20230821093023340,6.37,6.37,6.354731230564194
20230821093023390,6.38,6.37,6.355577889447236
20230821093023450,6.38,6.37,6.355577889447236
20230821093023460,6.38,6.37,6.355577889447236
20230821093023820,6.38,6.37,6.355577889447236
20230821093023880,6.38,6.37,6.355577889447236
20230821093023890,6.38,6.37,6.355577889447236
20230821093024240,6.38,6.37,6.355577889447236
20230821093024490,6.38,6.37,6.355689870779491
20230821093024520,6.38,6.37,6.355689870779491
20230821093024580,6.38,6.37,6.355689870779491
20230821093024610,6.38,6.37,6.355689870779491
20230821093024750,6.38,6.37,6.355689870779491
20230821093025000,6.38,6.37,6.355689870779491
20230821093025060,6.38,6.37,6.355689870779491
20230821093025070,6.38,6.37,6.355689870779491
20230821093025120,6.38,6.37,6.355689870779491
20230821093025180,6.39,6.38,6.356578313253012
20230821093025200,6.39,6.38,6.356578313253012
20230821093025210,6.39,6.38,6.356578313253012
20230821093025230,6.39,6.38,6.356578313253012
20230821093025250,6.39,6.38,6.356578313253012
20230821093025260,6.39,6.38,6.356578313253012
20230821093025550,6.39,6.38,6.356578313253012
20230821093025640,6.39,6.38,6.356774193548387
20230821093025820,6.39,6.38,6.356783439490446
20230821093025850,6.39,6.38,6.356783439490446
20230821093026900,6.39,6.38,6.356783439490446
20230821093027050,6.39,6.38,6.357200938232994
20230821093027060,6.38,6.38,6.357200938232994
20230821093027080,6.38,6.38,6.357200938232994
20230821093027090,6.39,6.38,6.3575
20230821093027110,6.38,6.38,6.3575
20230821093027390,6.39,6.38,6.357587533666795
20230821093027740,6.39,6.38,6.357587533666795
20230821093027750,6.39,6.38,6.357587533666795
20230821093028050,6.39,6.38,6.357587533666795
20230821093028070,6.37,6.38,6.357587533666795
20230821093028080,6.39,6.38,6.357928679817906
20230821093028680,6.39,6.38,6.357928679817906
20230821093029400,6.39,6.38,6.357928679817906
20230821093030000,6.39,6.38,6.357928679817906
20230821093030010,6.39,6.38,6.358258594917788
20230821093030050,6.38,6.38,6.358258594917788
20230821093030110,6.39,6.37,6.358743129351411
20230821093030770,6.39,6.38,6.358743129351411
20230821093030800,6.39,6.38,6.358774240761068
20230821093030880,6.39,6.38,6.358774240761068
20230821093031120,6.39,6.38,6.358774240761068
20230821093031200,6.39,6.38,6.358789762340036
20230821093031830,6.39,6.38,6.358789762340036
20230821093032300,6.39,6.38,6.358789762340036
20230821093032400,6.38,6.37,6.358882032667877
20230821093032480,6.38,6.37,6.358882032667877
20230821093032560,6.38,6.37,6.358882032667877
20230821093032610,6.38,6.37,6.35888969521045
20230821093032630,6.38,6.37,6.35888969521045
20230821093033250,6.38,6.37,6.358893725063475
20230821093033390,6.38,6.37,6.358893725063475
20230821093033430,6.38,6.37,6.358893725063475
20230821093033640,6.38,6.37,6.358893725063475
20230821093033780,6.38,6.37,6.358893725063475
20230821093034030,6.38,6.37,6.358893725063475
20230821093034040,6.38,6.37,6.358893725063475
20230821093034050,6.38,6.37,6.358893725063475
20230821093034070,6.38,6.37,6.358893725063475
20230821093034080,6.38,6.38,6.358893725063475
20230821093034240,6.38,6.38,6.358893725063475
20230821093034490,6.38,6.38,6.358893725063475
20230821093036230,6.39,6.38,6.359401769911504
20230821093036760,6.39,6.38,6.35943816254417
20230821093036800,6.39,6.38,6.359448957965383
20230821093037070,6.39,6.38,6.359621716287215
20230821093037080,6.39,6.37,6.3596891372685995
20230821093037140,6.39,6.37,6.3596891372685995
20230821093037370,6.39,6.37,6.3596891372685995
20230821093038000,6.39,6.37,6.3596891372685995
20230821093038110,6.39,6.37,6.3596891372685995
20230821093038150,6.39,6.38,6.3596891372685995
20230821093038670,6.39,6.38,6.3596891372685995
20230821093038790,6.39,6.38,6.3596891372685995
20230821093039030,6.39,6.38,6.3596891372685995
20230821093039430,6.39,6.38,6.3596891372685995
20230821093039590,6.39,6.38,6.359731613802719
20230821093040450,6.39,6.38,6.359738675958188
20230821093040500,6.39,6.38,6.359738675958188
20230821093041470,6.39,6.38,6.359738675958188
20230821093041510,6.39,6.38,6.359738675958188
20230821093041780,6.39,6.38,6.359766875434934
20230821093042330,6.39,6.38,6.359766875434934
20230821093042340,6.39,6.38,6.359766875434934
20230821093042400,6.39,6.38,6.359766875434934
20230821093042410,6.39,6.38,6.359766875434934
20230821093042620,6.39,6.38,6.359766875434934
20230821093042650,6.39,6.38,6.359766875434934
20230821093042660,6.39,6.38,6.359766875434934
20230821093043360,6.39,6.38,6.359766875434934
20230821093044600,6.39,6.38,6.359766875434934
20230821093045310,6.39,6.38,6.359766875434934
20230821093045470,6.39,6.38,6.359766875434934
20230821093045540,6.39,6.38,6.359766875434934
20230821093045570,6.39,6.38,6.360377808032675
20230821093046030,6.39,6.38,6.360438179347826
20230821093046060,6.39,6.38,6.360438179347826
20230821093046070,6.39,6.38,6.360438179347826
20230821093046220,6.39,6.38,6.360438179347826
20230821093046290,6.39,6.38,6.360438179347826
20230821093047550,6.39,6.38,6.360438179347826
20230821093047590,6.39,6.38,6.360438179347826
20230821093048290,6.39,6.38,6.360438179347826
20230821093048310,6.39,6.38,6.360438179347826
20230821093048510,6.39,6.38,6.360438179347826
20230821093048520,6.39,6.38,6.360438179347826
20230821093048530,6.39,6.38,6.360438179347826
20230821093048640,6.39,6.38,6.360438179347826
20230821093048650,6.39,6.38,6.360438179347826
20230821093048780,6.39,6.38,6.360438179347826
20230821093048880,6.39,6.38,6.360438179347826
20230821093048900,6.39,6.38,6.360438179347826
20230821093048910,6.39,6.38,6.360438179347826
20230821093049070,6.39,6.38,6.360451459606246
20230821093049090,6.39,6.38,6.360451459606246
20230821093049100,6.39,6.38,6.360451459606246
20230821093049340,6.39,6.38,6.36139857881137
20230821093049350,6.39,6.38,6.36139857881137
20230821093049370,6.39,6.38,6.36139857881137
20230821093049710,6.39,6.38,6.36139857881137
20230821093049830,6.39,6.38,6.3614045850823375
20230821093050170,6.39,6.38,6.3614045850823375
20230821093050250,6.39,6.38,6.361452495974235
20230821093050360,6.39,6.38,6.361452495974235
20230821093050630,6.39,6.38,6.361452495974235
20230821093050760,6.39,6.38,6.361452495974235
20230821093050800,6.39,6.38,6.361617034902338
20230821093051090,6.39,6.38,6.361617034902338
20230821093051210,6.39,6.38,6.361617034902338
20230821093051340,6.39,6.38,6.361617034902338
20230821093051490,6.39,6.38,6.361617034902338
20230821093051500,6.39,6.38,6.361617034902338
20230821093051510,6.39,6.38,6.361617034902338
20230821093051770,6.39,6.38,6.361617034902338
20230821093051800,6.39,6.38,6.361617034902338
20230821093051830,6.39,6.38,6.361653341861209
20230821093052590,6.39,6.38,6.361653341861209
20230821093052620,6.39,6.38,6.361653341861209
20230821093052690,6.39,6.38,6.361653341861209
20230821093052800,6.39,6.38,6.361653341861209
20230821093052950,6.39,6.38,6.361670926517572
20230821093053470,6.39,6.38,6.361670926517572
20230821093053480,6.39,6.38,6.361670926517572
20230821093053560,6.39,6.38,6.361740929344367
20230821093053630,6.39,6.38,6.361794790343075
20230821093053690,6.39,6.38,6.361794790343075
20230821093053760,6.39,6.38,6.3618005716100345
20230821093054080,6.39,6.38,6.3618005716100345
20230821093054240,6.39,6.38,6.3618005716100345
20230821093054540,6.39,6.38,6.3618005716100345
20230821093054550,6.39,6.38,6.361827411167512
20230821093054880,6.39,6.38,6.361827411167512
20230821093055110,6.39,6.38,6.361827411167512
20230821093055180,6.39,6.38,6.36184469096672
20230821093055350,6.39,6.38,6.361924778761062
20230821093055780,6.39,6.38,6.3619589905362774
20230821093055900,6.39,6.38,6.3619766708701135
20230821093056110,6.39,6.38,6.361982351087299
20230821093056290,6.39,6.38,6.361982351087299
20230821093056590,6.39,6.38,6.3619937007874015
20230821093057100,6.39,6.38,6.3619937007874015
20230821093057120,6.39,6.38,6.3619937007874015
20230821093057290,6.39,6.38,6.3619937007874015
20230821093057400,6.39,6.38,6.362278363298202
20230821093057520,6.39,6.38,6.362278363298202
20230821093057600,6.39,6.38,6.362278363298202
20230821093058310,6.39,6.38,6.362278363298202
20230821093058530,6.39,6.38,6.362278363298202
20230821093059030,6.39,6.38,6.362681005755832
20230821093059300,6.39,6.38,6.3630645161290325
20230821093059630,6.39,6.38,6.363080597014926
20230821093059660,6.39,6.38,6.363080597014926
20230821093100020,6.39,6.38,6.36312593033641
20230821093100040,6.39,6.38,6.363171021377672
20230821093100270,6.39,6.38,6.3632187314759925
20230821093100510,6.39,6.38,6.3632187314759925
20230821093100520,6.39,6.38,6.3632187314759925
20230821093100650,6.39,6.38,6.3632187314759925
20230821093101110,6.39,6.38,6.3632395617411905
20230821093101190,6.39,6.38,6.3632395617411905
20230821093101320,6.39,6.38,6.3632395617411905
20230821093101590,6.39,6.38,6.3632395617411905
20230821093101790,6.39,6.38,6.3632395617411905
20230821093101870,6.39,6.38,6.3632395617411905
20230821093102430,6.39,6.38,6.363655789777649
20230821093102750,6.39,6.38,6.363655789777649
20230821093102990,6.39,6.38,6.363655789777649
20230821093103040,6.39,6.38,6.363655789777649
20230821093103390,6.39,6.38,6.363840662478584
20230821093103400,6.39,6.38,6.363840662478584
20230821093103750,6.39,6.38,6.363840662478584
20230821093103820,6.39,6.38,6.363840662478584
20230821093104070,6.39,6.38,6.363840662478584
20230821093104650,6.39,6.38,6.363840662478584
20230821093104870,6.39,6.38,6.363840662478584
20230821093105250,6.39,6.38,6.363840662478584
20230821093105360,6.39,6.38,6.363840662478584
20230821093105820,6.39,6.38,6.363840662478584
20230821093106480,6.39,6.38,6.363840662478584
20230821093106520,6.39,6.38,6.363840662478584
20230821093106860,6.39,6.38,6.363840662478584
20230821093106920,6.39,6.38,6.363840662478584
20230821093107440,6.39,6.38,6.363840662478584
20230821093107790,6.39,6.38,6.363840662478584
20230821093108750,6.39,6.38,6.363840662478584
20230821093109260,6.39,6.38,6.363840662478584
20230821093110910,6.39,6.38,6.363840662478584
20230821093111470,6.39,6.38,6.363840662478584
20230821093112400,6.39,6.38,6.363840662478584
20230821093112430,6.39,6.38,6.363840662478584
20230821093112440,6.39,6.38,6.363840662478584
20230821093112470,6.39,6.38,6.363840662478584
20230821093112500,6.39,6.38,6.363840662478584
20230821093112530,6.39,6.38,6.363840662478584
20230821093112880,6.39,6.38,6.363840662478584
20230821093113110,6.39,6.38,6.363840662478584
20230821093113540,6.39,6.38,6.3639733408962
20230821093113590,6.39,6.38,6.3639733408962
20230821093114990,6.39,6.38,6.3639733408962
20230821093115490,6.39,6.38,6.3639733408962
20230821093115570,6.39,6.38,6.3639733408962
20230821093115580,6.39,6.38,6.3639733408962
20230821093116040,6.39,6.38,6.3639733408962
20230821093116090,6.39,6.38,6.3639733408962
20230821093116380,6.39,6.38,6.3639733408962
20230821093116560,6.39,6.38,6.3639733408962
20230821093117320,6.39,6.38,6.3639733408962
20230821093117720,6.39,6.38,6.3639733408962
20230821093118780,6.39,6.38,6.3639733408962
20230821093120250,6.39,6.38,6.3639733408962
20230821093120350,6.39,6.38,6.3639733408962
20230821093120730,6.39,6.38,6.3639733408962
20230821093120770,6.39,6.38,6.3639733408962
20230821093120800,6.39,6.38,6.364010195412065
20230821093121170,6.39,6.38,6.364010195412065
20230821093121290,6.39,6.38,6.364010195412065
20230821093121630,6.39,6.38,6.364010195412065
20230821093121750,6.39,6.38,6.364010195412065
20230821093121950,6.39,6.38,6.364010195412065
20230821093122380,6.39,6.38,6.364010195412065
20230821093122960,6.39,6.38,6.364010195412065
20230821093123430,6.39,6.38,6.364010195412065
20230821093124120,6.39,6.38,6.364024908010189
20230821093124140,6.39,6.38,6.364024908010189
20230821093124150,6.39,6.38,6.364024908010189
20230821093124160,6.39,6.38,6.364024908010189
20230821093124170,6.39,6.38,6.364024908010189
20230821093124250,6.39,6.38,6.364024908010189
20230821093124490,6.39,6.38,6.364024908010189
20230821093124500,6.39,6.38,6.364024908010189
20230821093124550,6.39,6.38,6.364024908010189
20230821093124830,6.39,6.38,6.364024908010189
20230821093124940,6.39,6.38,6.364024908010189
20230821093124950,6.39,6.38,6.364024908010189
20230821093124980,6.39,6.38,6.364159416222285
20230821093125030,6.39,6.38,6.364365650969529
20230821093125040,6.39,6.38,6.364365650969529
20230821093125080,6.39,6.38,6.36452695269527
20230821093125100,6.39,6.38,6.36452695269527
20230821093125150,6.39,6.38,6.364540956569543
20230821093125350,6.39,6.38,6.364540956569543
20230821093125560,6.39,6.38,6.364540956569543
20230821093125820,6.39,6.38,6.364575898984354
20230821093126380,6.39,6.38,6.3646177034804055
20230821093126440,6.39,6.38,6.3646177034804055
20230821093126640,6.39,6.38,6.3646177034804055
20230821093126760,6.39,6.38,6.3646177034804055
20230821093128220,6.39,6.38,6.3646177034804055
20230821093128240,6.39,6.38,6.3646177034804055
20230821093129280,6.39,6.38,6.364944549634839
20230821093129300,6.39,6.38,6.364944549634839
20230821093129310,6.39,6.38,6.364944549634839
20230821093130000,6.39,6.38,6.364944549634839
20230821093130010,6.39,6.38,6.364944549634839
20230821093130630,6.38,6.38,6.364944549634839
20230821093131150,6.38,6.38,6.364944549634839
20230821093131420,6.38,6.38,6.364944549634839
20230821093131550,6.38,6.38,6.364944549634839
20230821093131600,6.39,6.38,6.36626216077829
20230821093131650,6.39,6.38,6.366568107151883
20230821093131740,6.39,6.38,6.366568107151883
20230821093131780,6.39,6.38,6.36743489900219
20230821093131790,6.39,6.38,6.36743489900219
20230821093131800,6.39,6.38,6.36743489900219
20230821093131810,6.39,6.38,6.36766674692993
20230821093131830,6.39,6.38,6.368455284552845
20230821093131840,6.39,6.38,6.368530092592593
20230821093131990,6.39,6.39,6.368530092592593
20230821093132190,6.39,6.39,6.368530092592593
20230821093132430,6.39,6.39,6.368530092592593
20230821093132440,6.39,6.39,6.368530092592593
20230821093132500,6.39,6.39,6.368530092592593
20230821093132530,6.39,6.39,6.3687368179734065
20230821093132700,6.39,6.38,6.36878059940517
20230821093132850,6.39,6.39,6.36878059940517
20230821093132950,6.39,6.39,6.36878059940517
20230821093133150,6.39,6.39,6.368897959183673
20230821093133240,6.39,6.39,6.368897959183673
20230821093133350,6.39,6.38,6.3689837398373985
20230821093133470,6.39,6.38,6.36909233880027
20230821093133480,6.39,6.39,6.369106421194432
20230821093133590,6.39,6.39,6.369106421194432
20230821093133720,6.39,6.39,6.369113355780023
20230821093134080,6.39,6.39,6.369113355780023
20230821093134120,6.39,6.39,6.369113355780023
20230821093134640,6.39,6.39,6.369113355780023
20230821093134700,6.39,6.39,6.369113355780023
20230821093134810,6.39,6.39,6.369113355780023
20230821093135520,6.39,6.39,6.369113355780023
20230821093135630,6.39,6.39,6.369113355780023
20230821093135680,6.39,6.39,6.369113355780023
20230821093135940,6.39,6.39,6.369113355780023
20230821093136230,6.39,6.39,6.369270903010033
20230821093136500,6.39,6.39,6.369270903010033
20230821093136570,6.39,6.39,6.369270903010033
20230821093136610,6.39,6.39,6.369270903010033
20230821093136660,6.39,6.39,6.369270903010033
20230821093136720,6.39,6.39,6.369270903010033
20230821093136770,6.39,6.39,6.369270903010033
20230821093136800,6.39,6.39,6.369270903010033
20230821093136820,6.39,6.39,6.369270903010033
20230821093137120,6.39,6.39,6.369270903010033
20230821093137440,6.39,6.39,6.369270903010033
20230821093137950,6.39,6.39,6.369270903010033
20230821093139480,6.39,6.39,6.369270903010033
20230821093139510,6.39,6.39,6.369270903010033
20230821093139520,6.39,6.39,6.369270903010033
20230821093139730,6.39,6.39,6.369270903010033
20230821093140140,6.39,6.39,6.369270903010033
20230821093140760,6.39,6.39,6.369270903010033
20230821093141750,6.39,6.39,6.369270903010033
20230821093141880,6.39,6.39,6.369270903010033
20230821093141900,6.39,6.39,6.369270903010033
20230821093142400,6.39,6.39,6.369795429815016
20230821093142480,6.39,6.39,6.369795429815016
20230821093142490,6.39,6.39,6.369795429815016
20230821093143090,6.39,6.39,6.369795429815016
20230821093143110,6.39,6.39,6.369795429815016
20230821093143200,6.39,6.39,6.369795429815016
20230821093144060,6.39,6.39,6.369795429815016
20230821093144400,6.39,6.39,6.369795429815016
20230821093145080,6.39,6.39,6.369848024316109
20230821093145410,6.39,6.39,6.369891681109185
20230821093145900,6.39,6.39,6.369891681109185
20230821093145930,6.39,6.39,6.369891681109185
20230821093145960,6.39,6.39,6.369891681109185
20230821093146340,6.39,6.39,6.369891681109185
20230821093146460,6.39,6.39,6.369891681109185
20230821093147150,6.39,6.39,6.369891681109185
20230821093147300,6.39,6.39,6.369891681109185
20230821093147580,6.39,6.39,6.369891681109185
20230821093147590,6.39,6.39,6.370205215904233
20230821093147670,6.39,6.39,6.370205215904233
20230821093148190,6.39,6.39,6.370205215904233
20230821093148530,6.39,6.39,6.370205215904233
20230821093148540,6.39,6.39,6.370205215904233
20230821093148560,6.39,6.39,6.370205215904233
20230821093148570,6.39,6.39,6.370205215904233
20230821093148700,6.39,6.39,6.370205215904233
20230821093148710,6.39,6.39,6.370205215904233
20230821093148730,6.39,6.39,6.370205215904233
20230821093148740,6.39,6.39,6.370205215904233
20230821093148750,6.39,6.39,6.370205215904233
20230821093148770,6.39,6.39,6.370205215904233
20230821093148790,6.39,6.39,6.370205215904233
20230821093148830,6.39,6.39,6.370205215904233
20230821093148880,6.39,6.39,6.370205215904233
20230821093149050,6.39,6.39,6.370205215904233
20230821093149090,6.39,6.39,6.370205215904233
20230821093149240,6.39,6.39,6.370205215904233
20230821093149260,6.39,6.39,6.370205215904233
20230821093149290,6.39,6.39,6.370205215904233
20230821093149340,6.39,6.39,6.370205215904233
20230821093149440,6.39,6.39,6.370205215904233
20230821093149490,6.39,6.39,6.370205215904233
20230821093149540,6.39,6.39,6.370205215904233
20230821093149620,6.39,6.39,6.370205215904233
20230821093149930,6.39,6.39,6.370205215904233
20230821093149990,6.39,6.39,6.370205215904233
20230821093150170,6.39,6.39,6.370205215904233
20230821093150390,6.39,6.39,6.370205215904233
20230821093150800,6.39,6.39,6.370205215904233
20230821093150840,6.39,6.39,6.370205215904233
20230821093150860,6.39,6.39,6.370205215904233
20230821093150890,6.39,6.39,6.370205215904233
20230821093150970,6.39,6.39,6.370205215904233
20230821093151130,6.39,6.39,6.370205215904233
20230821093151140,6.39,6.39,6.370205215904233
20230821093151170,6.39,6.39,6.370205215904233
20230821093151410,6.39,6.39,6.370205215904233
20230821093151610,6.39,6.39,6.370205215904233
20230821093151690,6.39,6.39,6.370205215904233
20230821093151970,6.39,6.39,6.370205215904233
20230821093152080,6.39,6.39,6.370205215904233
20230821093152100,6.39,6.39,6.370205215904233
20230821093152110,6.39,6.39,6.370205215904233
20230821093152120,6.39,6.39,6.370205215904233
20230821093152180,6.39,6.39,6.370205215904233
20230821093152220,6.39,6.39,6.370205215904233
20230821093152240,6.39,6.39,6.370205215904233
20230821093152330,6.39,6.39,6.370205215904233
20230821093152400,6.39,6.39,6.370205215904233
20230821093152470,6.39,6.39,6.370205215904233
20230821093152540,6.39,6.39,6.370205215904233
20230821093152570,6.39,6.39,6.370205215904233
20230821093152740,6.39,6.39,6.370205215904233
20230821093153000,6.39,6.39,6.370205215904233
20230821093153170,6.4,6.39,6.370205215904233
20230821093153550,6.4,6.39,6.370205215904233
20230821093153560,6.4,6.39,6.370205215904233
20230821093153730,6.41,6.39,6.370205215904233
20230821093153890,6.41,6.39,6.370205215904233
20230821093153970,6.41,6.39,6.370205215904233
20230821093154050,6.41,6.39,6.370205215904233
20230821093154100,6.41,6.39,6.370205215904233
20230821093154110,6.41,6.39,6.370205215904233
20230821093154150,6.4,6.39,6.370205215904233
20230821093154250,6.4,6.39,6.370205215904233
20230821093154790,6.4,6.39,6.370205215904233
20230821093154800,6.4,6.39,6.370205215904233
20230821093155090,6.41,6.39,6.370205215904233
20230821093155100,6.41,6.39,6.370205215904233
20230821093155120,6.41,6.39,6.370205215904233
20230821093155130,6.41,6.39,6.372056936647955
20230821093155140,6.41,6.39,6.372129574085183
20230821093155150,6.41,6.39,6.372350724062686
20230821093155160,6.41,6.39,6.372356207854026
20230821093155170,6.41,6.39,6.372438204469053
20230821093155180,6.41,6.39,6.372535960591133
20230821093155380,6.41,6.39,6.372729407161025
20230821093155400,6.41,6.39,6.372729407161025
20230821093155540,6.41,6.39,6.372729407161025
20230821093155550,6.41,6.39,6.372729407161025
20230821093155750,6.41,6.39,6.372729407161025
20230821093156370,6.41,6.39,6.372729407161025
20230821093156450,6.41,6.39,6.372729407161025
20230821093156510,6.41,6.39,6.372729407161025
20230821093156800,6.41,6.39,6.372729407161025
20230821093157330,6.4,6.39,6.372729407161025
20230821093157910,6.41,6.39,6.3727507331378295
20230821093158010,6.41,6.39,6.3727507331378295
20230821093158080,6.41,6.4,6.372770613520907
20230821093158090,6.41,6.4,6.372801093109506
20230821093158140,6.41,6.4,6.372801093109506
20230821093158170,6.41,6.4,6.372801093109506
20230821093158190,6.41,6.39,6.372811707317073
20230821093158200,6.4,6.39,6.372869937694704
20230821093158210,6.41,6.39,6.372901594710229
20230821093158380,6.41,6.39,6.372901594710229
20230821093159030,6.41,6.4,6.372901594710229
20230821093159040,6.41,6.4,6.372901594710229
20230821093159230,6.41,6.4,6.372901594710229
20230821093200000,6.41,6.39,6.372921282798834
20230821093200010,6.41,6.39,6.372921282798834
20230821093200020,6.41,6.39,6.372921282798834
20230821093200030,6.41,6.39,6.372921282798834
20230821093200040,6.41,6.39,6.372921282798834
20230821093200090,6.41,6.39,6.372921282798834
20230821093200160,6.41,6.39,6.372921282798834
20230821093200250,6.41,6.4,6.372921282798834
20230821093200420,6.41,6.38,6.37586346683963
20230821093200430,6.4,6.38,6.37586346683963
20230821093200440,6.4,6.38,6.37586346683963
20230821093200450,6.4,6.38,6.37586346683963
20230821093200540,6.4,6.39,6.37586346683963
20230821093200570,6.4,6.39,6.37586346683963
20230821093200580,6.4,6.39,6.37586346683963
20230821093200640,6.4,6.39,6.37586346683963
20230821093200710,6.4,6.4,6.376069131832797
20230821093200730,6.4,6.4,6.376069131832797
20230821093200870,6.4,6.4,6.376069131832797
20230821093200880,6.4,6.4,6.376069131832797
20230821093200970,6.4,6.4,6.376069131832797
20230821093201040,6.4,6.4,6.376069131832797
20230821093201050,6.4,6.4,6.376069131832797
20230821093201060,6.4,6.4,6.376069131832797
20230821093201070,6.4,6.4,6.376113159160122
20230821093201080,6.4,6.4,6.376157533152261
20230821093201100,6.4,6.4,6.376157533152261
20230821093201150,6.4,6.4,6.376157533152261
20230821093201190,6.4,6.4,6.376157533152261
20230821093201280,6.4,6.4,6.376157533152261
20230821093201290,6.4,6.4,6.376157533152261
20230821093201670,6.4,6.4,6.376157533152261
20230821093201830,6.4,6.4,6.376157533152261
20230821093201970,6.4,6.39,6.376178394766236
20230821093202440,6.4,6.39,6.376216345387924
20230821093202710,6.4,6.39,6.376333227647432
20230821093202800,6.4,6.39,6.376333227647432
20230821093202900,6.4,6.39,6.376336978919005
20230821093203480,6.4,6.39,6.376336978919005
20230821093203490,6.4,6.39,6.376336978919005
20230821093203590,6.4,6.39,6.376336978919005
20230821093203800,6.4,6.39,6.376423495973472
20230821093204540,6.4,6.39,6.376423495973472
20230821093205390,6.4,6.39,6.376423495973472
20230821093205810,6.4,6.39,6.376423495973472
20230821093205820,6.4,6.39,6.376423495973472
20230821093205920,6.4,6.39,6.376423495973472
20230821093205930,6.4,6.39,6.376423495973472
20230821093205950,6.4,6.39,6.376423495973472
20230821093206190,6.4,6.39,6.376423495973472
20230821093206460,6.4,6.39,6.376423495973472
20230821093206520,6.4,6.39,6.376457709875571
20230821093206930,6.4,6.39,6.376517171083582
20230821093207010,6.39,6.39,6.376538280883044
20230821093207090,6.39,6.39,6.376538280883044
20230821093207230,6.39,6.39,6.376538280883044
20230821093207240,6.39,6.39,6.376538280883044
20230821093207350,6.39,6.39,6.376538280883044
20230821093207460,6.39,6.39,6.376538280883044
20230821093207900,6.39,6.39,6.376538280883044
20230821093208020,6.39,6.39,6.376538280883044
20230821093208240,6.4,6.38,6.3767843379065825
20230821093209130,6.4,6.38,6.3767843379065825
20230821093209270,6.4,6.38,6.37683789603199
20230821093209280,6.4,6.38,6.37694780345936
20230821093209290,6.4,6.38,6.376993583868011
20230821093209300,6.4,6.38,6.377046181984453
20230821093209770,6.4,6.39,6.377046181984453
20230821093209800,6.4,6.39,6.377046181984453
20230821093209980,6.4,6.39,6.377046181984453
20230821093210000,6.4,6.39,6.377046181984453
20230821093210130,6.4,6.39,6.377046181984453
20230821093210160,6.4,6.39,6.377046181984453
20230821093210180,6.4,6.39,6.377046181984453
20230821093210310,6.4,6.39,6.377046181984453
20230821093210330,6.4,6.39,6.377046181984453
20230821093210420,6.4,6.39,6.3770501295139415
20230821093210700,6.4,6.39,6.3770501295139415
20230821093211140,6.4,6.39,6.3770710914903335
20230821093211150,6.4,6.39,6.377078070308933
20230821093212160,6.4,6.39,6.377078070308933
20230821093212180,6.4,6.39,6.377078070308933
20230821093212190,6.4,6.39,6.377078070308933
20230821093212220,6.4,6.39,6.377078070308933
20230821093212250,6.4,6.39,6.377078070308933
20230821093212370,6.4,6.39,6.377078070308933
20230821093212500,6.4,6.39,6.377078070308933
20230821093213120,6.4,6.39,6.377124658780709
20230821093214020,6.4,6.39,6.377124658780709
20230821093214070,6.4,6.39,6.37727971079982
20230821093214330,6.4,6.39,6.37727971079982
20230821093215490,6.4,6.39,6.37727971079982
20230821093215530,6.4,6.39,6.37727971079982
20230821093215750,6.4,6.39,6.37727971079982
20230821093216110,6.4,6.39,6.377345530893821
20230821093216490,6.4,6.39,6.377345530893821
20230821093216720,6.4,6.39,6.377345530893821
20230821093217460,6.4,6.39,6.377345530893821
20230821093217480,6.4,6.39,6.377345530893821
20230821093217600,6.4,6.39,6.3773588014981275
20230821093217940,6.4,6.39,6.3773588014981275
20230821093218240,6.4,6.39,6.3773588014981275
20230821093218280,6.4,6.39,6.3773588014981275
20230821093218440,6.4,6.39,6.3773588014981275
20230821093218510,6.4,6.39,6.3773588014981275
20230821093218520,6.4,6.39,6.3773588014981275
20230821093218600,6.4,6.39,6.3773588014981275
20230821093218700,6.4,6.39,6.377373933862038
20230821093218710,6.4,6.39,6.377389030040352
20230821093218730,6.4,6.39,6.377389030040352
20230821093219080,6.4,6.39,6.377400328505301
20230821093219090,6.4,6.39,6.377489992587101
20230821093219120,6.4,6.39,6.377530663514112
20230821093219490,6.4,6.39,6.377532505910166
20230821093219590,6.4,6.39,6.377532505910166
20230821093220480,6.4,6.39,6.377545387453875
20230821093220570,6.4,6.39,6.377545387453875
20230821093220580,6.4,6.39,6.377545387453875
20230821093221040,6.4,6.39,6.377557522123894
20230821093221500,6.4,6.39,6.377557522123894
20230821093221510,6.4,6.39,6.377557522123894
20230821093221520,6.4,6.39,6.377557522123894
20230821093221530,6.4,6.39,6.377557522123894
20230821093221570,6.4,6.39,6.377557522123894
20230821093222740,6.4,6.39,6.377557522123894
20230821093223720,6.4,6.39,6.377557522123894
20230821093224140,6.4,6.39,6.377557522123894
20230821093224230,6.4,6.39,6.377557522123894
20230821093224240,6.4,6.39,6.377557522123894
20230821093224470,6.4,6.39,6.377557522123894
20230821093224490,6.4,6.39,6.377557522123894
20230821093224500,6.4,6.39,6.377557522123894
20230821093224510,6.4,6.39,6.377557522123894
20230821093224580,6.4,6.39,6.377557522123894
20230821093224590,6.4,6.39,6.377580668925888
20230821093224600,6.4,6.39,6.377580668925888
20230821093224620,6.4,6.39,6.377580668925888
20230821093224770,6.4,6.39,6.377580668925888
20230821093225260,6.4,6.39,6.377580668925888
20230821093225680,6.4,6.39,6.377580668925888
20230821093225770,6.4,6.39,6.377580668925888
20230821093226250,6.4,6.39,6.377580668925888
20230821093226530,6.4,6.39,6.377580668925888
20230821093227480,6.4,6.39,6.377580668925888
20230821093227820,6.4,6.39,6.377580668925888
20230821093227900,6.4,6.39,6.377580668925888
20230821093228070,6.4,6.39,6.377580668925888
20230821093229340,6.4,6.39,6.377580668925888
20230821093229750,6.4,6.39,6.377580668925888
20230821093229850,6.4,6.39,6.377580668925888
20230821093230000,6.4,6.39,6.377580668925888
20230821093230010,6.4,6.39,6.377580668925888
20230821093230230,6.4,6.39,6.377580668925888
20230821093230780,6.4,6.39,6.377580668925888
20230821093230900,6.4,6.39,6.377580668925888
20230821093230920,6.4,6.39,6.377580668925888
20230821093231040,6.4,6.39,6.377580668925888
20230821093231100,6.4,6.39,6.377580668925888
20230821093231110,6.4,6.39,6.377925539620455
20230821093231220,6.4,6.39,6.377925539620455
20230821093231400,6.4,6.39,6.377927288528389
20230821093231640,6.4,6.39,6.377927288528389
20230821093231810,6.4,6.39,6.377927288528389
20230821093232150,6.4,6.39,6.377927288528389
20230821093232180,6.4,6.39,6.377927288528389
20230821093232390,6.4,6.39,6.377927288528389
20230821093232520,6.4,6.39,6.377927288528389
20230821093233540,6.4,6.39,6.377927288528389
20230821093233670,6.4,6.39,6.377927288528389
20230821093234070,6.4,6.39,6.377927288528389
20230821093234080,6.4,6.39,6.37793078482479
20230821093234160,6.4,6.39,6.377932532213697
20230821093234190,6.4,6.39,6.377932532213697
20230821093234210,6.4,6.39,6.377932532213697
20230821093234630,6.4,6.39,6.377932532213697
20230821093234800,6.4,6.39,6.377932532213697
20230821093235550,6.4,6.39,6.377932532213697
20230821093236030,6.4,6.39,6.377932532213697
20230821093236220,6.4,6.39,6.377932532213697
20230821093236700,6.4,6.39,6.377932532213697
20230821093237120,6.4,6.39,6.377932532213697
20230821093237450,6.4,6.39,6.377932532213697
20230821093237690,6.4,6.39,6.377934279096699
20230821093237920,6.4,6.39,6.377934279096699
20230821093237960,6.4,6.39,6.377934279096699
20230821093238560,6.4,6.39,6.377934279096699
20230821093238630,6.4,6.39,6.377934279096699
20230821093239160,6.4,6.39,6.377934279096699
20230821093239180,6.4,6.39,6.377934279096699
20230821093240700,6.4,6.39,6.377934279096699
20230821093240780,6.4,6.39,6.377934279096699
20230821093241440,6.4,6.39,6.377934279096699
20230821093241570,6.4,6.39,6.377934279096699
20230821093241690,6.4,6.39,6.377934279096699
20230821093241800,6.4,6.39,6.377934279096699
20230821093242750,6.4,6.39,6.377934279096699
20230821093242820,6.4,6.39,6.377934279096699
20230821093243270,6.4,6.39,6.377934279096699
20230821093243760,6.4,6.39,6.377934279096699
20230821093244060,6.4,6.39,6.377934279096699
20230821093244260,6.4,6.39,6.377934279096699
20230821093245210,6.4,6.39,6.377934279096699
20230821093245230,6.4,6.39,6.377934279096699
20230821093245420,6.4,6.39,6.377934279096699
20230821093246060,6.4,6.39,6.377934279096699
20230821093246150,6.4,6.39,6.377934279096699
20230821093246190,6.4,6.39,6.377934279096699
20230821093246600,6.4,6.39,6.377934279096699
20230821093246730,6.4,6.39,6.377934279096699
20230821093247000,6.4,6.39,6.377934279096699
20230821093247100,6.4,6.39,6.377934279096699
20230821093247170,6.4,6.39,6.377934279096699
20230821093247390,6.4,6.39,6.377934279096699
20230821093248320,6.4,6.39,6.377934279096699
20230821093248650,6.4,6.39,6.377934279096699
20230821093249030,6.4,6.39,6.377934279096699
20230821093249140,6.4,6.39,6.377934279096699
20230821093249990,6.4,6.39,6.377934279096699
20230821093250170,6.4,6.39,6.377934279096699
20230821093250250,6.4,6.39,6.377934279096699
20230821093250260,6.4,6.39,6.377934279096699
20230821093250730,6.4,6.39,6.378089693833549
20230821093250740,6.4,6.39,6.378089693833549
20230821093250830,6.4,6.39,6.378089693833549
20230821093251030,6.4,6.39,6.378168146662848
20230821093251040,6.4,6.39,6.378177523264138
20230821093251320,6.4,6.39,6.378177523264138
20230821093251340,6.4,6.39,6.378177523264138
20230821093251400,6.4,6.39,6.378177523264138
20230821093251450,6.4,6.39,6.378177523264138
20230821093251560,6.4,6.39,6.378183769858309
20230821093251650,6.4,6.39,6.378183769858309
20230821093251720,6.4,6.39,6.378205604804118
20230821093252080,6.4,6.39,6.3782242857142855
20230821093252100,6.4,6.39,6.378236721873216
20230821093252120,6.4,6.39,6.378277041470714
20230821093252130,6.4,6.39,6.378280136791108
20230821093252150,6.4,6.39,6.37828323122952
20230821093252160,6.4,6.39,6.378295600170867
20230821093252170,6.4,6.39,6.378418519042899
20230821093252180,6.4,6.39,6.378424628450106
20230821093252200,6.4,6.39,6.378461212378126
20230821093252230,6.4,6.39,6.37846729764091
20230821093252270,6.4,6.39,6.37846729764091
20230821093252290,6.4,6.39,6.37846729764091
20230821093252300,6.4,6.39,6.378558165705444
20230821093252310,6.4,6.39,6.378558165705444
20230821093252350,6.4,6.4,6.3787287189506
20230821093252400,6.4,6.4,6.3787287189506
20230821093252660,6.4,6.4,6.3787287189506
20230821093252800,6.4,6.4,6.3787287189506
20230821093252900,6.4,6.4,6.3787287189506
20230821093253090,6.4,6.4,6.3787287189506
20230821093253100,6.4,6.4,6.3787287189506
20230821093253130,6.4,6.4,6.3787287189506
20230821093253230,6.4,6.4,6.3787287189506
20230821093253520,6.4,6.4,6.3787287189506
20230821093253960,6.4,6.4,6.3787287189506
20230821093254120,6.4,6.39,6.378846794338052
20230821093254130,6.4,6.39,6.378849729429721
20230821093254200,6.4,6.39,6.378849729429721
20230821093254240,6.4,6.39,6.378849729429721
20230821093254280,6.4,6.39,6.378849729429721
20230821093254480,6.4,6.39,6.378862092862093
20230821093254660,6.4,6.39,6.378862092862093
20230821093254700,6.4,6.39,6.378862092862093
20230821093254990,6.4,6.39,6.378891349480969
20230821093255070,6.4,6.39,6.378894270689178
20230821093255090,6.4,6.39,6.3789059474412175
20230821093255330,6.4,6.39,6.3789059474412175
20230821093256870,6.4,6.39,6.3789059474412175
20230821093257070,6.4,6.39,6.3789292622271345
20230821093257170,6.4,6.4,6.378975737524125
20230821093257310,6.4,6.4,6.378975737524125
20230821093257320,6.4,6.4,6.378981532524807
20230821093257330,6.4,6.39,6.379010459675199
20230821093257350,6.4,6.39,6.379013483764447
20230821093257400,6.4,6.39,6.379013483764447
20230821093257520,6.4,6.39,6.379013483764447
20230821093257590,6.4,6.39,6.379036558548653
20230821093258100,6.4,6.39,6.379042319318494
20230821093259180,6.4,6.39,6.379042319318494
20230821093259320,6.4,6.39,6.379042319318494
20230821093259420,6.4,6.39,6.379042319318494
20230821093259730,6.4,6.39,6.379042319318494
20230821093300010,6.4,6.39,6.379042319318494
20230821093300020,6.4,6.39,6.379042319318494
20230821093300030,6.4,6.39,6.379042319318494
20230821093300310,6.4,6.39,6.3790451985162795
20230821093300520,6.4,6.39,6.3790451985162795
20230821093300900,6.4,6.39,6.379068203650336
20230821093300930,6.4,6.39,6.379091158327622
20230821093301080,6.4,6.39,6.379091158327622
20230821093301100,6.4,6.39,6.37909688913252
20230821093301880,6.4,6.39,6.37909688913252
20230821093303350,6.4,6.39,6.37909688913252
20230821093303370,6.4,6.39,6.37909688913252
20230821093303420,6.4,6.39,6.379119780971937
20230821093303480,6.4,6.39,6.379119780971937
20230821093303700,6.4,6.39,6.379119780971937
20230821093303800,6.4,6.39,6.379119780971937
20230821093303860,6.4,6.39,6.379119780971937
20230821093304010,6.4,6.39,6.379119780971937
20230821093304110,6.4,6.39,6.379121270188886
20230821093304590,6.4,6.39,6.379155294759825
20230821093304610,6.4,6.39,6.379155294759825
20230821093304650,6.4,6.39,6.379155294759825
20230821093304910,6.4,6.39,6.379155294759825
20230821093305040,6.4,6.39,6.379155294759825
20230821093305050,6.4,6.39,6.379203539823009
20230821093305510,6.4,6.39,6.379203539823009
20230821093305840,6.4,6.39,6.379203539823009
20230821093306220,6.4,6.39,6.379203539823009
20230821093306790,6.4,6.39,6.379203539823009
20230821093307100,6.4,6.39,6.379535819694124
20230821093307190,6.4,6.39,6.379535819694124
20230821093307260,6.4,6.39,6.379535819694124
20230821093307610,6.4,6.39,6.379535819694124
20230821093307880,6.4,6.39,6.379672174840085
20230821093308050,6.4,6.39,6.379672174840085
20230821093308290,6.4,6.39,6.379672174840085
20230821093308590,6.4,6.39,6.379690035918585
20230821093308980,6.4,6.39,6.379690035918585
20230821093309230,6.4,6.39,6.379690035918585
20230821093309480,6.4,6.39,6.379690035918585
20230821093309490,6.4,6.39,6.379690035918585
20230821093309500,6.4,6.39,6.379690035918585
20230821093309510,6.4,6.39,6.379690035918585
20230821093310040,6.4,6.39,6.379696889125233
20230821093310070,6.4,6.39,6.379696889125233
20230821093310080,6.4,6.39,6.379721485411141
20230821093310130,6.4,6.39,6.379721485411141
20230821093310160,6.4,6.39,6.379721485411141
20230821093310220,6.4,6.39,6.379732379438262
20230821093311030,6.4,6.39,6.3797405348159915
20230821093311040,6.4,6.39,6.379747321074216
20230821093311290,6.4,6.39,6.379747321074216
20230821093311300,6.4,6.39,6.379747321074216
20230821093311350,6.4,6.39,6.379747321074216
20230821093311640,6.4,6.39,6.379747321074216
20230821093311800,6.4,6.39,6.379747321074216
20230821093312110,6.4,6.39,6.379747321074216
20230821093312130,6.4,6.39,6.379747321074216
20230821093312140,6.4,6.39,6.379747321074216
20230821093312270,6.4,6.39,6.379747321074216
20230821093312310,6.4,6.39,6.379747321074216
20230821093312720,6.4,6.39,6.379747321074216
20230821093312730,6.4,6.39,6.379747321074216
20230821093312750,6.4,6.39,6.379747321074216
20230821093312760,6.4,6.39,6.379789196310935
20230821093312870,6.4,6.39,6.379887242690442
20230821093313080,6.4,6.39,6.379897785349233
20230821093313140,6.4,6.39,6.379903052535045
20230821093313180,6.4,6.39,6.380020838760093
20230821093313230,6.4,6.39,6.380201342281879
20230821093313300,6.4,6.39,6.380201342281879
20230821093313340,6.4,6.39,6.380201342281879
20230821093314360,6.4,6.39,6.380201342281879
20230821093314600,6.4,6.39,6.380201342281879
20230821093314800,6.4,6.39,6.380201342281879
20230821093314890,6.4,6.39,6.380201342281879
20230821093315060,6.4,6.39,6.380214110666839
20230821093315570,6.4,6.39,6.380214110666839
20230821093315910,6.4,6.39,6.380214110666839
20230821093316120,6.4,6.39,6.380226862593452
20230821093316340,6.4,6.39,6.380226862593452
20230821093316350,6.4,6.39,6.380226862593452
20230821093316650,6.4,6.39,6.380228122180694
20230821093316660,6.4,6.39,6.380228122180694
20230821093316770,6.4,6.39,6.380245943857842
20230821093317080,6.4,6.39,6.380291287052483
20230821093317450,6.4,6.39,6.380300115429011
20230821093317580,6.4,6.39,6.380300115429011
20230821093318120,6.4,6.39,6.380300115429011
20230821093318200,6.4,6.39,6.380300115429011
20230821093318720,6.4,6.39,6.380300115429011
20230821093318910,6.4,6.39,6.380300115429011
20230821093319130,6.4,6.39,6.380300115429011
20230821093319290,6.4,6.39,6.380300115429011
20230821093319840,6.4,6.39,6.380300115429011
20230821093319850,6.4,6.39,6.380300115429011
20230821093320380,6.4,6.39,6.380300115429011
20230821093320490,6.4,6.39,6.380300115429011
20230821093321160,6.4,6.39,6.380300115429011
20230821093321290,6.4,6.39,6.380300115429011
20230821093322150,6.4,6.39,6.380300115429011
20230821093322220,6.4,6.39,6.380300115429011
20230821093322590,6.4,6.39,6.380300115429011
20230821093323040,6.4,6.39,6.380300115429011
20230821093323220,6.4,6.39,6.380300115429011
20230821093324200,6.4,6.39,6.380300115429011
20230821093324390,6.4,6.39,6.380300115429011
20230821093324520,6.4,6.39,6.380300115429011
20230821093324570,6.4,6.39,6.380300115429011
20230821093324620,6.4,6.39,6.380300115429011
20230821093324870,6.4,6.39,6.380300115429011
20230821093325830,6.4,6.39,6.380300115429011
20230821093326560,6.4,6.39,6.380300115429011
20230821093326770,6.4,6.39,6.380300115429011
20230821093326910,6.4,6.39,6.380300115429011
20230821093327050,6.4,6.39,6.380300115429011
20230821093327170,6.4,6.39,6.380306331709818
20230821093327230,6.4,6.39,6.380306331709818
20230821093327590,6.4,6.39,6.38031997952131
20230821093328060,6.4,6.39,6.38031997952131
20230821093328080,6.4,6.39,6.380327407596879
20230821093328660,6.4,6.39,6.380327407596879
20230821093328940,6.4,6.39,6.380327407596879
20230821093329010,6.4,6.39,6.380360693346929
20230821093329060,6.4,6.39,6.380360693346929
20230821093329070,6.4,6.39,6.380360693346929
20230821093329130,6.4,6.39,6.380388867708731
20230821093329140,6.4,6.39,6.380403502093643
20230821093329150,6.4,6.39,6.380403502093643
20230821093329210,6.4,6.39,6.380404719614311
20230821093329350,6.4,6.39,6.380404719614311
20230821093329380,6.4,6.39,6.380404719614311
20230821093329390,6.4,6.39,6.380404719614311
20230821093329910,6.4,6.39,6.380404719614311
20230821093330000,6.4,6.39,6.380404719614311
20230821093330010,6.4,6.39,6.380404719614311
20230821093330020,6.4,6.39,6.380404719614311
20230821093330030,6.4,6.39,6.380408370323399
20230821093330220,6.4,6.39,6.380408370323399
20230821093330250,6.4,6.39,6.380408370323399
20230821093330430,6.4,6.39,6.380408370323399
20230821093330490,6.4,6.39,6.380408370323399
20230821093330500,6.4,6.39,6.380408370323399
20230821093330980,6.4,6.39,6.380408370323399
20230821093331090,6.4,6.39,6.380420519316023
20230821093331130,6.4,6.39,6.380420519316023
20230821093331140,6.4,6.39,6.380420519316023
20230821093331200,6.4,6.39,6.380420519316023
20230821093331210,6.4,6.39,6.380420519316023
20230821093331360,6.39,6.39,6.380555694305694
20230821093331370,6.39,6.39,6.380555694305694
20230821093331380,6.39,6.39,6.380555694305694
20230821093331410,6.39,6.39,6.380555694305694
20230821093331790,6.39,6.39,6.380555694305694
20230821093331900,6.39,6.39,6.380555694305694
20230821093331940,6.39,6.39,6.380555694305694
20230821093332010,6.39,6.39,6.380597961213327
20230821093332050,6.39,6.39,6.380597961213327
20230821093332060,6.39,6.39,6.380597961213327
20230821093332260,6.39,6.39,6.380597961213327
20230821093332990,6.39,6.39,6.380597961213327
20230821093333050,6.39,6.39,6.380597738287561
20230821093333490,6.39,6.39,6.380597738287561
20230821093333500,6.39,6.39,6.380597589762703
20230821093333540,6.39,6.39,6.380597589762703
20230821093333570,6.39,6.39,6.380597589762703
20230821093333730,6.39,6.39,6.380598757763975
20230821093333930,6.39,6.39,6.380598757763975
20230821093333970,6.39,6.39,6.380598757763975
20230821093334060,6.39,6.39,6.380598757763975
20230821093334230,6.39,6.39,6.380598757763975
20230821093334290,6.39,6.39,6.380598757763975
20230821093334710,6.39,6.39,6.380598757763975
20230821093335170,6.39,6.39,6.380598757763975
20230821093335200,6.39,6.39,6.380598757763975
20230821093335840,6.39,6.39,6.380598757763975
20230821093336080,6.39,6.39,6.380598757763975
20230821093336260,6.39,6.39,6.380598757763975
20230821093337150,6.39,6.39,6.380598757763975
20230821093337890,6.39,6.39,6.380633506557783
20230821093338440,6.39,6.39,6.380633506557783
20230821093338520,6.39,6.39,6.380633506557783
20230821093338940,6.39,6.39,6.380633506557783
20230821093339250,6.39,6.39,6.380633506557783
20230821093339480,6.39,6.39,6.380633506557783
20230821093339490,6.39,6.39,6.380633506557783
20230821093339860,6.39,6.39,6.380633506557783
20230821093340140,6.39,6.39,6.380633506557783
20230821093340430,6.39,6.39,6.380633506557783
20230821093341460,6.39,6.39,6.380633506557783
20230821093341830,6.39,6.39,6.380633506557783
20230821093342100,6.39,6.39,6.380633506557783
20230821093342170,6.39,6.39,6.380633506557783
20230821093342560,6.39,6.39,6.380633506557783
20230821093342750,6.39,6.39,6.380633506557783
20230821093342830,6.39,6.39,6.380633506557783
20230821093343240,6.39,6.39,6.380633506557783
20230821093343410,6.39,6.39,6.380633506557783
20230821093343800,6.39,6.39,6.3806249237153665
20230821093344000,6.39,6.39,6.3806249237153665
20230821093344100,6.39,6.39,6.3806249237153665
20230821093344650,6.39,6.39,6.3806249237153665
20230821093344670,6.39,6.39,6.3806249237153665
20230821093344920,6.39,6.39,6.3806249237153665
20230821093344930,6.39,6.39,6.3806249237153665
20230821093345480,6.39,6.39,6.3806249237153665
20230821093346040,6.39,6.39,6.380635210924165
20230821093346120,6.39,6.39,6.380635210924165
20230821093346130,6.39,6.39,6.380635210924165
20230821093346140,6.39,6.39,6.380635210924165
20230821093346400,6.39,6.39,6.380635210924165
20230821093346900,6.39,6.39,6.380635210924165
20230821093347350,6.39,6.39,6.380635210924165
20230821093348030,6.39,6.39,6.380635210924165
20230821093348500,6.39,6.39,6.380635210924165
20230821093348630,6.39,6.39,6.380635210924165
20230821093348720,6.39,6.39,6.380635210924165
20230821093348820,6.39,6.39,6.380635210924165
20230821093348910,6.39,6.39,6.380635210924165
20230821093348970,6.39,6.39,6.380635133487749
20230821093349760,6.39,6.39,6.380635133487749
20230821093350810,6.39,6.39,6.380635133487749
20230821093351160,6.39,6.39,6.380635133487749
20230821093351500,6.39,6.39,6.380635133487749
20230821093351990,6.39,6.39,6.380635133487749
20230821093352130,6.39,6.39,6.38063505607021
20230821093353500,6.39,6.39,6.38063505607021
20230821093353850,6.39,6.39,6.38063389706777
20230821093354280,6.39,6.39,6.38063389706777
20230821093354400,6.39,6.39,6.380650959436483
20230821093354740,6.39,6.39,6.380650959436483
20230821093355090,6.39,6.39,6.380650959436483
20230821093355110,6.39,6.39,6.380650959436483
20230821093355450,6.39,6.39,6.380650959436483
20230821093355700,6.39,6.39,6.380650959436483
20230821093356470,6.39,6.39,6.380650959436483
20230821093356720,6.39,6.39,6.380650959436483
20230821093356860,6.39,6.39,6.380650643360039
20230821093356870,6.39,6.39,6.380650643360039
20230821093356900,6.39,6.39,6.380650643360039
20230821093356960,6.39,6.39,6.380650643360039
20230821093357600,6.39,6.39,6.380650643360039
20230821093358220,6.39,6.39,6.380644773246722
20230821093358280,6.39,6.39,6.380643998558212
20230821093358960,6.39,6.39,6.380643998558212
20230821093359230,6.39,6.39,6.380643998558212
20230821093359360,6.39,6.39,6.380643998558212
20230821093359390,6.39,6.39,6.380643998558212
20230821093359420,6.39,6.39,6.380643998558212
20230821093359560,6.39,6.39,6.380643998558212
20230821093359710,6.39,6.39,6.380643611911624
20230821093359990,6.39,6.39,6.380643611911624
20230821093400000,6.39,6.39,6.380643611911624
20230821093400010,6.39,6.39,6.380643611911624
20230821093400020,6.39,6.39,6.380643611911624
20230821093400030,6.39,6.39,6.380643611911624
20230821093400050,6.39,6.39,6.380643611911624
20230821093400060,6.39,6.39,6.380643611911624
20230821093400820,6.39,6.39,6.380639465521355
20230821093401050,6.39,6.39,6.3806385513462
20230821093401070,6.39,6.39,6.380637791527844
20230821093401100,6.39,6.39,6.380637791527844
20230821093401860,6.39,6.39,6.380637791527844
20230821093401910,6.39,6.39,6.380637791527844
20230821093402380,6.39,6.39,6.380637791527844
20230821093402550,6.39,6.39,6.380637639781109
20230821093402690,6.39,6.39,6.380635447540012
20230821093403010,6.39,6.39,6.3806352216164965
20230821093403420,6.39,6.39,6.3806352216164965
20230821093403480,6.39,6.39,6.380634394602912
20230821093403510,6.39,6.39,6.38063424446811
20230821093403520,6.38,6.39,6.380631777463461
20230821093403530,6.38,6.39,6.380631777463461
20230821093403550,6.38,6.39,6.380631777463461
20230821093403560,6.38,6.39,6.380631777463461
20230821093403580,6.38,6.39,6.380631777463461
20230821093403620,6.38,6.39,6.380631777463461
20230821093403650,6.38,6.39,6.380631777463461
20230821093403700,6.38,6.39,6.380631777463461
20230821093404020,6.38,6.39,6.380631777463461
20230821093404030,6.38,6.39,6.38063052445492
20230821093404350,6.38,6.39,6.38063052445492
20230821093404360,6.38,6.39,6.38063052445492
20230821093404790,6.38,6.39,6.38063052445492
20230821093405290,6.38,6.39,6.38063052445492
20230821093405440,6.38,6.39,6.38063052445492
20230821093405710,6.39,6.38,6.380624125058329
20230821093405740,6.39,6.38,6.380624125058329
20230821093405860,6.38,6.38,6.380624125058329
20230821093405880,6.38,6.38,6.380624125058329
20230821093407030,6.38,6.38,6.380624125058329
20230821093407080,6.38,6.38,6.380624125058329
20230821093407090,6.38,6.38,6.380624125058329
20230821093407140,6.38,6.38,6.380624125058329
20230821093407200,6.38,6.38,6.380624125058329
20230821093407220,6.38,6.38,6.380624125058329
20230821093407350,6.39,6.38,6.380620217945745
20230821093407790,6.39,6.38,6.380620146053089
20230821093408030,6.39,6.38,6.380619786839667
20230821093408050,6.39,6.38,6.380619715046913
20230821093408080,6.39,6.38,6.380619715046913
20230821093408310,6.39,6.38,6.38061964327079
20230821093408350,6.39,6.38,6.380640240379059
20230821093409130,6.39,6.38,6.380640166397042
20230821093409180,6.39,6.38,6.380640166397042
20230821093409480,6.39,6.38,6.380640166397042
20230821093409550,6.39,6.38,6.380640166397042
20230821093409800,6.39,6.38,6.380640166397042
20230821093409920,6.39,6.38,6.38064009243212
20230821093409980,6.39,6.38,6.38064009243212
20230821093410190,6.39,6.38,6.38063964900127
20230821093411080,6.39,6.38,6.38063964900127
20230821093411650,6.39,6.38,6.38063964900127
20230821093411800,6.39,6.38,6.380624643142629
20230821093412480,6.39,6.38,6.380624643142629
20230821093412490,6.39,6.38,6.380624643142629
20230821093412500,6.38,6.38,6.380624643142629
20230821093412510,6.38,6.38,6.380624643142629
20230821093412520,6.38,6.38,6.380624643142629
20230821093412530,6.38,6.38,6.380624643142629
20230821093412660,6.38,6.38,6.380624643142629
20230821093413020,6.38,6.38,6.380624643142629
20230821093413060,6.38,6.37,6.380624643142629
20230821093413240,6.38,6.37,6.380624643142629
20230821093413340,6.38,6.37,6.380624643142629
20230821093414430,6.38,6.37,6.380624643142629
20230821093414810,6.38,6.37,6.380624643142629
20230821093415240,6.38,6.37,6.38061788802913
20230821093415250,6.38,6.37,6.38061788802913
20230821093415550,6.38,6.37,6.38061788802913
20230821093415700,6.38,6.37,6.38061788802913
20230821093415830,6.38,6.37,6.38061788802913
20230821093415980,6.38,6.37,6.38061788802913
20230821093416080,6.38,6.37,6.38061788802913
20230821093416320,6.38,6.37,6.380617115581316
20230821093416330,6.38,6.37,6.380617115581316
20230821093416550,6.38,6.37,6.380617115581316
20230821093416610,6.38,6.37,6.380617115581316
20230821093416650,6.38,6.37,6.380617115581316
20230821093417080,6.38,6.37,6.380617115581316
20230821093417540,6.38,6.37,6.380617115581316
20230821093417800,6.38,6.37,6.380616275110657
20230821093418070,6.38,6.37,6.380616275110657
20230821093418090,6.38,6.37,6.380616065350579
20230821093418760,6.38,6.37,6.38061599546228
20230821093419230,6.38,6.37,6.38061599546228
20230821093419250,6.38,6.37,6.38061599546228
20230821093419330,6.38,6.37,6.38061599546228
20230821093419410,6.38,6.37,6.38061599546228
20230821093419510,6.38,6.37,6.38061599546228
20230821093420240,6.38,6.37,6.38061599546228
20230821093420340,6.38,6.37,6.3806159255898365
20230821093420780,6.38,6.37,6.3806159255898365
20230821093421400,6.38,6.37,6.380615576465253
20230821093421800,6.38,6.37,6.380615576465253
20230821093422470,6.38,6.37,6.380615576465253
20230821093422550,6.38,6.37,6.380615576465253
20230821093422740,6.38,6.37,6.380615576465253
20230821093423630,6.38,6.37,6.380615576465253
20230821093424620,6.38,6.37,6.380615576465253
20230821093424750,6.38,6.37,6.380615576465253
20230821093424950,6.38,6.38,6.3806151580378385
20230821093425140,6.38,6.38,6.380615088355233
20230821093426440,6.38,6.38,6.380615088355233
20230821093426600,6.38,6.38,6.3806145314622
20230821093426710,6.38,6.38,6.3806145314622
20230821093426730,6.38,6.38,6.380613836762379
20230821093426740,6.38,6.38,6.380613767378772
20230821093427590,6.38,6.37,6.380612175873732
20230821093428040,6.38,6.37,6.380612175873732
20230821093428080,6.38,6.37,6.380612175873732
20230821093428090,6.38,6.37,6.380612175873732
20230821093428120,6.38,6.37,6.380612175873732
20230821093428670,6.38,6.37,6.380611555355332
20230821093428900,6.38,6.37,6.380611555355332
20230821093429300,6.38,6.37,6.380611555355332
20230821093429420,6.38,6.37,6.380611555355332
20230821093430000,6.38,6.37,6.380611555355332
20230821093430010,6.38,6.37,6.380611555355332
20230821093430030,6.38,6.37,6.380611555355332
20230821093430040,6.38,6.37,6.380611555355332
20230821093430560,6.38,6.37,6.380611555355332
20230821093430920,6.38,6.37,6.380611555355332
20230821093430950,6.38,6.37,6.380611555355332
20230821093430990,6.38,6.37,6.38061093609361
20230821093431110,6.38,6.37,6.380584736251403
20230821093431870,6.38,6.37,6.380584736251403
20230821093431970,6.38,6.37,6.380584736251403
20230821093432050,6.38,6.37,6.380584736251403
20230821093432060,6.38,6.37,6.380584736251403
20230821093432080,6.38,6.37,6.380584736251403
20230821093432510,6.38,6.37,6.380584736251403
20230821093432900,6.38,6.37,6.380584736251403
20230821093432950,6.38,6.37,6.380584736251403
20230821093432980,6.38,6.37,6.380584736251403
20230821093433260,6.38,6.37,6.380584736251403
20230821093433490,6.38,6.37,6.380584736251403
20230821093433590,6.38,6.38,6.38058355734767
20230821093433600,6.38,6.37,6.380583426651736
20230821093434040,6.38,6.37,6.380583426651736
20230821093434050,6.38,6.37,6.380583426651736
20230821093434060,6.38,6.37,6.380583426651736
20230821093434110,6.38,6.37,6.380531535547136
20230821093434120,6.38,6.37,6.380526843394965
20230821093434180,6.38,6.37,6.380526843394965
20230821093434190,6.38,6.37,6.380526843394965
20230821093434680,6.38,6.37,6.380526843394965
20230821093434780,6.38,6.37,6.380526843394965
20230821093435100,6.38,6.37,6.380526843394965
20230821093436110,6.38,6.37,6.380526843394965
20230821093436470,6.38,6.37,6.380526843394965
20230821093436480,6.38,6.37,6.380526843394965
20230821093436490,6.38,6.37,6.380526843394965
20230821093436520,6.38,6.37,6.380526843394965
20230821093436620,6.38,6.37,6.380526843394965
20230821093436630,6.38,6.37,6.380526843394965
20230821093436770,6.38,6.37,6.380526843394965
20230821093436840,6.38,6.37,6.380523925564909
20230821093436880,6.38,6.37,6.380523925564909
20230821093436910,6.38,6.37,6.380523925564909
20230821093437090,6.38,6.37,6.380523925564909
20230821093437220,6.38,6.37,6.380523925564909
20230821093437240,6.38,6.37,6.380523925564909
20230821093437730,6.38,6.37,6.380523925564909
20230821093437840,6.38,6.37,6.380523925564909
20230821093438070,6.38,6.37,6.380523925564909
20230821093438090,6.38,6.37,6.380522478736331
20230821093438130,6.38,6.37,6.380522478736331
20230821093438660,6.38,6.37,6.380522478736331
20230821093438850,6.38,6.37,6.380522478736331
20230821093439450,6.38,6.37,6.380522478736331
20230821093439850,6.38,6.37,6.380522478736331
20230821093440060,6.38,6.37,6.380522478736331
20230821093440090,6.38,6.37,6.380522478736331
20230821093441240,6.38,6.37,6.380522478736331
20230821093442310,6.38,6.37,6.380522478736331
20230821093442730,6.38,6.37,6.380522478736331
20230821093442760,6.38,6.37,6.380522478736331
20230821093443090,6.38,6.37,6.380522478736331
20230821093443320,6.38,6.37,6.380522478736331
20230821093444150,6.38,6.37,6.380522478736331
20230821093444560,6.38,6.37,6.380522478736331
20230821093444940,6.38,6.37,6.380520123158126
20230821093445000,6.38,6.37,6.380519608920136
20230821093445020,6.38,6.37,6.380519608920136
20230821093445190,6.38,6.37,6.380519608920136
20230821093445730,6.38,6.37,6.380519608920136
20230821093445880,6.38,6.37,6.380519608920136
20230821093446090,6.38,6.37,6.380519608920136
20230821093447270,6.38,6.37,6.380519608920136
20230821093447940,6.38,6.37,6.380519551845342
20230821093448020,6.38,6.37,6.380519551845342
20230821093448050,6.38,6.37,6.380519551845342
20230821093448150,6.38,6.37,6.380519551845342
20230821093448240,6.38,6.37,6.380519551845342
20230821093448310,6.38,6.37,6.380519551845342
20230821093448480,6.38,6.37,6.380519551845342
20230821093449030,6.38,6.37,6.380519551845342
20230821093449150,6.38,6.37,6.380519551845342
20230821093449380,6.38,6.37,6.380519551845342
20230821093449510,6.38,6.37,6.380519551845342
20230821093450090,6.38,6.37,6.380519494783086
20230821093450450,6.38,6.37,6.380519494783086
20230821093451450,6.38,6.37,6.380519494783086
20230821093451730,6.38,6.37,6.380519494783086
20230821093451770,6.38,6.37,6.380519494783086
20230821093452040,6.38,6.37,6.380519494783086
20230821093453070,6.38,6.37,6.380519494783086
20230821093453350,6.38,6.37,6.380519494783086
20230821093453970,6.38,6.37,6.380519494783086
20230821093454080,6.38,6.37,6.380519494783086
20230821093455000,6.38,6.37,6.380518981786263
20230821093455210,6.38,6.37,6.380518981786263
20230821093455430,6.38,6.37,6.380518981786263
20230821093455730,6.38,6.37,6.380518981786263
20230821093456630,6.38,6.37,6.380518697225573
20230821093456750,6.38,6.37,6.380518697225573
20230821093458250,6.38,6.37,6.380518697225573
20230821093458370,6.38,6.37,6.380518697225573
20230821093458380,6.38,6.37,6.380518697225573
20230821093458800,6.38,6.37,6.380515237886429
20230821093458930,6.38,6.37,6.380515237886429
20230821093459030,6.38,6.37,6.380515237886429
20230821093459090,6.38,6.37,6.380514223194749
20230821093459100,6.38,6.37,6.380514223194749
20230821093459380,6.38,6.37,6.380514223194749
20230821093459550,6.38,6.37,6.380514223194749
20230821093500010,6.38,6.37,6.380514223194749
20230821093500060,6.38,6.37,6.38051192299278
20230821093500070,6.38,6.37,6.380491266375546
20230821093500220,6.38,6.37,6.380491266375546
20230821093500620,6.38,6.37,6.380491266375546
20230821093500980,6.38,6.37,6.380491266375546
20230821093501080,6.38,6.37,6.380491266375546
20230821093501100,6.38,6.37,6.380491105533122
20230821093501250,6.38,6.37,6.380491105533122
20230821093502100,6.38,6.37,6.380491105533122
20230821093502350,6.38,6.37,6.3804899607158445
20230821093503490,6.38,6.37,6.3804899607158445
20230821093504090,6.38,6.38,6.3804899607158445
20230821093504230,6.38,6.38,6.3804899607158445
20230821093504240,6.38,6.38,6.380487249050462
20230821093504680,6.38,6.38,6.380487249050462
20230821093504850,6.38,6.38,6.380487249050462
20230821093505050,6.38,6.37,6.380486720867209
20230821093505220,6.38,6.37,6.380486720867209
20230821093505570,6.38,6.37,6.380486720867209
20230821093505870,6.38,6.37,6.380486720867209
20230821093506010,6.38,6.37,6.380430188679245
20230821093506050,6.38,6.37,6.380430188679245
20230821093506140,6.38,6.37,6.380430188679245
20230821093506240,6.38,6.37,6.380430188679245
20230821093506270,6.38,6.37,6.380430188679245
20230821093506450,6.38,6.37,6.380430188679245
20230821093506540,6.38,6.37,6.380425692423753
20230821093506750,6.38,6.37,6.380425692423753
20230821093506820,6.38,6.37,6.380425692423753
20230821093506830,6.38,6.37,6.380425692423753
20230821093506850,6.38,6.37,6.380425692423753
20230821093506980,6.38,6.37,6.380425692423753
20230821093507100,6.38,6.37,6.380425692423753
20230821093507610,6.38,6.37,6.380425692423753
20230821093507680,6.38,6.37,6.380425692423753
20230821093507740,6.38,6.37,6.380425692423753
20230821093508460,6.38,6.37,6.380425692423753
20230821093509200,6.38,6.37,6.380425692423753
20230821093509880,6.38,6.37,6.380425692423753
20230821093510080,6.38,6.37,6.380425692423753
20230821093510090,6.38,6.37,6.380425692423753
20230821093510120,6.38,6.37,6.380425692423753
20230821093510130,6.38,6.37,6.380420973298881
20230821093511440,6.38,6.37,6.380420973298881
20230821093511450,6.38,6.37,6.380420973298881
20230821093511480,6.38,6.37,6.380420973298881
20230821093512020,6.38,6.37,6.380420973298881
20230821093513010,6.38,6.37,6.380420973298881
20230821093513120,6.38,6.37,6.380406407913128
20230821093513130,6.38,6.37,6.380399699151177
20230821093513140,6.38,6.37,6.380399699151177
20230821093513530,6.38,6.37,6.380399699151177
20230821093513600,6.38,6.37,6.380399699151177
20230821093514220,6.38,6.37,6.380399699151177
20230821093514420,6.38,6.37,6.380399699151177
20230821093515010,6.38,6.37,6.380399699151177
20230821093515020,6.38,6.37,6.380399699151177
20230821093515430,6.38,6.37,6.380399699151177
20230821093516080,6.38,6.37,6.380399699151177
20230821093516110,6.38,6.37,6.380399699151177
20230821093516130,6.38,6.37,6.380399699151177
20230821093516430,6.38,6.37,6.380399699151177
20230821093516650,6.38,6.37,6.380399699151177
20230821093517130,6.38,6.37,6.380399699151177
20230821093517480,6.38,6.37,6.380399699151177
20230821093519080,6.38,6.37,6.380399699151177
20230821093519100,6.38,6.37,6.380399699151177
20230821093519120,6.38,6.37,6.380399699151177
20230821093519260,6.38,6.37,6.380399699151177
20230821093519430,6.38,6.37,6.380399699151177
20230821093522090,6.38,6.37,6.380399699151177
20230821093522970,6.38,6.37,6.380399699151177
20230821093523400,6.38,6.37,6.380399699151177
20230821093523410,6.38,6.37,6.380399699151177
20230821093523600,6.38,6.37,6.380399699151177
20230821093523740,6.38,6.37,6.380399699151177
20230821093523820,6.38,6.37,6.380399699151177
20230821093523950,6.38,6.37,6.380399699151177
20230821093524500,6.38,6.37,6.380399699151177
20230821093524510,6.38,6.37,6.380399699151177
20230821093524520,6.38,6.37,6.380399699151177
20230821093524530,6.38,6.37,6.380399699151177
20230821093524550,6.38,6.37,6.380399699151177
20230821093525060,6.38,6.37,6.380399699151177
20230821093525360,6.38,6.37,6.380399699151177
20230821093525530,6.38,6.37,6.380399699151177
20230821093526190,6.38,6.37,6.380399699151177
20230821093526200,6.38,6.37,6.380399699151177
20230821093526210,6.38,6.37,6.380399699151177
20230821093526250,6.38,6.37,6.380399699151177
20230821093527170,6.38,6.37,6.380399699151177
20230821093527220,6.38,6.37,6.380399699151177
20230821093527250,6.38,6.37,6.380399699151177
20230821093527750,6.38,6.37,6.380399699151177
20230821093527800,6.38,6.37,6.380399699151177
20230821093528090,6.38,6.37,6.380399699151177
20230821093528130,6.38,6.37,6.380399699151177
20230821093528270,6.38,6.37,6.380399699151177
20230821093528300,6.38,6.37,6.380399699151177
20230821093528350,6.38,6.37,6.380399699151177
20230821093530010,6.38,6.37,6.380399699151177
20230821093531370,6.38,6.37,6.380399699151177
20230821093531620,6.38,6.37,6.380399699151177
20230821093531740,6.38,6.37,6.380399699151177
20230821093532340,6.38,6.37,6.380399699151177
20230821093532510,6.38,6.37,6.380399699151177
20230821093532520,6.38,6.37,6.380399699151177
20230821093532570,6.38,6.37,6.380399699151177
20230821093533470,6.38,6.37,6.380399699151177
20230821093533500,6.38,6.37,6.380399699151177
20230821093533780,6.38,6.37,6.379844385679414
20230821093533790,6.38,6.37,6.379842383567216
20230821093533810,6.38,6.37,6.379842383567216
20230821093534080,6.38,6.37,6.379842383567216
20230821093534090,6.38,6.37,6.379842383567216
20230821093534370,6.38,6.37,6.379842383567216
20230821093534410,6.38,6.37,6.379842383567216
20230821093534660,6.38,6.37,6.379842383567216
20230821093534860,6.38,6.37,6.379842383567216
20230821093534930,6.38,6.37,6.379842383567216
20230821093535300,6.38,6.37,6.379839381925383
20230821093535320,6.38,6.37,6.379839381925383
20230821093535450,6.38,6.37,6.379835382583071
20230821093536250,6.38,6.37,6.379835382583071
20230821093536390,6.38,6.37,6.379835382583071
20230821093536410,6.38,6.37,6.379825398436707
20230821093536750,6.38,6.37,6.379825398436707
20230821093537200,6.38,6.37,6.379825398436707
20230821093537720,6.38,6.37,6.379825398436707
20230821093537730,6.38,6.37,6.379821410451547
20230821093537770,6.38,6.37,6.379820413961039
20230821093537820,6.38,6.37,6.379820413961039
20230821093538070,6.38,6.37,6.379820413961039
20230821093538580,6.38,6.37,6.379741344605475
20230821093538840,6.38,6.37,6.379741344605475
20230821093538910,6.38,6.37,6.379741344605475
20230821093539360,6.38,6.37,6.379741344605475
20230821093540090,6.38,6.37,6.379740364295059
20230821093540100,6.38,6.37,6.379739384181928
20230821093540210,6.38,6.37,6.379739384181928
20230821093540330,6.38,6.37,6.379739384181928
20230821093540790,6.38,6.37,6.379739384181928
20230821093541810,6.38,6.37,6.379739384181928
20230821093542040,6.38,6.37,6.379739384181928
20230821093542250,6.38,6.37,6.379739384181928
20230821093542340,6.38,6.37,6.379739384181928
20230821093542540,6.38,6.37,6.379739384181928
20230821093542620,6.38,6.37,6.379739384181928
20230821093542940,6.38,6.37,6.3797100722311395
20230821093542970,6.38,6.37,6.3797100722311395
20230821093542980,6.38,6.37,6.3797100722311395
20230821093542990,6.38,6.37,6.3797100722311395
20230821093543000,6.38,6.37,6.3797100722311395
20230821093543020,6.38,6.37,6.3797100722311395
20230821093543050,6.38,6.37,6.3797100722311395
20230821093543090,6.38,6.37,6.3797100722311395
20230821093543260,6.38,6.37,6.3797100722311395
20230821093543350,6.38,6.37,6.379706236214157
20230821093543740,6.38,6.37,6.379706236214157
20230821093544560,6.38,6.37,6.379706236214157
20230821093544970,6.38,6.37,6.379706236214157
20230821093545910,6.38,6.37,6.379706236214157
20230821093547090,6.38,6.37,6.379706236214157
20230821093547960,6.38,6.37,6.379705263157895
20230821093548490,6.38,6.37,6.379705263157895
20230821093549320,6.38,6.37,6.379686812087252
20230821093549570,6.38,6.37,6.379686812087252
20230821093549920,6.38,6.37,6.379686812087252
20230821093551870,6.38,6.37,6.379686812087252
20230821093551880,6.38,6.37,6.379686812087252
20230821093551900,6.38,6.37,6.379686812087252
20230821093552000,6.38,6.37,6.379686812087252
20230821093552480,6.38,6.37,6.379686812087252
20230821093554010,6.38,6.37,6.379686812087252
20230821093554910,6.38,6.37,6.379686812087252
20230821093555070,6.38,6.37,6.379691564840362
20230821093555120,6.38,6.37,6.379691898808938
20230821093555130,6.38,6.37,6.379692201789753
20230821093555140,6.38,6.37,6.3796924135220126
20230821093555470,6.38,6.37,6.379688605108055
20230821093555540,6.38,6.37,6.379688605108055
20230821093555630,6.38,6.37,6.379688605108055
20230821093555680,6.38,6.37,6.379688605108055
20230821093555800,6.38,6.37,6.37968900225645
20230821093556290,6.38,6.37,6.37968900225645
20230821093556770,6.38,6.37,6.37968900225645
20230821093557260,6.38,6.37,6.37968900225645
20230821093557470,6.38,6.37,6.37968900225645
20230821093557780,6.38,6.37,6.37968900225645
20230821093558070,6.38,6.37,6.379689154736223
20230821093558090,6.38,6.37,6.3796893375147
20230821093558150,6.38,6.37,6.379689702427565
20230821093558170,6.38,6.37,6.379690096783654
20230821093558190,6.38,6.37,6.3796901270772235
20230821093558260,6.38,6.37,6.3796901270772235
20230821093559590,6.38,6.37,6.3796901270772235
20230821093559810,6.38,6.37,6.3796901270772235
20230821093600020,6.38,6.37,6.3796901270772235
20230821093600030,6.38,6.37,6.3796901270772235
20230821093600070,6.38,6.37,6.379684447049629
20230821093600080,6.38,6.37,6.3796759394826745
20230821093600090,6.38,6.37,6.379671219512195
20230821093600540,6.38,6.37,6.379671795870666
20230821093600550,6.38,6.37,6.379671795870666
20230821093600930,6.38,6.37,6.379645493395493
20230821093601090,6.38,6.37,6.379645493395493
20230821093601170,6.38,6.37,6.379645493395493
20230821093601180,6.38,6.37,6.379645493395493
20230821093601190,6.38,6.37,6.379645493395493
20230821093601200,6.38,6.37,6.379645493395493
20230821093601640,6.38,6.37,6.379645493395493
20230821093601850,6.38,6.37,6.379645493395493
20230821093601990,6.38,6.37,6.379645493395493
20230821093602960,6.38,6.37,6.379645493395493
20230821093603500,6.38,6.37,6.379645493395493
20230821093603950,6.38,6.37,6.379645493395493
20230821093603990,6.38,6.37,6.379645493395493
20230821093604080,6.38,6.37,6.379645493395493
20230821093604090,6.38,6.37,6.379597373756879
20230821093604140,6.38,6.37,6.379597412627921
20230821093604240,6.38,6.37,6.379597412627921
20230821093604550,6.38,6.37,6.379597412627921
20230821093604700,6.38,6.37,6.379597412627921
20230821093605060,6.38,6.37,6.379599231138876
20230821093605530,6.38,6.37,6.379599462107387
20230821093605900,6.38,6.37,6.379599462107387
20230821093606380,6.38,6.37,6.379599462107387
20230821093606430,6.38,6.37,6.379599462107387
20230821093606750,6.38,6.37,6.379599462107387
20230821093607080,6.38,6.37,6.379596928982726
20230821093607210,6.38,6.37,6.379596928982726
20230821093607220,6.38,6.37,6.379596928982726
20230821093607230,6.38,6.37,6.379596928982726
20230821093607340,6.38,6.37,6.379596928982726
20230821093607740,6.38,6.37,6.379596928982726
20230821093607920,6.38,6.37,6.379596928982726
20230821093608110,6.38,6.37,6.379596928982726
20230821093608250,6.38,6.37,6.379596928982726
20230821093608460,6.38,6.37,6.379596928982726
20230821093609010,6.38,6.37,6.379596928982726
20230821093609420,6.38,6.37,6.379596928982726
20230821093610090,6.38,6.37,6.379587164750958
20230821093610950,6.38,6.37,6.379587164750958
20230821093611190,6.38,6.37,6.379583492914592
20230821093612800,6.38,6.37,6.379578907072447
20230821093613030,6.38,6.37,6.379578907072447
20230821093613380,6.38,6.37,6.379579309685439
20230821093613480,6.38,6.37,6.379579309685439
20230821093613650,6.38,6.37,6.379579309685439
20230821093613660,6.38,6.37,6.379579309685439
20230821093614040,6.38,6.37,6.379579309685439
20230821093614100,6.38,6.37,6.379579309685439
20230821093614600,6.38,6.37,6.379579309685439
20230821093614690,6.38,6.37,6.379580112606165
20230821093615110,6.38,6.37,6.379580112606165
20230821093615490,6.38,6.37,6.379580472921434
20230821093616020,6.38,6.37,6.379580552907531
20230821093616660,6.38,6.37,6.379579919984759
20230821093616720,6.38,6.37,6.379579919984759
20230821093617000,6.38,6.37,6.379579919984759
20230821093617010,6.38,6.37,6.379581792318635
20230821093617130,6.38,6.37,6.379575556608242
20230821093617690,6.38,6.37,6.37957283576435
20230821093618270,6.38,6.37,6.37957283576435
20230821093618410,6.38,6.37,6.37957283576435
20230821093618570,6.38,6.37,6.37957283576435
20230821093618950,6.38,6.37,6.37957283576435
20230821093619060,6.38,6.37,6.3795737642944905
20230821093619320,6.38,6.37,6.379568786563502
20230821093620080,6.38,6.37,6.379568786563502
20230821093620090,6.38,6.37,6.379568786563502
20230821093620100,6.38,6.37,6.379568786563502
20230821093620110,6.38,6.37,6.379568786563502
20230821093620120,6.38,6.37,6.379568786563502
20230821093621010,6.38,6.37,6.379568786563502
20230821093621020,6.38,6.37,6.379568786563502
20230821093621030,6.38,6.37,6.379568786563502
20230821093621040,6.38,6.37,6.379568786563502
20230821093621060,6.38,6.37,6.379568786563502
20230821093621240,6.38,6.37,6.379568786563502
20230821093621330,6.38,6.37,6.379568786563502
20230821093621930,6.38,6.37,6.379568786563502
20230821093621940,6.38,6.37,6.379568786563502
20230821093622090,6.38,6.37,6.379569274269557
20230821093622110,6.39,6.37,6.379569517709118
20230821093623510,6.38,6.37,6.379569517709118
20230821093623840,6.38,6.37,6.379569517709118
20230821093623930,6.38,6.37,6.379569517709118
20230821093624430,6.38,6.37,6.379569517709118
20230821093625020,6.38,6.37,6.379569517709118
20230821093625090,6.39,6.37,6.379571334771597
20230821093625760,6.39,6.37,6.379571334771597
20230821093626000,6.39,6.37,6.3795714955461795
20230821093626210,6.39,6.37,6.3795714955461795
20230821093626270,6.38,6.37,6.3795714955461795
20230821093626290,6.38,6.37,6.3795714955461795
20230821093627220,6.38,6.37,6.3795714955461795
20230821093627480,6.39,6.37,6.3795714955461795
20230821093628090,6.39,6.37,6.3795714955461795
20230821093628100,6.39,6.37,6.3795714955461795
20230821093628260,6.39,6.37,6.3795714955461795
20230821093628280,6.39,6.37,6.3795714955461795
20230821093628290,6.39,6.37,6.3795714955461795
20230821093630010,6.38,6.37,6.3795714955461795
20230821093630020,6.38,6.37,6.3795714955461795
20230821093630420,6.38,6.37,6.3795714955461795
20230821093630910,6.38,6.37,6.3795714955461795
20230821093630930,6.38,6.37,6.3795714955461795
20230821093631170,6.38,6.37,6.3795714955461795
20230821093631280,6.38,6.37,6.3795714955461795
20230821093632170,6.38,6.37,6.3795714955461795
20230821093633420,6.38,6.37,6.3795714955461795
20230821093634030,6.38,6.37,6.3795714955461795
20230821093634120,6.38,6.37,6.379554418604651
20230821093634270,6.38,6.37,6.379554418604651
20230821093634280,6.38,6.37,6.379554418604651
20230821093634470,6.38,6.37,6.379554998141955
20230821093634480,6.38,6.37,6.379554998141955
20230821093634820,6.38,6.37,6.379554998141955
20230821093634840,6.38,6.37,6.379537277448072
20230821093635000,6.38,6.37,6.379537277448072
20230821093635140,6.38,6.37,6.379537277448072
20230821093635150,6.38,6.37,6.379528441726885
20230821093635170,6.38,6.37,6.379528441726885
20230821093635330,6.38,6.37,6.379532770332293
20230821093635340,6.38,6.37,6.379532770332293
20230821093635350,6.38,6.37,6.379531020558003
20230821093635460,6.38,6.37,6.379531020558003
20230821093635730,6.38,6.37,6.379531020558003
20230821093635840,6.38,6.37,6.379531020558003
20230821093635850,6.38,6.37,6.379531020558003
20230821093636050,6.38,6.37,6.379531020558003
20230821093636060,6.38,6.37,6.379531020558003
20230821093636380,6.38,6.37,6.379531020558003
20230821093636660,6.38,6.37,6.379531020558003
20230821093636720,6.38,6.37,6.379531020558003
20230821093636780,6.38,6.37,6.379531020558003
20230821093637010,6.38,6.37,6.3794883508451345
20230821093637100,6.38,6.37,6.3794883508451345
20230821093637140,6.38,6.37,6.3794883508451345
20230821093637210,6.38,6.37,6.3794883508451345
20230821093637700,6.38,6.37,6.3794883508451345
20230821093637730,6.38,6.37,6.3794883508451345
20230821093638070,6.38,6.37,6.3794883508451345
20230821093638690,6.38,6.37,6.3794883508451345
20230821093639730,6.38,6.37,6.3794883508451345
20230821093639740,6.38,6.37,6.3794883508451345
20230821093640070,6.38,6.37,6.3794883508451345
20230821093640340,6.38,6.37,6.3794883508451345
20230821093640680,6.38,6.37,6.3794883508451345
20230821093640730,6.38,6.37,6.3794883508451345
20230821093641000,6.38,6.37,6.3794883508451345
20230821093641250,6.38,6.37,6.3794883508451345
20230821093641270,6.38,6.37,6.3794883508451345
20230821093641530,6.38,6.37,6.3794883508451345
20230821093641600,6.38,6.37,6.3794883508451345
20230821093642500,6.38,6.37,6.3794883508451345
20230821093642560,6.38,6.37,6.3794883508451345
20230821093642710,6.38,6.37,6.379402444545043
20230821093642720,6.38,6.37,6.379402444545043
20230821093643280,6.38,6.37,6.379402444545043
20230821093643420,6.38,6.37,6.379402444545043
20230821093644660,6.38,6.37,6.379402498642042
20230821093644770,6.38,6.37,6.379402498642042
20230821093645110,6.38,6.37,6.379404654519213
20230821093645120,6.38,6.37,6.379397872723995
20230821093645130,6.38,6.37,6.379397872723995
20230821093645800,6.38,6.37,6.379397872723995
20230821093645850,6.38,6.37,6.379397872723995
20230821093645860,6.38,6.37,6.379397872723995
20230821093645900,6.38,6.37,6.379397872723995
20230821093645950,6.38,6.37,6.379397872723995
20230821093646040,6.38,6.37,6.3793927927927925
20230821093646090,6.38,6.37,6.379391100702576
20230821093646120,6.38,6.37,6.379354028350978
20230821093646150,6.38,6.37,6.379354028350978
20230821093646160,6.38,6.37,6.379354028350978
20230821093646640,6.38,6.37,6.379353189198888
20230821093647040,6.38,6.37,6.37935067264574
20230821093647050,6.38,6.37,6.37935067264574
20230821093647130,6.38,6.37,6.379344805951421
20230821093647440,6.38,6.37,6.379334765869818
20230821093647460,6.38,6.37,6.379334765869818
20230821093647480,6.38,6.37,6.379334765869818
20230821093648060,6.38,6.37,6.379332259219478
20230821093648240,6.38,6.37,6.379332259219478
20230821093648830,6.38,6.37,6.379332259219478
20230821093648880,6.38,6.37,6.379332259219478
20230821093648900,6.38,6.37,6.3793314239684955
20230821093649080,6.38,6.37,6.379321412606169
20230821093649090,6.38,6.37,6.3793197461339055
20230821093649110,6.38,6.37,6.379301454188599
20230821093649160,6.38,6.37,6.379301454188599
20230821093649400,6.38,6.37,6.379301454188599
20230821093649730,6.38,6.37,6.379301454188599
20230821093649740,6.38,6.37,6.379301454188599
20230821093649920,6.38,6.37,6.379301454188599
20230821093650060,6.38,6.37,6.379301454188599
20230821093650090,6.38,6.37,6.379299794844349
20230821093650100,6.38,6.37,6.3792931633835455
20230821093650110,6.38,6.37,6.379290679023347
20230821093650200,6.38,6.37,6.379289851198432
20230821093650210,6.38,6.37,6.3792865413734745
20230821093650630,6.38,6.37,6.3792865413734745
20230821093651090,6.38,6.37,6.379284887345267
20230821093651100,6.38,6.37,6.379284060552092
20230821093651150,6.38,6.37,6.379279102883588
20230821093651190,6.38,6.37,6.379277451503826
20230821093651220,6.38,6.37,6.3792642615958774
20230821093651280,6.38,6.37,6.37926343847179
20230821093651750,6.38,6.37,6.37926343847179
20230821093651880,6.38,6.37,6.37926343847179
20230821093652080,6.38,6.37,6.379261792662343
20230821093652090,6.38,6.37,6.379224099796514
20230821093652100,6.38,6.37,6.379213503004595
20230821093652120,6.38,6.37,6.3791956253307465
20230821093652300,6.38,6.37,6.3791956253307465
20230821093652390,6.38,6.37,6.3791956253307465
20230821093652660,6.38,6.37,6.379190761636107
20230821093652720,6.38,6.37,6.379190761636107
20230821093653040,6.38,6.37,6.379190761636107
20230821093653070,6.38,6.37,6.379189951520494
20230821093653080,6.38,6.37,6.37915605515061
20230821093653100,6.38,6.37,6.379154447273685
20230821093653150,6.38,6.37,6.379151233213377
20230821093653180,6.38,6.37,6.379146416352311
20230821093653320,6.38,6.37,6.379145614035088
20230821093653520,6.38,6.37,6.379145614035088
20230821093653900,6.38,6.37,6.379145614035088
20230821093654050,6.38,6.37,6.379142406173273
20230821093654060,6.38,6.37,6.379142406173273
20230821093654080,6.38,6.37,6.379137598597722
20230821093654090,6.38,6.37,6.379139484040228
20230821093654170,6.38,6.37,6.37913986013986
20230821093654410,6.38,6.37,6.37913986013986
20230821093655080,6.38,6.37,6.37913986013986
20230821093657160,6.38,6.37,6.37913986013986
20230821093657190,6.38,6.37,6.37913986013986
20230821093657340,6.38,6.37,6.379149377593361
20230821093657350,6.38,6.37,6.379149377593361
20230821093657370,6.38,6.37,6.379149377593361
20230821093657410,6.38,6.37,6.379149377593361
20230821093658990,6.38,6.37,6.379149377593361
20230821093659560,6.38,6.37,6.379149377593361
20230821093659570,6.38,6.37,6.379149377593361
20230821093659890,6.38,6.37,6.379149377593361
20230821093659990,6.38,6.37,6.379149377593361
20230821093700020,6.38,6.37,6.379149377593361
20230821093700030,6.38,6.37,6.379149377593361
20230821093700140,6.38,6.37,6.379149377593361
20230821093700330,6.38,6.37,6.379149377593361
20230821093700600,6.38,6.37,6.379149377593361
20230821093700890,6.38,6.37,6.379149377593361
20230821093701080,6.38,6.37,6.379149377593361
20230821093701810,6.38,6.37,6.379149377593361
20230821093701850,6.38,6.37,6.379149377593361
20230821093702640,6.38,6.37,6.379149377593361
20230821093702810,6.38,6.37,6.379149377593361
20230821093703450,6.38,6.37,6.379149377593361
20230821093703700,6.38,6.37,6.379149377593361
20230821093703940,6.38,6.37,6.379149377593361
20230821093704380,6.38,6.37,6.379149377593361
20230821093704920,6.38,6.37,6.379149377593361
20230821093705210,6.38,6.37,6.379149377593361
20230821093705350,6.38,6.37,6.379149377593361
20230821093705550,6.38,6.37,6.379150112281914
20230821093705730,6.38,6.37,6.379150112281914
20230821093705920,6.38,6.37,6.379150112281914
20230821093706080,6.38,6.37,6.379150112281914
20230821093706390,6.38,6.37,6.379151138716356
20230821093706560,6.38,6.37,6.379151138716356
20230821093706720,6.38,6.37,6.379151138716356
20230821093707070,6.38,6.37,6.379144827586207
20230821093707210,6.38,6.37,6.379144975004309
20230821093707220,6.38,6.37,6.379144975004309
20230821093707740,6.38,6.37,6.379145490567663
20230821093707830,6.38,6.37,6.378693907631837
20230821093707840,6.38,6.37,6.378692484034715
20230821093707930,6.38,6.37,6.378688927080776
20230821093708020,6.38,6.37,6.37865351699405
20230821093708080,6.38,6.37,6.37865351699405
20230821093708140,6.38,6.37,6.378652811735941
20230821093708300,6.38,6.37,6.37865210659278
20230821093708880,6.38,6.37,6.37865210659278
20230821093710120,6.38,6.37,6.378621193666261
20230821093710140,6.38,6.37,6.3786190940087675
20230821093710150,6.38,6.37,6.3786190940087675
20230821093710160,6.38,6.37,6.3786148977604675
20230821093710170,6.38,6.37,6.378610705596107
20230821093710440,6.38,6.37,6.378610007298678
20230821093710670,6.38,6.37,6.378608611043542
20230821093710680,6.38,6.37,6.378608611043542
20230821093710730,6.38,6.37,6.378608611043542
20230821093711530,6.38,6.37,6.378608611043542
20230821093711540,6.38,6.37,6.378607913085779
20230821093711780,6.38,6.37,6.378607913085779
20230821093711790,6.38,6.37,6.378607913085779
20230821093713050,6.38,6.37,6.378607913085779
20230821093713090,6.37,6.37,6.378600939727803
20230821093713520,6.38,6.37,6.378601053057918
20230821093713580,6.38,6.37,6.378601053057918
20230821093714100,6.38,6.37,6.378599757183326
20230821093714110,6.38,6.37,6.378599757183326
20230821093715140,6.38,6.37,6.378599757183326
20230821093716140,6.38,6.37,6.378599757183326
20230821093716290,6.38,6.37,6.378599757183326
20230821093716300,6.38,6.37,6.378599757183326
20230821093716800,6.38,6.37,6.378599757183326
20230821093716840,6.38,6.37,6.378598365299021
20230821093716890,6.38,6.37,6.378598365299021
20230821093718300,6.38,6.37,6.378598365299021
20230821093719480,6.38,6.37,6.378598365299021
20230821093720490,6.38,6.37,6.378598365299021
20230821093722080,6.38,6.37,6.37860187278011
20230821093722110,6.37,6.37,6.378598402323893
20230821093722220,6.37,6.37,6.378598402323893
20230821093724930,6.37,6.37,6.378598402323893
20230821093726960,6.37,6.37,6.378598402323893
20230821093727450,6.37,6.37,6.378598402323893
20230821093727660,6.37,6.37,6.378598402323893
20230821093727710,6.37,6.37,6.378599532371201
20230821093728080,6.37,6.37,6.378599532371201
20230821093728700,6.37,6.37,6.378596759893608
20230821093729040,6.37,6.37,6.378591220298026
20230821093729080,6.37,6.37,6.378591220298026
20230821093730000,6.37,6.37,6.378591220298026
20230821093730010,6.37,6.37,6.378591220298026
20230821093730040,6.37,6.37,6.378591220298026
20230821093730380,6.37,6.37,6.378591220298026
20230821093730700,6.37,6.37,6.378591220298026
20230821093731090,6.37,6.37,6.378586379004991
20230821093731420,6.37,6.37,6.378587402461588
20230821093732330,6.37,6.37,6.378587402461588
20230821093732440,6.37,6.37,6.3785832596285275
20230821093732850,6.37,6.37,6.3785832596285275
20230821093733310,6.37,6.37,6.3785832596285275
20230821093733600,6.37,6.37,6.3785832596285275
20230821093734130,6.37,6.37,6.3785832596285275
20230821093734260,6.37,6.37,6.3785832596285275
20230821093734900,6.37,6.37,6.3785825695449425
20230821093735750,6.37,6.37,6.378577052868391
20230821093735820,6.37,6.37,6.378577052868391
20230821093736390,6.37,6.37,6.378577052868391
20230821093736540,6.37,6.37,6.378577052868391
20230821093737020,6.37,6.37,6.378577052868391
20230821093737150,6.37,6.37,6.378574985942646
20230821093737220,6.37,6.37,6.378574985942646
20230821093737260,6.37,6.37,6.3785612318550005
20230821093737400,6.37,6.37,6.37850800988284
20230821093737410,6.37,6.37,6.37850800988284
20230821093737430,6.37,6.37,6.37850800988284
20230821093737740,6.37,6.37,6.37850800988284
20230821093737780,6.37,6.37,6.37850800988284
20230821093737930,6.37,6.37,6.378424749427827
20230821093737940,6.37,6.37,6.378419433709283
20230821093738080,6.37,6.37,6.378419433709283
20230821093738580,6.37,6.37,6.378419433709283
20230821093738660,6.37,6.37,6.378419433709283
20230821093739030,6.37,6.37,6.378419433709283
20230821093739520,6.37,6.37,6.378419433709283
20230821093740070,6.37,6.37,6.378414787955227
20230821093740080,6.37,6.37,6.37840352672597
20230821093740090,6.37,6.37,6.378392295597484
20230821093740100,6.37,6.37,6.378392295597484
20230821093740110,6.37,6.37,6.378392295597484
20230821093740120,6.37,6.37,6.378392295597484
20230821093740130,6.37,6.37,6.378392295597484
20230821093740160,6.37,6.37,6.378392295597484
20230821093740200,6.37,6.37,6.378392295597484
20230821093740270,6.37,6.37,6.378383727322705
20230821093740280,6.37,6.37,6.378383727322705
20230821093740340,6.37,6.37,6.37838306894927
20230821093740380,6.37,6.37,6.37838306894927
20230821093740490,6.37,6.37,6.378381752512563
20230821093740580,6.37,6.37,6.378381094449242
20230821093740780,6.37,6.37,6.378381094449242
20230821093740790,6.37,6.37,6.378381094449242
20230821093740930,6.37,6.37,6.378381094449242
20230821093741100,6.37,6.37,6.378380436489245
20230821093741110,6.37,6.37,6.378380436489245
20230821093741190,6.37,6.37,6.378380436489245
20230821093741340,6.37,6.37,6.378380436489245
20230821093741410,6.37,6.37,6.378362710536623
20230821093741420,6.38,6.37,6.378358781614596
20230821093741430,6.38,6.37,6.378358781614596
20230821093741440,6.38,6.37,6.378358781614596
20230821093741460,6.38,6.37,6.378358781614596
20230821093741520,6.38,6.37,6.378358781614596
20230821093741530,6.38,6.37,6.378358781614596
20230821093741550,6.38,6.37,6.378358781614596
20230821093742020,6.38,6.37,6.378358781614596
20230821093742070,6.38,6.37,6.378358781614596
20230821093742080,6.38,6.37,6.378358781614596
20230821093742100,6.38,6.37,6.378358781614596
20230821093742230,6.38,6.37,6.378358781614596
20230821093743020,6.38,6.37,6.378358781614596
20230821093743040,6.38,6.37,6.378358781614596
20230821093743080,6.38,6.37,6.378358781614596
20230821093743490,6.38,6.37,6.378358781614596
20230821093744190,6.38,6.37,6.378358781614596
20230821093744920,6.38,6.37,6.378358781614596
20230821093745030,6.38,6.37,6.378358781614596
20230821093745140,6.38,6.37,6.378358781614596
20230821093745400,6.38,6.37,6.378359038597041
20230821093745500,6.38,6.37,6.378354460093897
20230821093745890,6.38,6.37,6.378354460093897
20230821093745960,6.38,6.37,6.378355618109313
20230821093746080,6.38,6.37,6.378355618109313
20230821093746390,6.38,6.37,6.378355618109313
20230821093748800,6.38,6.37,6.378355618109313
20230821093748830,6.38,6.37,6.378355618109313
20230821093748880,6.38,6.37,6.378355618109313
20230821093749100,6.38,6.37,6.378355618109313
20230821093749230,6.38,6.37,6.378355618109313
20230821093749950,6.38,6.37,6.378355618109313
20230821093750400,6.38,6.37,6.378355618109313
20230821093750770,6.38,6.37,6.378355618109313
20230821093750910,6.38,6.37,6.378355618109313
20230821093751420,6.38,6.37,6.378355618109313
20230821093751450,6.38,6.37,6.378355618109313
20230821093752000,6.38,6.37,6.378355618109313
20230821093752090,6.38,6.37,6.378355618109313
20230821093753250,6.38,6.37,6.378355618109313
20230821093753280,6.38,6.37,6.378355618109313
20230821093753480,6.38,6.37,6.378355618109313
20230821093753530,6.38,6.37,6.378355618109313
20230821093754080,6.38,6.37,6.378355618109313
20230821093756500,6.38,6.37,6.378355618109313
20230821093756640,6.38,6.37,6.378355618109313
20230821093757340,6.38,6.37,6.378355618109313
20230821093757410,6.38,6.37,6.378355618109313
20230821093757700,6.38,6.37,6.378355618109313
20230821093757750,6.38,6.37,6.378355618109313
20230821093757760,6.38,6.37,6.378355618109313
20230821093757790,6.38,6.37,6.378355618109313
20230821093757830,6.38,6.37,6.378355618109313
20230821093758520,6.38,6.37,6.378355618109313
20230821093800010,6.38,6.37,6.378355618109313
20230821093800020,6.38,6.37,6.378355618109313
20230821093800030,6.38,6.37,6.378355618109313
20230821093800060,6.38,6.37,6.378354311625362
20230821093800070,6.38,6.37,6.378345829428303
20230821093800250,6.38,6.37,6.378345829428303
20230821093801600,6.38,6.37,6.378345829428303
20230821093802110,6.38,6.37,6.378346991336923
20230821093803380,6.38,6.37,6.378345037453183
20230821093803730,6.38,6.37,6.3783461988304095
20230821093804300,6.38,6.37,6.3783461988304095
20230821093804410,6.38,6.37,6.3783461988304095
20230821093805920,6.38,6.37,6.378344897481874
20230821093806040,6.38,6.37,6.378344897481874
20230821093806380,6.38,6.37,6.378344897481874
20230821093806390,6.38,6.37,6.378344897481874
20230821093806630,6.38,6.37,6.378344897481874
20230821093806700,6.38,6.37,6.378344897481874
20230821093806820,6.38,6.37,6.378344897481874
20230821093807220,6.38,6.37,6.378344897481874
20230821093807740,6.38,6.37,6.378344897481874
20230821093807810,6.38,6.37,6.378348374046989
20230821093808080,6.38,6.37,6.378348374046989
20230821093808820,6.38,6.37,6.378348374046989
20230821093810100,6.38,6.37,6.378332168646634
20230821093810220,6.38,6.37,6.378332168646634
20230821093811530,6.38,6.37,6.378332168646634
20230821093811590,6.38,6.37,6.378332168646634
20230821093811790,6.38,6.37,6.378332168646634
20230821093811850,6.38,6.37,6.378332298136646
20230821093811880,6.38,6.37,6.378329711269792
20230821093811890,6.38,6.37,6.378324542351846
20230821093812050,6.38,6.37,6.3783180902185705
20230821093812160,6.38,6.37,6.3783180902185705
20230821093812810,6.38,6.37,6.37831822056886
20230821093812830,6.38,6.37,6.37831822056886
20230821093813030,6.38,6.37,6.378319392812887
20230821093813310,6.38,6.37,6.378319392812887
20230821093813560,6.38,6.37,6.378319392812887
20230821093813590,6.38,6.37,6.378319392812887
20230821093814090,6.38,6.37,6.378319392812887
20230821093814870,6.38,6.37,6.378319392812887
20230821093814990,6.38,6.37,6.378319392812887
20230821093815340,6.38,6.37,6.378319392812887
20230821093815930,6.38,6.37,6.378319392812887
20230821093816100,6.38,6.37,6.378305241997835
20230821093816210,6.38,6.37,6.37830459992269
20230821093816420,6.38,6.37,6.37830459992269
20230821093816490,6.38,6.37,6.37830459992269
20230821093816560,6.38,6.37,6.37830459992269
20230821093816710,6.38,6.37,6.378303957946815
20230821093817130,6.38,6.37,6.378303957946815
20230821093817290,6.38,6.37,6.378303957946815
20230821093817410,6.38,6.37,6.378303957946815
20230821093818360,6.38,6.37,6.378303957946815
20230821093818760,6.38,6.37,6.378303957946815
20230821093819080,6.38,6.37,6.378303957946815
20230821093819090,6.38,6.37,6.378302674292781
20230821093819680,6.38,6.37,6.378302674292781
20230821093820760,6.38,6.37,6.378302674292781
20230821093820880,6.38,6.37,6.378302674292781
20230821093821360,6.38,6.37,6.378302674292781
20230821093821470,6.38,6.37,6.378302674292781
20230821093822010,6.38,6.37,6.378238993710692
20230821093822040,6.38,6.37,6.378237098382026
20230821093822070,6.38,6.37,6.378237098382026
20230821093822080,6.38,6.37,6.378235835313961
20230821093823060,6.38,6.37,6.378235835313961
20230821093823130,6.38,6.37,6.378235835313961
20230821093823160,6.38,6.37,6.378235835313961
20230821093823330,6.38,6.37,6.378235835313961
20230821093823570,6.38,6.37,6.378235835313961
20230821093824030,6.38,6.37,6.378233941437989
20230821093824070,6.38,6.37,6.37823204843283
20230821093824690,6.38,6.37,6.378232183908046
20230821093824980,6.38,6.37,6.37823092246399
20230821093825080,6.38,6.37,6.37823092246399
20230821093825190,6.38,6.37,6.37823092246399
20230821093826420,6.38,6.37,6.378231328992723
20230821093827100,6.38,6.37,6.378231328992723
20230821093827190,6.38,6.37,6.378231328992723
20230821093827920,6.38,6.37,6.378231328992723
20230821093827930,6.38,6.37,6.378231328992723
20230821093828240,6.38,6.37,6.378231328992723
20230821093829100,6.38,6.37,6.378231328992723
20230821093829530,6.38,6.37,6.378230068162671
20230821093829760,6.38,6.37,6.378230068162671
20230821093830000,6.38,6.37,6.378230068162671
20230821093830010,6.38,6.37,6.378230068162671
20230821093830700,6.38,6.37,6.378230068162671
20230821093831240,6.38,6.37,6.378230068162671
20230821093831400,6.38,6.37,6.378230068162671
20230821093831930,6.38,6.37,6.378230068162671
20230821093832190,6.38,6.37,6.378230745674475
20230821093832340,6.38,6.37,6.378230745674475
20230821093834070,6.38,6.37,6.37822570772762
20230821093834280,6.38,6.37,6.37822570772762
20230821093834860,6.38,6.37,6.37822570772762
20230821093835290,6.38,6.37,6.37822570772762
20230821093836420,6.38,6.37,6.37822570772762
20230821093836720,6.38,6.37,6.37822570772762
20230821093837170,6.38,6.37,6.37822570772762
20230821093837550,6.38,6.37,6.37822570772762
20230821093838000,6.38,6.37,6.37822570772762
20230821093838340,6.38,6.37,6.37822570772762
20230821093838510,6.38,6.37,6.37822570772762
20230821093838860,6.38,6.37,6.37822570772762
20230821093838880,6.38,6.37,6.378223820087203
20230821093839020,6.38,6.37,6.378223820087203
20230821093839140,6.38,6.37,6.378223820087203
20230821093840110,6.38,6.37,6.378210003818252
20230821093841170,6.38,6.37,6.378210003818252
20230821093841220,6.38,6.37,6.378210003818252
20230821093841260,6.38,6.37,6.378210003818252
20230821093841340,6.38,6.37,6.378210003818252
20230821093841730,6.38,6.37,6.378210003818252
20230821093843080,6.38,6.37,6.378210003818252
20230821093843110,6.38,6.37,6.378196233894945
20230821093843120,6.38,6.37,6.378185625095173
20230821093843700,6.38,6.37,6.378185625095173
20230821093844200,6.38,6.37,6.378185625095173
20230821093845180,6.38,6.37,6.3781850019033115
20230821093845350,6.38,6.37,6.3781850019033115
20230821093845590,6.38,6.37,6.3781850019033115
20230821093845640,6.38,6.37,6.3781850019033115
20230821093846060,6.38,6.37,6.378183755804217
20230821093846070,6.38,6.37,6.378155818540434
20230821093846080,6.38,6.37,6.378145314038942
20230821093846100,6.38,6.37,6.378117025292563
20230821093846140,6.38,6.37,6.378110289680145
20230821093846530,6.38,6.37,6.378110289680145
20230821093846710,6.38,6.37,6.378110289680145
