Timestamp,ask1,bid1,VWAP
20230822093000020,6.3,6.29,6.299195804195804
20230822093000030,6.3,6.29,6.299195804195804
20230822093000040,6.3,6.29,6.298859060402685
20230822093000050,6.3,6.29,6.298859060402685
20230822093000070,6.3,6.29,6.298859060402685
20230822093000080,6.3,6.29,6.298859060402685
20230822093000100,6.3,6.29,6.298741721854305
20230822093000110,6.3,6.29,6.2987622149837135
20230822093000120,6.3,6.29,6.2987622149837135
20230822093000130,6.3,6.29,6.2987622149837135
20230822093000140,6.3,6.29,6.2987622149837135
20230822093000150,6.31,6.3,6.2990052356020945
20230822093000160,6.31,6.3,6.299023136246786
20230822093000170,6.31,6.3,6.299023136246786
20230822093000180,6.31,6.3,6.299023136246786
20230822093000190,6.31,6.3,6.299023136246786
20230822093000200,6.31,6.3,6.299023136246786
20230822093000210,6.31,6.3,6.299023136246786
20230822093000230,6.31,6.3,6.299023136246786
20230822093000240,6.31,6.3,6.299023136246786
20230822093000280,6.31,6.3,6.299023136246786
20230822093000320,6.31,6.3,6.299023136246786
20230822093000330,6.31,6.3,6.299023136246786
20230822093000360,6.31,6.3,6.299023136246786
20230822093000370,6.31,6.3,6.299023136246786
20230822093000390,6.31,6.3,6.299023136246786
20230822093000410,6.31,6.3,6.299023136246786
20230822093000430,6.31,6.3,6.299023136246786
20230822093000470,6.31,6.3,6.299023136246786
20230822093000480,6.31,6.3,6.299023136246786
20230822093000490,6.31,6.3,6.299023136246786
20230822093000500,6.31,6.3,6.299023136246786
20230822093000530,6.31,6.3,6.299023136246786
20230822093000600,6.3,6.3,6.299023136246786
20230822093000610,6.31,6.3,6.299030612244898
20230822093000620,6.31,6.3,6.299030612244898
20230822093000650,6.31,6.3,6.299030612244898
20230822093000660,6.31,6.3,6.299030612244898
20230822093000670,6.31,6.3,6.299030612244898
20230822093000730,6.31,6.3,6.299030612244898
20230822093000740,6.31,6.3,6.299030612244898
20230822093000760,6.31,6.3,6.299030612244898
20230822093000780,6.31,6.3,6.299030612244898
20230822093000880,6.31,6.3,6.299030612244898
20230822093000890,6.31,6.3,6.299030612244898
20230822093000900,6.31,6.3,6.299030612244898
20230822093000910,6.31,6.3,6.299030612244898
20230822093000920,6.31,6.3,6.299030612244898
20230822093000930,6.31,6.3,6.299030612244898
20230822093001020,6.31,6.3,6.299030612244898
20230822093001030,6.31,6.3,6.299030612244898
20230822093001060,6.31,6.3,6.299030612244898
20230822093001110,6.31,6.3,6.299030612244898
20230822093001130,6.31,6.3,6.299030612244898
20230822093001140,6.31,6.3,6.299030612244898
20230822093001170,6.31,6.3,6.299030612244898
20230822093001190,6.31,6.3,6.299030612244898
20230822093001210,6.31,6.3,6.299030612244898
20230822093001230,6.31,6.3,6.299030612244898
20230822093001240,6.31,6.3,6.299030612244898
20230822093001250,6.31,6.3,6.299030612244898
20230822093001300,6.31,6.3,6.299030612244898
20230822093001390,6.31,6.3,6.299030612244898
20230822093001410,6.31,6.3,6.299030612244898
20230822093001420,6.31,6.3,6.299030612244898
20230822093001430,6.31,6.3,6.299030612244898
20230822093001440,6.31,6.3,6.299030612244898
20230822093001460,6.31,6.3,6.299030612244898
20230822093001490,6.31,6.3,6.299030612244898
20230822093001520,6.31,6.3,6.299030612244898
20230822093001550,6.31,6.3,6.299030612244898
20230822093001650,6.31,6.3,6.299030612244898
20230822093001800,6.31,6.3,6.299030612244898
20230822093001820,6.31,6.3,6.299030612244898
20230822093001870,6.31,6.3,6.299030612244898
20230822093001960,6.31,6.3,6.299030612244898
20230822093002130,6.31,6.3,6.299030612244898
20230822093002340,6.31,6.3,6.299030612244898
20230822093002490,6.31,6.3,6.299030612244898
20230822093002530,6.31,6.3,6.299030612244898
20230822093002620,6.31,6.3,6.299030612244898
20230822093002690,6.31,6.3,6.299030612244898
20230822093002770,6.31,6.3,6.299030612244898
20230822093002940,6.31,6.3,6.299030612244898
20230822093002980,6.31,6.3,6.299030612244898
20230822093003090,6.31,6.3,6.299030612244898
20230822093003100,6.31,6.3,6.299030612244898
20230822093003380,6.31,6.3,6.299030612244898
20230822093003450,6.31,6.3,6.299030612244898
20230822093003480,6.31,6.3,6.299030612244898
20230822093003680,6.31,6.3,6.299030612244898
20230822093003760,6.31,6.3,6.299030612244898
20230822093003810,6.31,6.3,6.299030612244898
20230822093003870,6.31,6.3,6.299030612244898
20230822093003920,6.31,6.3,6.299030612244898
20230822093003930,6.31,6.3,6.299030612244898
20230822093003960,6.31,6.3,6.299030612244898
20230822093004020,6.31,6.3,6.299030612244898
20230822093004070,6.31,6.3,6.299030612244898
20230822093004120,6.31,6.3,6.299030612244898
20230822093004130,6.31,6.32,6.300140845070422
20230822093004150,6.32,6.32,6.301733333333333
20230822093004390,6.32,6.32,6.301733333333333
20230822093004440,6.32,6.32,6.301733333333333
20230822093004540,6.32,6.32,6.301733333333333
20230822093004560,6.32,6.32,6.301733333333333
20230822093004640,6.32,6.32,6.301733333333333
20230822093004780,6.32,6.32,6.301733333333333
20230822093004870,6.32,6.32,6.301733333333333
20230822093004960,6.32,6.32,6.301733333333333
20230822093005000,6.32,6.32,6.301733333333333
20230822093005010,6.32,6.32,6.301733333333333
20230822093005180,6.32,6.32,6.301733333333333
20230822093005460,6.32,6.32,6.301733333333333
20230822093005720,6.32,6.32,6.301733333333333
20230822093005820,6.32,6.32,6.301733333333333
20230822093005880,6.32,6.32,6.301733333333333
20230822093006290,6.32,6.32,6.301733333333333
20230822093006690,6.32,6.32,6.301733333333333
20230822093006880,6.32,6.32,6.301733333333333
20230822093006940,6.32,6.32,6.301733333333333
20230822093006980,6.32,6.32,6.301733333333333
20230822093006990,6.32,6.32,6.301733333333333
20230822093007110,6.32,6.33,6.301733333333333
20230822093007120,6.32,6.33,6.301733333333333
20230822093007130,6.32,6.33,6.301733333333333
20230822093007170,6.32,6.33,6.301733333333333
20230822093007210,6.32,6.33,6.301733333333333
20230822093007370,6.32,6.33,6.301733333333333
20230822093007450,6.32,6.33,6.301733333333333
20230822093007820,6.32,6.33,6.301733333333333
20230822093007830,6.32,6.33,6.301733333333333
20230822093007860,6.32,6.33,6.301733333333333
20230822093007940,6.32,6.33,6.301733333333333
20230822093008070,6.32,6.33,6.301733333333333
20230822093008290,6.32,6.33,6.301733333333333
20230822093008410,6.32,6.33,6.301733333333333
20230822093008670,6.32,6.33,6.301733333333333
20230822093008700,6.32,6.33,6.301733333333333
20230822093008710,6.32,6.33,6.302799145299145
20230822093010140,6.32,6.33,6.302799145299145
20230822093010170,6.32,6.34,6.302799145299145
20230822093010420,6.32,6.34,6.302799145299145
20230822093010810,6.32,6.34,6.302799145299145
20230822093010860,6.32,6.34,6.302799145299145
20230822093012220,6.32,6.34,6.302799145299145
20230822093012630,6.32,6.34,6.302799145299145
20230822093012660,6.32,6.34,6.302799145299145
20230822093012870,6.32,6.34,6.302799145299145
20230822093012910,6.32,6.34,6.30504016064257
20230822093013090,6.32,6.34,6.305660749506903
20230822093013120,6.32,6.34,6.305660749506903
20230822093013130,6.32,6.34,6.305660749506903
20230822093013640,6.32,6.34,6.305660749506903
20230822093013960,6.32,6.34,6.305660749506903
20230822093014040,6.32,6.33,6.308230088495575
20230822093014050,6.32,6.33,6.308230088495575
20230822093014130,6.32,6.33,6.308230088495575
20230822093014230,6.32,6.33,6.308230088495575
20230822093014510,6.32,6.33,6.308230088495575
20230822093015050,6.32,6.33,6.308230088495575
20230822093015060,6.33,6.33,6.308230088495575
20230822093015070,6.33,6.33,6.308230088495575
20230822093015130,6.33,6.33,6.308230088495575
20230822093015160,6.33,6.33,6.308230088495575
20230822093015240,6.33,6.33,6.308230088495575
20230822093015420,6.33,6.32,6.313730158730158
20230822093015590,6.33,6.32,6.313730158730158
20230822093015790,6.33,6.33,6.313730158730158
20230822093016020,6.33,6.32,6.313730158730158
20230822093016030,6.33,6.32,6.313815789473685
20230822093016050,6.33,6.32,6.3143511450381675
20230822093016070,6.33,6.32,6.3143511450381675
20230822093016080,6.33,6.32,6.314634448574969
20230822093016150,6.33,6.32,6.314634448574969
20230822093016500,6.33,6.32,6.314738760631835
20230822093016510,6.33,6.32,6.314738760631835
20230822093016600,6.33,6.32,6.314770531400966
20230822093017530,6.33,6.33,6.314770531400966
20230822093017610,6.33,6.33,6.314770531400966
20230822093017870,6.33,6.33,6.314770531400966
20230822093018490,6.33,6.33,6.314770531400966
20230822093018600,6.33,6.33,6.314770531400966
20230822093018630,6.33,6.33,6.314770531400966
20230822093019170,6.33,6.33,6.314770531400966
20230822093019210,6.33,6.33,6.314770531400966
20230822093019860,6.33,6.33,6.317007700770077
20230822093020670,6.33,6.33,6.317007700770077
20230822093020690,6.33,6.33,6.317007700770077
20230822093021150,6.33,6.33,6.317007700770077
20230822093021380,6.33,6.33,6.317007700770077
20230822093021480,6.33,6.33,6.317007700770077
20230822093021600,6.33,6.33,6.3171908893709325
20230822093022080,6.33,6.33,6.317246220302375
20230822093022120,6.33,6.33,6.317246220302375
20230822093022260,6.33,6.33,6.317246220302375
20230822093022460,6.33,6.33,6.317246220302375
20230822093022950,6.33,6.33,6.317246220302375
20230822093023140,6.33,6.33,6.317246220302375
20230822093023410,6.33,6.33,6.317246220302375
20230822093023550,6.33,6.33,6.317246220302375
20230822093023620,6.33,6.33,6.317246220302375
20230822093023960,6.33,6.33,6.317246220302375
20230822093024010,6.33,6.33,6.317246220302375
20230822093024090,6.33,6.33,6.317246220302375
20230822093024180,6.33,6.33,6.317246220302375
20230822093024230,6.33,6.33,6.317246220302375
20230822093024310,6.33,6.33,6.317246220302375
20230822093024480,6.33,6.33,6.317246220302375
20230822093024750,6.33,6.33,6.317246220302375
20230822093024790,6.33,6.33,6.317273706896552
20230822093025080,6.33,6.33,6.317436170212766
20230822093025090,6.33,6.33,6.317436170212766
20230822093025740,6.33,6.33,6.317924335378323
20230822093025750,6.33,6.33,6.318070707070707
20230822093025910,6.33,6.33,6.318070707070707
20230822093025930,6.33,6.33,6.318070707070707
20230822093025990,6.33,6.33,6.318070707070707
20230822093026070,6.33,6.33,6.318070707070707
20230822093026100,6.33,6.33,6.318070707070707
20230822093026120,6.33,6.33,6.318070707070707
20230822093026430,6.33,6.33,6.318070707070707
20230822093026850,6.33,6.33,6.318070707070707
20230822093027550,6.33,6.33,6.318070707070707
20230822093027580,6.33,6.33,6.318070707070707
20230822093027670,6.33,6.33,6.318070707070707
20230822093027700,6.33,6.33,6.318263473053892
20230822093027760,6.33,6.33,6.318263473053892
20230822093027780,6.33,6.33,6.318263473053892
20230822093027850,6.33,6.33,6.318263473053892
20230822093027890,6.33,6.33,6.318263473053892
20230822093028020,6.33,6.33,6.318263473053892
20230822093028080,6.33,6.33,6.318263473053892
20230822093028110,6.33,6.33,6.318263473053892
20230822093028390,6.33,6.33,6.318263473053892
20230822093028470,6.33,6.33,6.318263473053892
20230822093028560,6.33,6.33,6.318585365853658
20230822093028570,6.33,6.33,6.318607594936709
20230822093028870,6.33,6.33,6.318607594936709
20230822093028920,6.33,6.33,6.318607594936709
20230822093029570,6.33,6.33,6.318607594936709
20230822093029800,6.33,6.33,6.318607594936709
20230822093030140,6.33,6.33,6.319581784386617
20230822093030490,6.33,6.33,6.319581784386617
20230822093030590,6.33,6.33,6.319581784386617
20230822093030620,6.33,6.33,6.319581784386617
20230822093030700,6.33,6.33,6.319581784386617
20230822093030800,6.33,6.33,6.319581784386617
20230822093030910,6.33,6.33,6.319581784386617
20230822093031030,6.33,6.33,6.320590339892665
20230822093031040,6.33,6.33,6.320590339892665
20230822093031060,6.33,6.33,6.320721282279608
20230822093031070,6.35,6.34,6.32423197492163
20230822093031080,6.35,6.34,6.32423197492163
20230822093031150,6.35,6.35,6.32423197492163
20230822093031190,6.35,6.35,6.325787923416789
20230822093031300,6.35,6.35,6.325787923416789
20230822093031340,6.35,6.35,6.325787923416789
20230822093032380,6.35,6.35,6.325787923416789
20230822093032500,6.35,6.35,6.325787923416789
20230822093032650,6.35,6.35,6.325805739514349
20230822093032680,6.35,6.35,6.325859030837004
20230822093032910,6.35,6.35,6.325859030837004
20230822093033190,6.35,6.35,6.327021276595745
20230822093033390,6.35,6.35,6.327021276595745
20230822093033470,6.35,6.35,6.3271024734982335
20230822093034070,6.35,6.35,6.327793008910213
20230822093034080,6.35,6.35,6.329190751445087
20230822093034160,6.35,6.35,6.329190751445087
20230822093034240,6.35,6.35,6.329190751445087
20230822093034250,6.35,6.35,6.329190751445087
20230822093034270,6.35,6.35,6.329190751445087
20230822093034800,6.35,6.35,6.329190751445087
20230822093035420,6.35,6.35,6.329190751445087
20230822093035480,6.35,6.35,6.329190751445087
20230822093035630,6.35,6.35,6.329190751445087
20230822093035820,6.35,6.35,6.329190751445087
20230822093036030,6.35,6.35,6.329686520376176
20230822093036190,6.36,6.34,6.329894344313238
20230822093036200,6.36,6.34,6.329894344313238
20230822093036350,6.36,6.34,6.330300061236987
20230822093036600,6.36,6.35,6.330300061236987
20230822093037070,6.36,6.35,6.330479368932039
20230822093037080,6.35,6.34,6.330550181378476
20230822093037170,6.35,6.34,6.330550181378476
20230822093037200,6.35,6.34,6.330550181378476
20230822093037290,6.35,6.34,6.330550181378476
20230822093037510,6.35,6.34,6.330550181378476
20230822093037530,6.35,6.34,6.330550181378476
20230822093037570,6.35,6.34,6.330550181378476
20230822093037710,6.35,6.34,6.330550181378476
20230822093037750,6.35,6.34,6.330550181378476
20230822093037790,6.35,6.34,6.330550181378476
20230822093037830,6.35,6.34,6.330550181378476
20230822093037910,6.35,6.34,6.330550181378476
20230822093037930,6.35,6.34,6.330550181378476
20230822093038020,6.35,6.34,6.330550181378476
20230822093038030,6.35,6.34,6.330550181378476
20230822093038470,6.35,6.34,6.330550181378476
20230822093038600,6.35,6.34,6.330555891238671
20230822093038650,6.35,6.34,6.330555891238671
20230822093038940,6.35,6.34,6.330555891238671
20230822093039170,6.35,6.34,6.330555891238671
20230822093039920,6.35,6.34,6.330555891238671
20230822093040090,6.35,6.34,6.330555891238671
20230822093040370,6.35,6.34,6.330555891238671
20230822093040400,6.35,6.34,6.330555891238671
20230822093040970,6.35,6.34,6.330555891238671
20230822093041140,6.35,6.34,6.330555891238671
20230822093041170,6.35,6.34,6.330668656716418
20230822093041370,6.35,6.34,6.330668656716418
20230822093041720,6.35,6.34,6.330668656716418
20230822093041730,6.35,6.34,6.330668656716418
20230822093041850,6.35,6.34,6.330668656716418
20230822093042340,6.35,6.34,6.330783382789318
20230822093042460,6.35,6.34,6.331119533527697
20230822093042800,6.35,6.34,6.331119533527697
20230822093042810,6.35,6.34,6.331119533527697
20230822093043120,6.35,6.34,6.331119533527697
20230822093043130,6.35,6.34,6.331119533527697
20230822093043230,6.35,6.34,6.331119533527697
20230822093043640,6.35,6.34,6.331119533527697
20230822093043700,6.35,6.34,6.331129877693652
20230822093044210,6.35,6.34,6.331129877693652
20230822093044570,6.35,6.34,6.331129877693652
20230822093044720,6.35,6.34,6.331129877693652
20230822093045160,6.35,6.34,6.331129877693652
20230822093045280,6.35,6.34,6.331129877693652
20230822093045370,6.35,6.34,6.331140197789413
20230822093045380,6.35,6.34,6.331140197789413
20230822093045390,6.35,6.34,6.331155632984902
20230822093045620,6.35,6.34,6.331155632984902
20230822093045660,6.35,6.34,6.331186342592592
20230822093045960,6.35,6.34,6.331186342592592
20230822093046050,6.35,6.34,6.331262247838617
20230822093046150,6.35,6.34,6.331262247838617
20230822093046230,6.35,6.34,6.331262247838617
20230822093046400,6.35,6.34,6.331684507042254
20230822093047080,6.35,6.34,6.331684507042254
20230822093047340,6.35,6.34,6.331684507042254
20230822093047570,6.35,6.34,6.331684507042254
20230822093047850,6.35,6.34,6.331684507042254
20230822093047980,6.35,6.34,6.331684507042254
20230822093048180,6.35,6.34,6.331684507042254
20230822093048320,6.35,6.34,6.3316891891891895
20230822093048420,6.35,6.34,6.332190580503833
20230822093048790,6.35,6.34,6.332497308934338
20230822093049010,6.35,6.34,6.332628205128205
20230822093049030,6.35,6.34,6.332628205128205
20230822093050040,6.35,6.34,6.332628205128205
20230822093050850,6.35,6.34,6.332628205128205
20230822093052850,6.35,6.34,6.332628205128205
20230822093053380,6.35,6.34,6.332628205128205
20230822093053780,6.35,6.34,6.332628205128205
20230822093053930,6.35,6.34,6.332628205128205
20230822093054160,6.35,6.34,6.332628205128205
20230822093054770,6.35,6.34,6.332628205128205
20230822093055100,6.35,6.34,6.332628205128205
20230822093055400,6.35,6.34,6.332628205128205
20230822093055600,6.35,6.34,6.332632140950347
20230822093055930,6.35,6.34,6.332632140950347
20230822093056410,6.35,6.34,6.332632140950347
20230822093056580,6.35,6.34,6.332632140950347
20230822093057250,6.35,6.34,6.332632140950347
20230822093057450,6.35,6.34,6.332632140950347
20230822093058070,6.35,6.34,6.33264
20230822093058950,6.35,6.34,6.33264
20230822093059010,6.35,6.34,6.33264
20230822093059070,6.35,6.34,6.3326492537313435
20230822093059560,6.35,6.34,6.3326492537313435
20230822093059660,6.35,6.34,6.3326492537313435
20230822093059670,6.35,6.34,6.3326492537313435
20230822093059750,6.35,6.34,6.332653169952051
20230822093100750,6.35,6.34,6.332653169952051
20230822093101050,6.35,6.34,6.332690058479532
20230822093101750,6.35,6.34,6.332690058479532
20230822093101850,6.35,6.34,6.332690058479532
20230822093101890,6.35,6.34,6.332690058479532
20230822093102500,6.35,6.34,6.332690058479532
20230822093102760,6.35,6.34,6.332690058479532
20230822093102830,6.35,6.34,6.332690058479532
20230822093102880,6.35,6.34,6.332690058479532
20230822093102900,6.35,6.34,6.332690058479532
20230822093103380,6.35,6.34,6.332690058479532
20230822093103430,6.35,6.34,6.333006263048016
20230822093104380,6.35,6.34,6.333006263048016
20230822093104390,6.35,6.34,6.333006263048016
20230822093104810,6.35,6.34,6.333031721268851
20230822093105160,6.35,6.34,6.333031721268851
20230822093105420,6.35,6.34,6.333773234200743
20230822093105470,6.35,6.34,6.333773234200743
20230822093105610,6.35,6.34,6.333773234200743
20230822093106060,6.34,6.34,6.333773234200743
20230822093106070,6.34,6.34,6.333773234200743
20230822093106310,6.34,6.34,6.333773234200743
20230822093106800,6.34,6.34,6.333773234200743
20230822093107090,6.34,6.34,6.333773234200743
20230822093107110,6.34,6.34,6.333773234200743
20230822093107980,6.34,6.34,6.333773234200743
20230822093108270,6.34,6.34,6.333773234200743
20230822093108300,6.34,6.34,6.333773234200743
20230822093108680,6.34,6.34,6.333773234200743
20230822093108800,6.34,6.34,6.333773234200743
20230822093109010,6.34,6.34,6.3339176201373
20230822093109020,6.34,6.34,6.3339176201373
20230822093110000,6.34,6.34,6.3339176201373
20230822093110020,6.34,6.34,6.3339176201373
20230822093110070,6.34,6.34,6.3339176201373
20230822093110080,6.34,6.34,6.3339176201373
20230822093110360,6.34,6.34,6.3339176201373
20230822093110870,6.34,6.34,6.3339176201373
20230822093111450,6.34,6.34,6.3339176201373
20230822093112530,6.34,6.34,6.3339176201373
20230822093112830,6.34,6.34,6.3339176201373
20230822093112840,6.34,6.34,6.333931506849315
20230822093112960,6.34,6.34,6.334026966292135
20230822093113390,6.34,6.34,6.334029649595688
20230822093113540,6.34,6.34,6.334032330489448
20230822093113600,6.34,6.34,6.334032330489448
20230822093113750,6.34,6.34,6.334032330489448
20230822093114400,6.35,6.34,6.334032330489448
20230822093114800,6.35,6.34,6.334032330489448
20230822093115240,6.35,6.34,6.334032330489448
20230822093115500,6.35,6.34,6.334032330489448
20230822093115680,6.35,6.34,6.334032330489448
20230822093116110,6.35,6.34,6.334032330489448
20230822093116880,6.35,6.34,6.334032330489448
20230822093117250,6.35,6.34,6.334032330489448
20230822093117330,6.35,6.34,6.334032330489448
20230822093117710,6.35,6.34,6.334032330489448
20230822093118250,6.35,6.34,6.334032330489448
20230822093118520,6.35,6.34,6.334032330489448
20230822093118570,6.35,6.33,6.334141370338248
20230822093118670,6.34,6.33,6.334141370338248
20230822093118680,6.35,6.33,6.3341425485961125
20230822093118690,6.35,6.33,6.3341425485961125
20230822093118930,6.35,6.33,6.3341425485961125
20230822093119120,6.34,6.33,6.3341425485961125
20230822093119170,6.34,6.33,6.3341425485961125
20230822093119880,6.34,6.33,6.3341425485961125
20230822093120810,6.34,6.33,6.3341425485961125
20230822093120820,6.34,6.33,6.334167741935484
20230822093121360,6.34,6.33,6.334167741935484
20230822093121430,6.34,6.33,6.334167741935484
20230822093121640,6.34,6.33,6.334167741935484
20230822093121800,6.34,6.33,6.334167741935484
20230822093122080,6.34,6.34,6.334192719486081
20230822093122200,6.34,6.34,6.334195205479452
20230822093122490,6.35,6.34,6.334195205479452
20230822093122810,6.35,6.34,6.334195205479452
20230822093122890,6.35,6.34,6.334195205479452
20230822093123660,6.35,6.34,6.334195205479452
20230822093124130,6.35,6.34,6.334195205479452
20230822093124640,6.35,6.34,6.334195205479452
20230822093124880,6.35,6.34,6.334195205479452
20230822093125110,6.35,6.34,6.334289350869749
20230822093125160,6.35,6.34,6.334289350869749
20230822093125490,6.35,6.34,6.334289350869749
20230822093125550,6.35,6.34,6.334303261329945
20230822093125560,6.35,6.34,6.33431770173215
20230822093126010,6.35,6.34,6.33431770173215
20230822093126070,6.35,6.34,6.334322498944703
20230822093126320,6.35,6.34,6.334322498944703
20230822093126690,6.35,6.34,6.334322498944703
20230822093127440,6.35,6.34,6.334322498944703
20230822093127700,6.35,6.34,6.334322498944703
20230822093128020,6.35,6.34,6.334322498944703
20230822093128090,6.35,6.34,6.334324894514768
20230822093128120,6.35,6.34,6.334324894514768
20230822093128230,6.35,6.34,6.334324894514768
20230822093128490,6.35,6.34,6.334324894514768
20230822093128770,6.35,6.34,6.334324894514768
20230822093128850,6.35,6.34,6.334324894514768
20230822093129170,6.35,6.33,6.334324894514768
20230822093129330,6.35,6.33,6.334324894514768
20230822093129350,6.35,6.33,6.334324894514768
20230822093129540,6.35,6.33,6.334324894514768
20230822093129800,6.35,6.33,6.334324894514768
20230822093130040,6.35,6.33,6.334324894514768
20230822093130990,6.35,6.34,6.334324894514768
20230822093131050,6.35,6.34,6.334324894514768
20230822093131080,6.35,6.34,6.334355853965589
20230822093131090,6.35,6.34,6.33435822147651
20230822093131100,6.35,6.34,6.334360587002096
20230822093131110,6.35,6.34,6.334377090301003
20230822093131200,6.35,6.34,6.334496726677577
20230822093131440,6.35,6.34,6.334496726677577
20230822093131710,6.35,6.34,6.334496726677577
20230822093132300,6.35,6.34,6.334496726677577
20230822093132410,6.35,6.34,6.334496726677577
20230822093133190,6.35,6.34,6.334496726677577
20230822093133520,6.35,6.34,6.334496726677577
20230822093133840,6.35,6.34,6.334496726677577
20230822093133880,6.35,6.34,6.334496726677577
20230822093134080,6.35,6.34,6.334505718954248
20230822093134100,6.35,6.34,6.334514681892332
20230822093134120,6.35,6.34,6.334514681892332
20230822093134360,6.35,6.34,6.334516918059519
20230822093134370,6.35,6.34,6.334519152404238
20230822093134380,6.35,6.34,6.334523615635179
20230822093134430,6.35,6.34,6.334523615635179
20230822093135430,6.34,6.34,6.334576612903226
20230822093135450,6.34,6.34,6.334576612903226
20230822093135500,6.34,6.34,6.334574768238613
20230822093135550,6.34,6.33,6.3344527265594355
20230822093135730,6.34,6.33,6.3344527265594355
20230822093135790,6.34,6.33,6.3344527265594355
20230822093135880,6.34,6.33,6.3344527265594355
20230822093135920,6.34,6.33,6.3344527265594355
20230822093135980,6.35,6.33,6.334701578744705
20230822093136010,6.35,6.33,6.334701578744705
20230822093136250,6.35,6.33,6.334701578744705
20230822093136430,6.35,6.34,6.334701578744705
20230822093136850,6.35,6.34,6.334701578744705
20230822093136980,6.35,6.34,6.334701578744705
20230822093137000,6.35,6.34,6.334733000384172
20230822093137010,6.35,6.34,6.334735023041475
20230822093137070,6.35,6.34,6.334759174311927
20230822093137080,6.35,6.34,6.334783105022831
20230822093137090,6.35,6.34,6.334794988610478
20230822093137140,6.35,6.34,6.334796963946869
20230822093137440,6.35,6.34,6.334796963946869
20230822093137770,6.35,6.34,6.334796963946869
20230822093138080,6.35,6.34,6.334796963946869
20230822093138930,6.35,6.34,6.334796963946869
20230822093139380,6.35,6.34,6.334796963946869
20230822093139750,6.35,6.34,6.334796963946869
20230822093140710,6.35,6.34,6.334796963946869
20230822093140740,6.35,6.34,6.334796963946869
20230822093143100,6.35,6.34,6.334953130858643
20230822093143120,6.35,6.34,6.334953130858643
20230822093143160,6.35,6.34,6.334981287425149
20230822093143320,6.35,6.34,6.334981287425149
20230822093143380,6.35,6.34,6.334981287425149
20230822093143910,6.35,6.34,6.334981287425149
20230822093144850,6.35,6.34,6.334981287425149
20230822093145370,6.35,6.34,6.334981287425149
20230822093145570,6.35,6.34,6.335069852941176
20230822093145630,6.35,6.34,6.335073475385745
20230822093145810,6.35,6.34,6.335073475385745
20230822093146110,6.35,6.34,6.335077092511013
20230822093146170,6.35,6.34,6.3350897107286706
20230822093146250,6.35,6.34,6.335104052573932
20230822093146370,6.34,6.33,6.33511119212541
20230822093146400,6.34,6.33,6.335120087336245
20230822093146440,6.34,6.33,6.335120087336245
20230822093146460,6.35,6.33,6.335166545981173
20230822093146760,6.34,6.33,6.335166545981173
20230822093147090,6.34,6.33,6.335166545981173
20230822093147450,6.34,6.33,6.335166545981173
20230822093148130,6.35,6.33,6.335653389238295
20230822093148140,6.35,6.34,6.335653389238295
20230822093148170,6.35,6.34,6.335653389238295
20230822093148180,6.35,6.34,6.335653389238295
20230822093148210,6.35,6.34,6.335698362939742
20230822093148420,6.35,6.34,6.335802213001383
20230822093148480,6.35,6.34,6.335802213001383
20230822093149070,6.35,6.34,6.335802213001383
20230822093149080,6.35,6.34,6.335802213001383
20230822093149180,6.35,6.34,6.335802213001383
20230822093149230,6.35,6.34,6.335802213001383
20230822093149540,6.35,6.34,6.335802213001383
20230822093150380,6.35,6.34,6.335802213001383
20230822093150570,6.35,6.34,6.335802213001383
20230822093152060,6.34,6.34,6.335828178694158
20230822093152090,6.34,6.34,6.335828178694158
20230822093152100,6.34,6.34,6.335828178694158
20230822093152120,6.34,6.34,6.335828178694158
20230822093152180,6.34,6.34,6.335828178694158
20230822093152870,6.34,6.33,6.3358930987821385
20230822093152880,6.35,6.34,6.335920698924731
20230822093152890,6.35,6.34,6.335920698924731
20230822093153190,6.35,6.34,6.335920698924731
20230822093153210,6.35,6.34,6.335925428283507
20230822093153340,6.35,6.34,6.335925428283507
20230822093153380,6.35,6.34,6.335925428283507
20230822093153630,6.35,6.34,6.335925428283507
20230822093154020,6.35,6.34,6.335925428283507
20230822093154070,6.35,6.34,6.335925428283507
20230822093155180,6.35,6.34,6.335925428283507
20230822093155220,6.35,6.34,6.335925428283507
20230822093155280,6.35,6.34,6.336019352686019
20230822093155510,6.35,6.34,6.336019352686019
20230822093155550,6.35,6.34,6.336019352686019
20230822093155850,6.35,6.34,6.336019352686019
20230822093156120,6.35,6.34,6.336023333333333
20230822093156130,6.35,6.34,6.336023333333333
20230822093156420,6.35,6.34,6.336023333333333
20230822093156710,6.35,6.34,6.336023333333333
20230822093157190,6.35,6.34,6.336023333333333
20230822093157510,6.35,6.34,6.336062706270627
20230822093157790,6.35,6.34,6.336062706270627
20230822093157800,6.35,6.34,6.33607436656795
20230822093157880,6.35,6.34,6.33607436656795
20230822093158000,6.35,6.34,6.336075657894737
20230822093158210,6.35,6.34,6.336088524590164
20230822093158770,6.35,6.34,6.336088524590164
20230822093200000,6.34,6.33,6.3361701444622796
20230822093200020,6.34,6.33,6.336171373555841
20230822093200520,6.34,6.33,6.336171373555841
20230822093200680,6.34,6.33,6.336173829377806
20230822093200810,6.34,6.33,6.336173829377806
20230822093201040,6.34,6.33,6.336173829377806
20230822093201190,6.34,6.33,6.33617995517131
20230822093201260,6.34,6.33,6.33617995517131
20230822093201930,6.34,6.33,6.33617995517131
20230822093202490,6.34,6.33,6.336184841701312
20230822093203000,6.34,6.33,6.336197003506535
20230822093203620,6.34,6.33,6.336197003506535
20230822093203740,6.34,6.33,6.336233028102305
20230822093203790,6.34,6.33,6.336233028102305
20230822093203800,6.34,6.33,6.3362753668435845
20230822093203820,6.35,6.33,6.336339341205718
20230822093203990,6.35,6.33,6.336339341205718
20230822093204120,6.35,6.34,6.336339341205718
20230822093204740,6.35,6.34,6.336339341205718
20230822093204800,6.35,6.34,6.336339341205718
20230822093205420,6.35,6.34,6.336339341205718
20230822093205880,6.35,6.33,6.336339341205718
20230822093205920,6.34,6.33,6.3363450201675455
20230822093205930,6.35,6.33,6.336346153846153
20230822093205940,6.34,6.33,6.336346153846153
20230822093205950,6.34,6.33,6.336346153846153
20230822093206010,6.35,6.34,6.336360827927093
20230822093206020,6.35,6.34,6.336365319345881
20230822093206040,6.35,6.34,6.336368680641184
20230822093206090,6.35,6.34,6.336368680641184
20230822093206150,6.34,6.34,6.336369799691834
20230822093206310,6.34,6.34,6.336369799691834
20230822093206380,6.34,6.34,6.3364324651726225
20230822093206550,6.34,6.34,6.3364324651726225
20230822093206650,6.34,6.34,6.3364324651726225
20230822093206870,6.34,6.34,6.3364324651726225
20230822093207070,6.34,6.33,6.3364053075995175
20230822093207180,6.34,6.33,6.3364053075995175
20230822093207260,6.34,6.33,6.3364053075995175
20230822093207330,6.34,6.33,6.3364343404128025
20230822093207340,6.34,6.33,6.3364460345855695
20230822093207420,6.34,6.34,6.3364513247990475
20230822093207480,6.34,6.34,6.3364513247990475
20230822093207630,6.34,6.34,6.336452380952381
20230822093207890,6.35,6.34,6.3364564117822075
20230822093208510,6.35,6.34,6.3364564117822075
20230822093208630,6.35,6.34,6.3364564117822075
20230822093209110,6.35,6.34,6.3364564117822075
20230822093209430,6.35,6.34,6.3364564117822075
20230822093210080,6.34,6.34,6.3364564117822075
20230822093210090,6.34,6.34,6.3364564117822075
20230822093210110,6.34,6.34,6.3364564117822075
20230822093210620,6.34,6.34,6.3364564117822075
20230822093211150,6.34,6.34,6.3364564117822075
20230822093211470,6.34,6.34,6.3364564117822075
20230822093211580,6.34,6.34,6.3364564117822075
20230822093211640,6.34,6.34,6.3364564117822075
20230822093211910,6.34,6.34,6.3364564117822075
20230822093212170,6.34,6.34,6.3364564117822075
20230822093212740,6.34,6.34,6.3364564117822075
20230822093213160,6.34,6.34,6.3364564117822075
20230822093213180,6.34,6.34,6.33645554564377
20230822093213460,6.34,6.34,6.33645554564377
20230822093214530,6.34,6.34,6.33645554564377
20230822093215470,6.34,6.34,6.33645554564377
20230822093215660,6.34,6.34,6.33645554564377
20230822093215810,6.34,6.34,6.33645554564377
20230822093215910,6.34,6.34,6.336557897776494
20230822093216330,6.34,6.34,6.336557897776494
20230822093216560,6.34,6.34,6.336557897776494
20230822093217050,6.34,6.34,6.336557897776494
20230822093217310,6.34,6.34,6.336557897776494
20230822093217890,6.34,6.34,6.336557897776494
20230822093218030,6.34,6.34,6.336557897776494
20230822093218340,6.34,6.34,6.336557897776494
20230822093219340,6.34,6.34,6.336557897776494
20230822093219570,6.34,6.34,6.336557897776494
20230822093219810,6.34,6.34,6.336557897776494
20230822093220450,6.34,6.34,6.336557897776494
20230822093220710,6.34,6.34,6.336557897776494
20230822093221000,6.34,6.34,6.336557897776494
20230822093221220,6.34,6.34,6.336557897776494
20230822093221530,6.34,6.34,6.336558891454965
20230822093221650,6.34,6.33,6.336581588758245
20230822093221800,6.34,6.33,6.336581588758245
20230822093221810,6.34,6.33,6.336581588758245
20230822093222310,6.34,6.33,6.336581588758245
20230822093222530,6.34,6.33,6.336581588758245
20230822093222600,6.34,6.33,6.336581588758245
20230822093223000,6.34,6.33,6.336581588758245
20230822093223120,6.34,6.33,6.336581588758245
20230822093223910,6.34,6.33,6.33658256880734
20230822093224070,6.34,6.33,6.336526435474702
20230822093225430,6.34,6.33,6.336517172864037
20230822093225490,6.34,6.33,6.336515323496028
20230822093226810,6.34,6.33,6.336515323496028
20230822093227400,6.34,6.33,6.336515323496028
20230822093227760,6.34,6.33,6.336515323496028
20230822093227790,6.34,6.33,6.336515323496028
20230822093228080,6.34,6.33,6.336515323496028
20230822093228140,6.34,6.33,6.336515323496028
20230822093228310,6.34,6.33,6.336515323496028
20230822093228450,6.34,6.33,6.336515323496028
20230822093228590,6.34,6.33,6.336515323496028
20230822093228700,6.34,6.33,6.336515323496028
20230822093228750,6.34,6.33,6.336515323496028
20230822093229160,6.34,6.33,6.336515323496028
20230822093230200,6.34,6.33,6.336515323496028
20230822093230770,6.34,6.33,6.336515323496028
20230822093230810,6.34,6.33,6.336515323496028
20230822093231090,6.34,6.33,6.336515323496028
20230822093231120,6.34,6.33,6.336515323496028
20230822093231220,6.34,6.33,6.336515323496028
20230822093231450,6.34,6.33,6.336515323496028
20230822093231840,6.34,6.33,6.336515323496028
20230822093232180,6.34,6.33,6.336515323496028
20230822093232270,6.34,6.33,6.336515323496028
20230822093232350,6.34,6.33,6.336515323496028
20230822093232750,6.34,6.33,6.336515323496028
20230822093233050,6.34,6.33,6.336515323496028
20230822093233510,6.34,6.33,6.336515323496028
20230822093234110,6.34,6.33,6.336515323496028
20230822093234120,6.34,6.33,6.336404463040446
20230822093234130,6.34,6.33,6.336363636363636
20230822093234280,6.34,6.33,6.336363636363636
20230822093234450,6.34,6.33,6.336363636363636
20230822093234480,6.34,6.33,6.336363636363636
20230822093234790,6.34,6.33,6.336363636363636
20230822093235020,6.34,6.33,6.336363636363636
20230822093235140,6.34,6.33,6.336363636363636
20230822093235320,6.34,6.33,6.33638168781026
20230822093235670,6.34,6.33,6.33638168781026
20230822093236390,6.34,6.33,6.33638168781026
20230822093236490,6.34,6.33,6.33638168781026
20230822093236530,6.34,6.33,6.33638168781026
20230822093237160,6.34,6.33,6.336371145374449
20230822093237240,6.34,6.33,6.3363693916873105
20230822093237530,6.34,6.33,6.336365887207703
20230822093237940,6.34,6.34,6.33652642650539
20230822093237980,6.34,6.34,6.33652642650539
20230822093239450,6.34,6.34,6.336492283546953
20230822093239650,6.34,6.34,6.336492283546953
20230822093239760,6.34,6.34,6.336492283546953
20230822093240120,6.34,6.34,6.336492283546953
20230822093240870,6.34,6.33,6.33646017699115
20230822093240920,6.34,6.33,6.33646017699115
20230822093240980,6.34,6.33,6.336458495966693
20230822093241280,6.34,6.33,6.336458495966693
20230822093241530,6.34,6.33,6.336458495966693
20230822093242520,6.34,6.33,6.336458495966693
20230822093242850,6.34,6.33,6.336134453781512
20230822093243020,6.34,6.33,6.336134453781512
20230822093243030,6.33,6.33,6.336134453781512
20230822093243070,6.33,6.33,6.336134453781512
20230822093243080,6.33,6.33,6.336134453781512
20230822093243140,6.33,6.33,6.336134453781512
20230822093243170,6.33,6.33,6.336134453781512
20230822093243260,6.33,6.33,6.336134453781512
20230822093243270,6.33,6.33,6.336134453781512
20230822093243330,6.33,6.33,6.336134453781512
20230822093243360,6.33,6.33,6.336134453781512
20230822093243490,6.33,6.33,6.336134453781512
20230822093244040,6.33,6.33,6.336099482885989
20230822093244050,6.33,6.33,6.336099482885989
20230822093244070,6.33,6.33,6.336099482885989
20230822093244160,6.33,6.33,6.336099482885989
20230822093244510,6.33,6.33,6.336099482885989
20230822093244590,6.33,6.33,6.33608450012282
20230822093244600,6.33,6.33,6.33608450012282
20230822093245340,6.33,6.33,6.336078527607362
20230822093245350,6.33,6.33,6.336078527607362
20230822093245370,6.33,6.33,6.336078527607362
20230822093245390,6.33,6.33,6.336078527607362
20230822093245450,6.33,6.33,6.336054754338792
20230822093245630,6.33,6.33,6.336054754338792
20230822093245730,6.33,6.33,6.336054754338792
20230822093245850,6.33,6.33,6.336053274682307
20230822093245890,6.33,6.33,6.336053274682307
20230822093246090,6.33,6.33,6.336045887234562
20230822093246170,6.33,6.33,6.336045887234562
20230822093246290,6.33,6.33,6.336034104750304
20230822093246510,6.33,6.33,6.336034104750304
20230822093246860,6.33,6.33,6.336034104750304
20230822093246920,6.33,6.33,6.336034104750304
20230822093247120,6.33,6.33,6.33601797862002
20230822093247180,6.33,6.33,6.33601797862002
20230822093247230,6.33,6.33,6.33601797862002
20230822093247400,6.33,6.33,6.33601797862002
20230822093247440,6.33,6.33,6.33601797862002
20230822093247680,6.33,6.33,6.33601797862002
20230822093247700,6.33,6.33,6.33601797862002
20230822093248380,6.33,6.33,6.33601797862002
20230822093248550,6.33,6.33,6.33601797862002
20230822093248810,6.33,6.33,6.33601797862002
20230822093249090,6.33,6.33,6.33600339311682
20230822093249110,6.33,6.33,6.33600339311682
20230822093250040,6.33,6.33,6.33600339311682
20230822093250250,6.33,6.33,6.33600339311682
20230822093250490,6.33,6.33,6.33600339311682
20230822093251380,6.33,6.33,6.33600339311682
20230822093252110,6.33,6.32,6.335980154888674
20230822093252200,6.33,6.32,6.335976288410356
20230822093252300,6.33,6.32,6.335976288410356
20230822093253280,6.33,6.32,6.335976288410356
20230822093253920,6.33,6.32,6.335976288410356
20230822093254650,6.33,6.32,6.335976288410356
20230822093255100,6.33,6.32,6.335976288410356
20230822093257880,6.33,6.32,6.335976288410356
20230822093257950,6.33,6.32,6.335976288410356
20230822093258050,6.33,6.32,6.335976288410356
20230822093258100,6.33,6.32,6.3359724238026125
20230822093259420,6.33,6.32,6.3359724238026125
20230822093259610,6.33,6.32,6.3359724238026125
20230822093300070,6.33,6.32,6.3359724238026125
20230822093300240,6.33,6.32,6.335452843435525
20230822093300250,6.33,6.32,6.335452843435525
20230822093300270,6.33,6.32,6.335452843435525
20230822093300300,6.33,6.32,6.335452843435525
20230822093300460,6.33,6.32,6.335452843435525
20230822093300770,6.33,6.32,6.335452843435525
20230822093300800,6.32,6.32,6.335452843435525
20230822093300880,6.32,6.32,6.33542036431574
20230822093300890,6.32,6.32,6.33542036431574
20230822093300920,6.33,6.32,6.335352243664264
20230822093300950,6.33,6.32,6.335352243664264
20230822093300980,6.33,6.32,6.335352243664264
20230822093301050,6.33,6.32,6.335352243664264
20230822093301090,6.33,6.32,6.335352243664264
20230822093301230,6.33,6.32,6.335352243664264
20230822093301530,6.33,6.32,6.335352243664264
20230822093301650,6.33,6.32,6.335352243664264
20230822093301770,6.33,6.32,6.335352243664264
20230822093301880,6.33,6.32,6.335316631871955
20230822093302100,6.33,6.32,6.335316631871955
20230822093302290,6.33,6.32,6.335316631871955
20230822093303270,6.33,6.32,6.335316631871955
20230822093303710,6.33,6.32,6.335316631871955
20230822093303780,6.33,6.32,6.335309529329932
20230822093303960,6.33,6.32,6.335309529329932
20230822093304120,6.32,6.32,6.335263522884882
20230822093304130,6.32,6.32,6.33519115614924
20230822093304410,6.32,6.32,6.33519115614924
20230822093304650,6.32,6.32,6.33519115614924
20230822093304670,6.32,6.32,6.33519115614924
20230822093305120,6.32,6.32,6.33519115614924
20230822093305220,6.32,6.32,6.335184162062615
20230822093305260,6.32,6.32,6.335184162062615
20230822093305300,6.32,6.32,6.335184162062615
20230822093306100,6.32,6.32,6.335184162062615
20230822093306190,6.32,6.32,6.335184162062615
20230822093306710,6.32,6.32,6.335152768205835
20230822093306780,6.32,6.32,6.335138857011705
20230822093306790,6.32,6.32,6.335135383203304
20230822093307070,6.32,6.32,6.335135383203304
20230822093307090,6.32,6.32,6.33512497133685
20230822093307100,6.32,6.32,6.335104190519807
20230822093307150,6.32,6.32,6.335104190519807
20230822093309210,6.32,6.32,6.335104190519807
20230822093309260,6.32,6.32,6.335104190519807
20230822093309270,6.32,6.32,6.335062799725965
20230822093309280,6.32,6.32,6.335062799725965
20230822093309870,6.32,6.32,6.335062799725965
20230822093310020,6.32,6.32,6.335062799725965
20230822093310070,6.32,6.32,6.335055923305181
20230822093310210,6.32,6.32,6.335055923305181
20230822093311010,6.32,6.32,6.335055923305181
20230822093311750,6.32,6.32,6.335055923305181
20230822093312760,6.32,6.32,6.335055923305181
20230822093313080,6.32,6.32,6.335011379153391
20230822093313090,6.32,6.32,6.334919701425017
20230822093313110,6.32,6.32,6.334919701425017
20230822093313120,6.32,6.32,6.334912955007913
20230822093313170,6.32,6.32,6.334912955007913
20230822093313930,6.32,6.32,6.334912955007913
20230822093313980,6.32,6.32,6.334879314234153
20230822093315230,6.32,6.32,6.33484582489309
20230822093315650,6.32,6.32,6.33484582489309
20230822093315720,6.32,6.32,6.33484582489309
20230822093316080,6.32,6.32,6.3347199285873685
20230822093316090,6.32,6.32,6.3347199285873685
20230822093316120,6.32,6.32,6.3347199285873685
20230822093316180,6.32,6.32,6.3347199285873685
20230822093316200,6.32,6.32,6.3347199285873685
20230822093316510,6.32,6.32,6.3347199285873685
20230822093316970,6.32,6.32,6.334718875502008
20230822093318350,6.32,6.32,6.334718875502008
20230822093318570,6.32,6.32,6.334718875502008
20230822093318850,6.32,6.32,6.334718875502008
20230822093319110,6.32,6.32,6.334718875502008
20230822093319120,6.32,6.32,6.334718875502008
20230822093319140,6.32,6.32,6.334718875502008
20230822093319300,6.32,6.32,6.334718875502008
20230822093319500,6.32,6.32,6.334718875502008
20230822093319750,6.32,6.32,6.334718875502008
20230822093319850,6.32,6.32,6.334718875502008
20230822093320880,6.32,6.32,6.334718875502008
20230822093321160,6.32,6.32,6.334718875502008
20230822093321700,6.33,6.32,6.334707192162102
20230822093322090,6.33,6.32,6.334704049844237
20230822093322180,6.33,6.32,6.334704049844237
20230822093322200,6.33,6.32,6.334700778642937
20230822093322390,6.33,6.32,6.334694240604848
20230822093323280,6.33,6.32,6.334694240604848
20230822093323440,6.33,6.32,6.334694240604848
20230822093324210,6.33,6.32,6.334693196976434
20230822093325580,6.33,6.32,6.334693196976434
20230822093325610,6.33,6.32,6.334693196976434
20230822093325740,6.33,6.32,6.334693196976434
20230822093326290,6.33,6.32,6.334693196976434
20230822093326350,6.33,6.32,6.334693196976434
20230822093326470,6.33,6.32,6.334693196976434
20230822093327040,6.33,6.32,6.334693196976434
20230822093327370,6.33,6.32,6.334693196976434
20230822093327630,6.33,6.32,6.334693196976434
20230822093327780,6.33,6.32,6.334693196976434
20230822093327940,6.33,6.32,6.3346859045505
20230822093327960,6.33,6.32,6.3346859045505
20230822093328210,6.33,6.32,6.3346859045505
20230822093328250,6.33,6.32,6.3346859045505
20230822093328890,6.33,6.32,6.3346859045505
20230822093329560,6.33,6.32,6.3346859045505
20230822093329700,6.33,6.32,6.3346859045505
20230822093330890,6.33,6.32,6.3346859045505
20230822093331120,6.33,6.32,6.334684864624944
20230822093331190,6.33,6.32,6.334684864624944
20230822093331410,6.33,6.32,6.334684864624944
20230822093331580,6.33,6.32,6.334684864624944
20230822093331750,6.33,6.32,6.334684864624944
20230822093331760,6.33,6.32,6.334684864624944
20230822093332940,6.33,6.32,6.334684864624944
20230822093333530,6.33,6.32,6.334684864624944
20230822093333920,6.33,6.32,6.334684864624944
20230822093334260,6.33,6.32,6.334684864624944
20230822093334500,6.33,6.32,6.334684864624944
20230822093334580,6.33,6.32,6.334684864624944
20230822093334690,6.33,6.32,6.334668587896253
20230822093335330,6.33,6.32,6.334347354726799
20230822093336200,6.33,6.32,6.334347354726799
20230822093336280,6.33,6.32,6.334347354726799
20230822093336370,6.33,6.32,6.334347354726799
20230822093337350,6.33,6.32,6.334347354726799
20230822093338230,6.33,6.32,6.334347354726799
20230822093338310,6.33,6.32,6.334347354726799
20230822093338420,6.33,6.32,6.334347354726799
20230822093339000,6.33,6.32,6.334347354726799
20230822093339050,6.33,6.32,6.334347354726799
20230822093339110,6.33,6.32,6.334347354726799
20230822093339610,6.33,6.32,6.333954027836356
20230822093340120,6.32,6.32,6.333954027836356
20230822093340900,6.33,6.32,6.333939330103223
20230822093340950,6.33,6.32,6.333939330103223
20230822093341910,6.33,6.32,6.333939330103223
20230822093342570,6.33,6.32,6.333939330103223
20230822093343070,6.32,6.32,6.33393052631579
20230822093343110,6.32,6.32,6.33393052631579
20230822093343220,6.32,6.32,6.33393052631579
20230822093343240,6.32,6.32,6.33393052631579
20230822093343450,6.32,6.32,6.33393052631579
20230822093343990,6.32,6.32,6.33393052631579
20230822093346100,6.32,6.32,6.33393052631579
20230822093346110,6.32,6.32,6.33393052631579
20230822093346140,6.32,6.32,6.33393052631579
20230822093346170,6.32,6.32,6.33393052631579
20230822093346180,6.32,6.32,6.33393052631579
20230822093346270,6.32,6.32,6.33393052631579
20230822093346500,6.32,6.32,6.33393052631579
20230822093346700,6.32,6.32,6.33393052631579
20230822093346730,6.32,6.32,6.33393052631579
20230822093346740,6.32,6.32,6.33393052631579
20230822093346790,6.32,6.32,6.33393052631579
20230822093346920,6.32,6.32,6.33393052631579
20230822093347000,6.32,6.32,6.333887371296491
20230822093347170,6.32,6.32,6.333887371296491
20230822093347270,6.32,6.32,6.333887371296491
20230822093347510,6.32,6.32,6.333887371296491
20230822093347700,6.32,6.32,6.333887371296491
20230822093347760,6.32,6.32,6.333887371296491
20230822093347790,6.32,6.32,6.333887371296491
20230822093347800,6.32,6.32,6.333887371296491
20230822093347850,6.32,6.32,6.333887371296491
20230822093347910,6.32,6.32,6.333887371296491
20230822093347930,6.32,6.32,6.333887371296491
20230822093348320,6.32,6.32,6.333887371296491
20230822093348810,6.32,6.32,6.333887371296491
20230822093348920,6.32,6.32,6.333887371296491
20230822093349230,6.32,6.32,6.333887371296491
20230822093350730,6.32,6.32,6.333887371296491
20230822093350990,6.32,6.32,6.333887371296491
20230822093351710,6.32,6.32,6.333887371296491
20230822093351850,6.32,6.32,6.333887371296491
20230822093352160,6.32,6.32,6.333887371296491
20230822093352170,6.32,6.32,6.333887371296491
20230822093352290,6.32,6.32,6.333887371296491
20230822093352530,6.32,6.32,6.333887371296491
20230822093352580,6.32,6.32,6.333853249475891
20230822093353420,6.32,6.32,6.333853249475891
20230822093354600,6.32,6.32,6.333853249475891
20230822093355160,6.32,6.32,6.333853249475891
20230822093355170,6.32,6.32,6.333853249475891
20230822093355320,6.32,6.32,6.333853249475891
20230822093355420,6.32,6.32,6.333853249475891
20230822093355620,6.32,6.32,6.333853249475891
20230822093355780,6.32,6.32,6.333853249475891
20230822093356940,6.32,6.32,6.333853249475891
20230822093357070,6.32,6.32,6.33358273381295
20230822093357240,6.32,6.32,6.33358273381295
20230822093357260,6.32,6.32,6.33358273381295
20230822093357800,6.32,6.32,6.33358273381295
20230822093358240,6.32,6.32,6.333554871794872
20230822093358740,6.32,6.32,6.333466476462197
20230822093359160,6.32,6.32,6.333463732681337
20230822093359180,6.32,6.32,6.333460990018334
20230822093400320,6.32,6.32,6.333460990018334
20230822093400340,6.32,6.32,6.333460990018334
20230822093401240,6.32,6.32,6.333460990018334
20230822093401530,6.32,6.32,6.333460990018334
20230822093402550,6.32,6.32,6.333460990018334
20230822093402780,6.32,6.32,6.333460990018334
20230822093404100,6.32,6.32,6.333437118437119
20230822093404180,6.32,6.32,6.333437118437119
20230822093404630,6.32,6.32,6.333437118437119
20230822093405600,6.32,6.32,6.333437118437119
20230822093406850,6.32,6.32,6.3333017727639005
20230822093406860,6.32,6.32,6.332632485173139
20230822093406870,6.33,6.32,6.3322550111358575
20230822093406920,6.33,6.32,6.3322550111358575
20230822093407080,6.33,6.32,6.3322550111358575
20230822093407090,6.33,6.32,6.3322550111358575
20230822093407100,6.33,6.32,6.3322550111358575
20230822093407110,6.33,6.32,6.3322550111358575
20230822093407140,6.33,6.32,6.3322550111358575
20230822093407170,6.33,6.32,6.3322550111358575
20230822093407190,6.33,6.32,6.3322550111358575
20230822093407750,6.33,6.32,6.3322550111358575
20230822093410040,6.33,6.32,6.3322550111358575
20230822093410760,6.33,6.32,6.3322550111358575
20230822093410850,6.33,6.32,6.3322550111358575
20230822093411090,6.33,6.32,6.3322550111358575
20230822093411180,6.33,6.32,6.3322550111358575
20230822093411330,6.33,6.32,6.3322550111358575
20230822093411550,6.33,6.32,6.33224402888354
20230822093411760,6.33,6.32,6.33224402888354
20230822093412880,6.33,6.32,6.33224402888354
20230822093413140,6.33,6.32,6.33224402888354
20230822093413170,6.33,6.32,6.33224361347649
20230822093413360,6.33,6.32,6.33224361347649
20230822093413420,6.33,6.32,6.33224361347649
20230822093413870,6.33,6.32,6.33224361347649
20230822093414550,6.33,6.32,6.33224361347649
20230822093414570,6.33,6.32,6.33224361347649
20230822093414950,6.33,6.32,6.33224361347649
20230822093415400,6.33,6.32,6.33224361347649
20230822093415460,6.33,6.32,6.33224361347649
20230822093415770,6.33,6.32,6.33224361347649
20230822093415800,6.33,6.32,6.33224361347649
20230822093415810,6.33,6.32,6.33224361347649
20230822093416170,6.33,6.32,6.33224361347649
20230822093416420,6.33,6.32,6.33224361347649
20230822093416760,6.33,6.32,6.33224361347649
20230822093416910,6.33,6.32,6.332131327953045
20230822093416930,6.33,6.32,6.332131327953045
20230822093417400,6.33,6.32,6.332131327953045
20230822093417590,6.33,6.32,6.331923562285921
20230822093417810,6.33,6.32,6.331923562285921
20230822093418050,6.33,6.32,6.331923562285921
20230822093418060,6.33,6.32,6.331923562285921
20230822093418080,6.33,6.32,6.331923562285921
20230822093418170,6.33,6.32,6.3319214131218455
20230822093418520,6.33,6.32,6.3319214131218455
20230822093419070,6.32,6.32,6.3319214131218455
20230822093419080,6.32,6.32,6.331908534389629
20230822093419100,6.32,6.32,6.331906390639064
20230822093419120,6.32,6.32,6.331906390639064
20230822093419160,6.32,6.32,6.331906390639064
20230822093419220,6.32,6.32,6.33189354432656
20230822093419340,6.32,6.32,6.33189354432656
20230822093419440,6.32,6.32,6.331891405969076
20230822093420300,6.32,6.32,6.331891405969076
20230822093420330,6.32,6.32,6.331887131560029
20230822093420400,6.32,6.32,6.331876458969294
20230822093421400,6.32,6.32,6.331876458969294
20230822093421820,6.32,6.32,6.331876458969294
20230822093422170,6.32,6.32,6.331876458969294
20230822093422180,6.32,6.32,6.331876458969294
20230822093422290,6.32,6.32,6.331874326750449
20230822093422680,6.32,6.32,6.331874326750449
20230822093422750,6.32,6.32,6.331848799713365
20230822093422760,6.32,6.32,6.331840315073398
20230822093422790,6.32,6.32,6.331840315073398
20230822093422800,6.32,6.32,6.331772872908508
20230822093422830,6.32,6.32,6.331772872908508
20230822093422850,6.32,6.32,6.331772872908508
20230822093422910,6.32,6.32,6.331772872908508
20230822093422970,6.32,6.32,6.331772872908508
20230822093423010,6.32,6.32,6.331772872908508
20230822093423020,6.32,6.32,6.331772872908508
20230822093423040,6.32,6.32,6.331772872908508
20230822093423060,6.32,6.32,6.331772872908508
20230822093423070,6.32,6.32,6.331772872908508
20230822093423150,6.32,6.32,6.331772872908508
20230822093423200,6.32,6.32,6.331772872908508
20230822093423500,6.32,6.32,6.331772872908508
20230822093423910,6.32,6.32,6.331772872908508
20230822093424060,6.32,6.32,6.331772872908508
20230822093425070,6.32,6.32,6.331772872908508
20230822093425160,6.32,6.32,6.33156698146205
20230822093425920,6.32,6.32,6.33156698146205
20230822093426490,6.32,6.32,6.33156698146205
20230822093427780,6.32,6.32,6.33156698146205
20230822093427820,6.32,6.32,6.331446867428176
20230822093427830,6.32,6.32,6.33143301642178
20230822093427970,6.32,6.32,6.33143301642178
20230822093428070,6.32,6.32,6.331413287316653
20230822093428080,6.32,6.32,6.331413287316653
20230822093430100,6.32,6.32,6.331354506437768
20230822093430110,6.32,6.32,6.3313506092328815
20230822093430420,6.32,6.32,6.3313506092328815
20230822093431180,6.32,6.32,6.331348661633493
20230822093431220,6.32,6.32,6.331348661633493
20230822093431470,6.32,6.32,6.331348661633493
20230822093432260,6.32,6.32,6.331348661633493
20230822093432610,6.32,6.32,6.331348661633493
20230822093433020,6.32,6.32,6.331348661633493
20230822093433570,6.32,6.32,6.331338933653352
20230822093433580,6.32,6.32,6.331336990058279
20230822093433590,6.32,6.32,6.331336990058279
20230822093434130,6.32,6.32,6.331336990058279
20230822093434470,6.32,6.32,6.331336990058279
20230822093434850,6.32,6.32,6.331336990058279
20230822093435000,6.32,6.32,6.331336990058279
20230822093436080,6.32,6.32,6.331336990058279
20230822093436650,6.32,6.32,6.33130412459353
20230822093436940,6.32,6.32,6.33130412459353
20230822093437060,6.32,6.32,6.33130412459353
20230822093437250,6.32,6.31,6.33130412459353
20230822093438030,6.32,6.31,6.331208213134227
20230822093438040,6.32,6.31,6.331208213134227
20230822093438080,6.32,6.31,6.331208213134227
20230822093438710,6.32,6.31,6.331189225817381
20230822093438720,6.32,6.31,6.331158979557357
20230822093438740,6.32,6.31,6.331147679324895
20230822093438790,6.32,6.31,6.331132647901567
20230822093439190,6.32,6.31,6.331113915530877
20230822093439820,6.32,6.31,6.331110176619007
20230822093440270,6.32,6.31,6.331110176619007
20230822093440620,6.32,6.31,6.331110176619007
20230822093441430,6.32,6.31,6.331110176619007
20230822093442660,6.32,6.31,6.331110176619007
20230822093443160,6.32,6.31,6.331110176619007
20230822093443180,6.32,6.31,6.331110176619007
20230822093443200,6.32,6.31,6.331110176619007
20230822093443360,6.32,6.31,6.331110176619007
20230822093444130,6.32,6.31,6.331110176619007
20230822093444850,6.32,6.31,6.331110176619007
20230822093444960,6.32,6.31,6.331110176619007
20230822093444970,6.32,6.31,6.331110176619007
20230822093445890,6.32,6.31,6.331110176619007
20230822093446720,6.32,6.31,6.331110176619007
20230822093446980,6.32,6.31,6.331110176619007
20230822093448140,6.32,6.31,6.331110176619007
20230822093448610,6.32,6.31,6.331110176619007
20230822093449080,6.32,6.31,6.33110830810629
20230822093449230,6.32,6.31,6.33110830810629
20230822093449300,6.32,6.31,6.33110830810629
20230822093449980,6.32,6.31,6.331071069393229
20230822093450450,6.32,6.31,6.331071069393229
20230822093453110,6.32,6.31,6.331071069393229
20230822093453750,6.32,6.31,6.331071069393229
20230822093453790,6.32,6.31,6.331071069393229
20230822093454040,6.32,6.31,6.331071069393229
20230822093454130,6.32,6.31,6.331071069393229
20230822093454230,6.32,6.31,6.331071069393229
20230822093454240,6.32,6.31,6.331064008042896
20230822093454250,6.32,6.31,6.331064008042896
20230822093454830,6.32,6.31,6.331064008042896
20230822093454980,6.32,6.31,6.331064008042896
20230822093456420,6.32,6.31,6.331064008042896
20230822093456570,6.32,6.31,6.331064008042896
20230822093456600,6.32,6.31,6.331064008042896
20230822093456810,6.32,6.31,6.331064008042896
20230822093457280,6.32,6.31,6.331064008042896
20230822093457420,6.32,6.31,6.331064008042896
20230822093457880,6.32,6.31,6.331036269430052
20230822093458100,6.32,6.31,6.331036269430052
20230822093458110,6.32,6.31,6.331036269430052
20230822093458700,6.32,6.31,6.33103442513369
20230822093459090,6.32,6.31,6.33103442513369
20230822093459190,6.32,6.31,6.33103442513369
20230822093500120,6.32,6.31,6.33103442513369
20230822093500190,6.32,6.31,6.33103442513369
20230822093500530,6.32,6.31,6.330997668221186
20230822093500980,6.32,6.31,6.330997668221186
20230822093501080,6.32,6.31,6.33099417152373
20230822093501200,6.32,6.31,6.33099417152373
20230822093501370,6.32,6.31,6.33099417152373
20230822093501540,6.32,6.31,6.33099417152373
20230822093501630,6.32,6.31,6.33099417152373
20230822093501990,6.32,6.31,6.33099417152373
20230822093502240,6.32,6.31,6.330990675990676
20230822093502330,6.32,6.31,6.330987181621442
20230822093502950,6.32,6.31,6.330987181621442
20230822093504110,6.32,6.31,6.330987181621442
20230822093505360,6.32,6.31,6.330987181621442
20230822093505850,6.32,6.31,6.330987181621442
20230822093505940,6.32,6.31,6.330987181621442
20230822093505950,6.32,6.31,6.330987181621442
20230822093506360,6.32,6.31,6.330987181621442
20230822093506560,6.32,6.31,6.330987181621442
20230822093506880,6.32,6.31,6.330987181621442
20230822093507270,6.32,6.31,6.330987181621442
20230822093507280,6.32,6.31,6.330976218193913
20230822093508710,6.32,6.31,6.330963455149502
20230822093508800,6.32,6.31,6.330963455149502
20230822093508860,6.32,6.31,6.330963455149502
20230822093509170,6.32,6.31,6.330963455149502
20230822093509650,6.32,6.31,6.330963455149502
20230822093509930,6.32,6.31,6.330963455149502
20230822093510040,6.32,6.31,6.330942582144043
20230822093510510,6.32,6.31,6.330942582144043
20230822093510990,6.32,6.31,6.330942582144043
20230822093511150,6.32,6.31,6.330942582144043
20230822093511280,6.32,6.31,6.330942582144043
20230822093511560,6.32,6.31,6.330942582144043
20230822093512210,6.32,6.31,6.330862952554141
20230822093512260,6.32,6.31,6.330862952554141
20230822093513100,6.32,6.31,6.330862952554141
20230822093513170,6.32,6.31,6.330862952554141
20230822093513260,6.32,6.31,6.330862952554141
20230822093513290,6.32,6.31,6.330862952554141
20230822093514170,6.32,6.31,6.330862952554141
20230822093514220,6.32,6.31,6.330862952554141
20230822093515780,6.32,6.31,6.330862952554141
20230822093515910,6.32,6.31,6.330862952554141
20230822093515940,6.32,6.31,6.330862952554141
20230822093515950,6.32,6.31,6.330862952554141
20230822093515960,6.32,6.31,6.330862952554141
20230822093516000,6.32,6.31,6.330862952554141
20230822093517690,6.32,6.31,6.330862952554141
20230822093517850,6.32,6.31,6.330862952554141
20230822093518350,6.32,6.31,6.330862952554141
20230822093518570,6.32,6.31,6.330862952554141
20230822093518580,6.32,6.31,6.330862952554141
20230822093518830,6.32,6.31,6.330862952554141
20230822093519010,6.32,6.31,6.330862952554141
20230822093519310,6.32,6.31,6.330862952554141
20230822093519350,6.32,6.31,6.330862952554141
20230822093519930,6.32,6.31,6.330862952554141
20230822093520050,6.32,6.31,6.330862952554141
20230822093520060,6.32,6.31,6.330862952554141
20230822093520070,6.32,6.31,6.330862952554141
20230822093520480,6.32,6.31,6.330862952554141
20230822093520770,6.32,6.3,6.3287129300118625
20230822093520780,6.31,6.3,6.3285998526160645
20230822093520930,6.31,6.3,6.3285998526160645
20230822093520950,6.31,6.3,6.3285998526160645
20230822093521320,6.31,6.3,6.3285998526160645
20230822093521330,6.31,6.3,6.3285998526160645
20230822093521490,6.31,6.3,6.328577947887531
20230822093521590,6.31,6.3,6.328577947887531
20230822093521690,6.31,6.3,6.328577947887531
20230822093521800,6.31,6.3,6.3284800117147455
20230822093522080,6.31,6.3,6.3284800117147455
20230822093522100,6.31,6.3,6.328469193619201
20230822093522750,6.31,6.3,6.328404550094794
20230822093522790,6.31,6.3,6.328404550094794
20230822093522820,6.31,6.3,6.328404550094794
20230822093522830,6.31,6.3,6.328404550094794
20230822093522880,6.31,6.3,6.328404550094794
20230822093522970,6.31,6.3,6.328404550094794
20230822093523040,6.31,6.3,6.328404550094794
20230822093523080,6.31,6.3,6.328404550094794
20230822093523100,6.31,6.3,6.328404550094794
20230822093523140,6.31,6.3,6.328404550094794
20230822093523170,6.31,6.3,6.328404550094794
20230822093523280,6.31,6.3,6.328404550094794
20230822093523580,6.31,6.3,6.328385780885781
20230822093523670,6.31,6.3,6.328385780885781
20230822093524060,6.31,6.3,6.328385780885781
20230822093524400,6.31,6.3,6.328385780885781
20230822093524680,6.31,6.3,6.328385780885781
20230822093524870,6.31,6.3,6.328385780885781
20230822093525020,6.31,6.3,6.328385780885781
20230822093525390,6.31,6.3,6.328385780885781
20230822093525470,6.31,6.3,6.328385780885781
20230822093526280,6.31,6.3,6.328385780885781
20230822093526510,6.31,6.3,6.328385780885781
20230822093527330,6.31,6.3,6.328326068003487
20230822093527670,6.31,6.3,6.328326068003487
20230822093527780,6.31,6.3,6.328326068003487
20230822093528120,6.31,6.3,6.328326068003487
20230822093528190,6.31,6.3,6.328326068003487
20230822093528260,6.31,6.3,6.328326068003487
20230822093528450,6.31,6.3,6.328326068003487
20230822093528550,6.31,6.3,6.328326068003487
20230822093528970,6.31,6.3,6.328326068003487
20230822093529670,6.31,6.3,6.328326068003487
20230822093529680,6.31,6.3,6.328326068003487
20230822093529690,6.31,6.3,6.328326068003487
20230822093530710,6.31,6.3,6.328326068003487
20230822093530720,6.31,6.3,6.328326068003487
20230822093531080,6.31,6.3,6.328326068003487
20230822093531960,6.31,6.3,6.327475687103594
20230822093531970,6.31,6.3,6.327475687103594
20230822093532000,6.31,6.3,6.327475687103594
20230822093532070,6.31,6.3,6.327475687103594
20230822093532840,6.31,6.3,6.32677330770287
20230822093534700,6.31,6.3,6.32677330770287
20230822093534850,6.31,6.3,6.32677330770287
20230822093535190,6.31,6.3,6.32677330770287
20230822093535340,6.31,6.3,6.32677330770287
20230822093535450,6.31,6.3,6.32677330770287
20230822093535840,6.31,6.3,6.32677330770287
20230822093535890,6.31,6.3,6.32677330770287
20230822093535900,6.31,6.3,6.32677330770287
20230822093535930,6.31,6.3,6.32677330770287
20230822093536060,6.31,6.3,6.32677330770287
20230822093536960,6.31,6.3,6.32677330770287
20230822093537120,6.31,6.3,6.32677330770287
20230822093537210,6.31,6.3,6.32677330770287
20230822093538050,6.31,6.3,6.32677330770287
20230822093538230,6.31,6.3,6.32677330770287
20230822093538720,6.31,6.3,6.32677330770287
20230822093538990,6.31,6.3,6.32677330770287
20230822093539020,6.31,6.3,6.32677330770287
20230822093539210,6.31,6.3,6.32677330770287
20230822093539670,6.31,6.3,6.32677330770287
20230822093539870,6.31,6.3,6.32677330770287
20230822093540240,6.31,6.3,6.32677330770287
20230822093540740,6.31,6.3,6.32677330770287
20230822093540780,6.31,6.3,6.32677330770287
20230822093541320,6.31,6.3,6.32677330770287
20230822093541350,6.31,6.3,6.32677330770287
20230822093542500,6.31,6.3,6.32677330770287
20230822093542890,6.31,6.3,6.32677330770287
20230822093543930,6.31,6.3,6.32677330770287
20230822093544580,6.31,6.3,6.32677330770287
20230822093544640,6.31,6.3,6.32677330770287
20230822093544660,6.31,6.3,6.32677330770287
20230822093544680,6.31,6.3,6.32677330770287
20230822093544710,6.31,6.3,6.32677330770287
20230822093544740,6.31,6.3,6.32677330770287
20230822093544750,6.31,6.3,6.32677330770287
20230822093545010,6.31,6.3,6.32677330770287
20230822093545750,6.31,6.3,6.32677330770287
20230822093545970,6.31,6.3,6.326660743575724
20230822093546030,6.31,6.3,6.326660743575724
20230822093547080,6.31,6.3,6.326660743575724
20230822093547580,6.31,6.3,6.326660743575724
20230822093548220,6.31,6.3,6.326649364840868
20230822093549240,6.31,6.3,6.326626653935343
20230822093549550,6.31,6.3,6.326626653935343
20230822093549820,6.31,6.3,6.326626653935343
20230822093549990,6.31,6.3,6.326626653935343
20230822093550400,6.31,6.3,6.326626653935343
20230822093550740,6.31,6.3,6.326626653935343
20230822093550880,6.31,6.3,6.326626653935343
20230822093550980,6.31,6.3,6.326626653935343
20230822093551320,6.31,6.3,6.326568667483326
20230822093551410,6.31,6.3,6.326568667483326
20230822093551430,6.31,6.3,6.326568667483326
20230822093551890,6.31,6.3,6.326568667483326
20230822093552030,6.31,6.3,6.326568667483326
20230822093552060,6.31,6.3,6.326568667483326
20230822093552090,6.31,6.3,6.326568667483326
20230822093553820,6.31,6.3,6.326568667483326
20230822093553830,6.31,6.3,6.326568667483326
20230822093553860,6.31,6.3,6.326568667483326
20230822093553870,6.31,6.3,6.326568667483326
20230822093553880,6.31,6.3,6.326568667483326
20230822093553910,6.31,6.3,6.326176746680971
20230822093554050,6.31,6.3,6.326173236792706
20230822093554060,6.31,6.3,6.326173236792706
20230822093554120,6.31,6.3,6.3261697278455555
20230822093554530,6.31,6.3,6.3261697278455555
20230822093554700,6.31,6.3,6.3261697278455555
20230822093554730,6.31,6.3,6.3261697278455555
20230822093555030,6.31,6.3,6.326159206647011
20230822093555050,6.31,6.3,6.326159206647011
20230822093555070,6.31,6.3,6.326159206647011
20230822093555080,6.31,6.3,6.326152197213291
20230822093555830,6.31,6.3,6.326152197213291
20230822093555870,6.31,6.3,6.32614869390489
20230822093555890,6.31,6.3,6.326145191534959
20230822093555900,6.31,6.3,6.32614169010312
20230822093555910,6.31,6.3,6.326120701190954
20230822093555920,6.31,6.3,6.326117206315226
20230822093555930,6.31,6.3,6.326113712374582
20230822093555940,6.31,6.3,6.326110219368647
20230822093555980,6.31,6.3,6.326106727297044
20230822093556000,6.31,6.3,6.326103236159401
20230822093556070,6.31,6.3,6.326099745955341
20230822093556120,6.31,6.3,6.326050980915521
20230822093556130,6.31,6.3,6.326050980915521
20230822093556170,6.31,6.3,6.326016260162602
20230822093556640,6.31,6.3,6.326016260162602
20230822093556660,6.31,6.3,6.326016260162602
20230822093556700,6.31,6.3,6.325953995479325
20230822093556740,6.31,6.3,6.325926417850976
20230822093556750,6.31,6.3,6.32586115527292
20230822093556760,6.31,6.3,6.325728219322525
20230822093556950,6.31,6.3,6.325724828676858
20230822093556960,6.31,6.3,6.325721438924759
20230822093557110,6.31,6.3,6.325718050065876
20230822093557780,6.31,6.3,6.325718050065876
20230822093557820,6.31,6.3,6.325626887225942
20230822093557840,6.31,6.3,6.325626887225942
20230822093557960,6.31,6.3,6.325623523234444
20230822093558090,6.31,6.3,6.325546394450988
20230822093558130,6.31,6.3,6.325546394450988
20230822093558140,6.31,6.3,6.3254863559211385
20230822093558230,6.31,6.3,6.3254863559211385
20230822093558240,6.31,6.3,6.325466405740379
20230822093558960,6.31,6.3,6.325466405740379
20230822093559690,6.31,6.3,6.325466405740379
20230822093559700,6.31,6.3,6.325466405740379
20230822093559750,6.31,6.3,6.3254630837464125
20230822093559990,6.31,6.3,6.325420840379862
20230822093600320,6.31,6.3,6.325420840379862
20230822093600630,6.31,6.3,6.325345006485084
20230822093600670,6.31,6.3,6.325335061568373
20230822093601110,6.31,6.3,6.325335061568373
20230822093601400,6.31,6.3,6.325335061568373
20230822093601530,6.31,6.3,6.32533177812338
20230822093601700,6.31,6.3,6.32533177812338
20230822093601890,6.31,6.3,6.32533177812338
20230822093601940,6.31,6.3,6.32533177812338
20230822093601970,6.31,6.3,6.32533177812338
20230822093603250,6.31,6.3,6.32533177812338
20230822093603370,6.31,6.3,6.32533177812338
20230822093603510,6.31,6.3,6.325246706277448
20230822093603580,6.31,6.3,6.325246706277448
20230822093603770,6.31,6.3,6.325246706277448
20230822093603850,6.31,6.3,6.325246706277448
20230822093603940,6.31,6.3,6.324893020886399
20230822093603950,6.31,6.3,6.324889851012352
20230822093604050,6.31,6.3,6.324886681945506
20230822093604080,6.31,6.3,6.324883513685551
20230822093604090,6.31,6.3,6.3248518753973295
20230822093604130,6.31,6.3,6.3248203174603175
20230822093604140,6.31,6.3,6.3248203174603175
20230822093604170,6.31,6.3,6.3248203174603175
20230822093604200,6.3,6.3,6.3248203174603175
20230822093604250,6.3,6.3,6.3248203174603175
20230822093604430,6.3,6.3,6.3248203174603175
20230822093604440,6.3,6.3,6.324807716715319
20230822093604590,6.3,6.3,6.3247982745496065
20230822093604930,6.31,6.29,6.323770212765957
20230822093604940,6.3,6.29,6.322998470768145
20230822093604950,6.3,6.29,6.322998470768145
20230822093605050,6.3,6.29,6.322998470768145
20230822093605060,6.3,6.29,6.322998470768145
20230822093605080,6.3,6.29,6.322998470768145
20230822093605410,6.3,6.29,6.322998470768145
20230822093605710,6.3,6.29,6.322998470768145
20230822093605880,6.3,6.29,6.322998470768145
20230822093605910,6.3,6.29,6.322959699212784
20230822093606010,6.3,6.29,6.322959699212784
20230822093606050,6.3,6.29,6.322959699212784
20230822093606550,6.3,6.29,6.322959699212784
20230822093606700,6.3,6.29,6.322959699212784
20230822093606710,6.3,6.29,6.322959699212784
20230822093606960,6.3,6.29,6.3228554696650265
20230822093607000,6.3,6.29,6.3228554696650265
20230822093607020,6.3,6.29,6.3228554696650265
20230822093607070,6.3,6.29,6.3228554696650265
20230822093607100,6.3,6.29,6.322850117096019
20230822093607110,6.3,6.29,6.322850117096019
20230822093607280,6.3,6.29,6.322850117096019
20230822093607440,6.3,6.29,6.322850117096019
20230822093607480,6.3,6.29,6.322850117096019
20230822093607540,6.3,6.29,6.322850117096019
20230822093607570,6.3,6.29,6.322850117096019
20230822093607890,6.3,6.29,6.322850117096019
20230822093608290,6.3,6.29,6.322850117096019
20230822093608330,6.3,6.29,6.322850117096019
20230822093608420,6.3,6.29,6.322844767033482
20230822093608840,6.3,6.29,6.322844767033482
20230822093608890,6.3,6.29,6.322844767033482
20230822093609060,6.3,6.29,6.322844767033482
20230822093609240,6.3,6.29,6.322844767033482
20230822093609470,6.3,6.29,6.322844767033482
20230822093609780,6.3,6.29,6.322844767033482
20230822093609790,6.3,6.29,6.322844767033482
20230822093610060,6.3,6.29,6.322844767033482
20230822093610090,6.3,6.29,6.322844767033482
20230822093610280,6.3,6.29,6.322844767033482
20230822093610290,6.3,6.29,6.322844767033482
20230822093610310,6.3,6.29,6.322844767033482
20230822093610320,6.3,6.29,6.322844767033482
20230822093610340,6.3,6.29,6.322844767033482
20230822093610450,6.3,6.29,6.322844767033482
20230822093610460,6.3,6.29,6.322844767033482
20230822093610480,6.3,6.29,6.322844767033482
20230822093610490,6.3,6.29,6.322844767033482
20230822093610810,6.3,6.29,6.322844767033482
20230822093610920,6.3,6.29,6.322844767033482
20230822093611410,6.3,6.29,6.322844767033482
20230822093611780,6.3,6.29,6.322844767033482
20230822093612150,6.3,6.29,6.322844767033482
20230822093613020,6.3,6.29,6.322844767033482
20230822093613040,6.3,6.29,6.322844767033482
20230822093613190,6.3,6.29,6.3227298180121325
20230822093613240,6.3,6.29,6.3227298180121325
20230822093613730,6.3,6.29,6.3227298180121325
20230822093613940,6.3,6.29,6.3227298180121325
20230822093614110,6.3,6.29,6.3227298180121325
20230822093614240,6.3,6.29,6.3227298180121325
20230822093615470,6.3,6.29,6.3227298180121325
20230822093615550,6.3,6.29,6.3227298180121325
20230822093615780,6.3,6.29,6.3227298180121325
20230822093616000,6.3,6.29,6.3227298180121325
20230822093616060,6.3,6.29,6.3227298180121325
20230822093616120,6.3,6.29,6.322532467532468
20230822093616130,6.3,6.29,6.322532467532468
20230822093616210,6.3,6.29,6.322410333294891
20230822093616250,6.3,6.29,6.32240659594096
20230822093616400,6.3,6.29,6.32240659594096
20230822093616690,6.3,6.29,6.32240659594096
20230822093617380,6.3,6.29,6.32240659594096
20230822093617850,6.3,6.29,6.32240659594096
20230822093618180,6.3,6.29,6.32240659594096
20230822093618260,6.3,6.29,6.322380787836904
20230822093618580,6.3,6.29,6.322380787836904
20230822093619040,6.3,6.29,6.322380787836904
20230822093619160,6.3,6.29,6.322369602763385
20230822093619210,6.3,6.29,6.322267048710602
20230822093619220,6.3,6.29,6.322267048710602
20230822093619430,6.3,6.29,6.322267048710602
20230822093619590,6.3,6.29,6.3222301087578705
20230822093619890,6.3,6.29,6.3222301087578705
20230822093620910,6.3,6.29,6.3222301087578705
20230822093621060,6.3,6.29,6.3222301087578705
20230822093621430,6.3,6.29,6.3222301087578705
20230822093621460,6.3,6.29,6.3222301087578705
20230822093621520,6.3,6.29,6.3222301087578705
20230822093621650,6.3,6.29,6.3222301087578705
20230822093621700,6.3,6.29,6.3222301087578705
20230822093621910,6.3,6.29,6.3222301087578705
20230822093622090,6.3,6.29,6.3222301087578705
20230822093622230,6.3,6.29,6.3222301087578705
20230822093622240,6.3,6.29,6.3222301087578705
20230822093622670,6.3,6.29,6.3222301087578705
20230822093623010,6.3,6.29,6.3222301087578705
20230822093623680,6.3,6.29,6.322217391304348
20230822093623870,6.3,6.29,6.322217391304348
20230822093624090,6.3,6.29,6.322217391304348
20230822093624150,6.3,6.29,6.322217391304348
20230822093624660,6.3,6.29,6.322217391304348
20230822093624940,6.3,6.29,6.322217391304348
20230822093624950,6.3,6.29,6.321874507153318
20230822093624960,6.3,6.29,6.321705790297339
20230822093624970,6.3,6.29,6.321654957064793
20230822093624980,6.3,6.29,6.321654957064793
20230822093624990,6.3,6.29,6.321654957064793
20230822093625000,6.3,6.29,6.321654957064793
20230822093625010,6.3,6.29,6.321654957064793
20230822093625020,6.3,6.29,6.321654957064793
20230822093625030,6.31,6.29,6.321411401477561
20230822093625050,6.31,6.29,6.321354888375674
20230822093625070,6.31,6.29,6.321354888375674
20230822093625090,6.31,6.3,6.3213525401363535
20230822093625100,6.31,6.3,6.3213525401363535
20230822093625150,6.31,6.3,6.3213525401363535
20230822093625160,6.31,6.3,6.3213525401363535
20230822093625180,6.31,6.3,6.321350192413414
20230822093625280,6.31,6.3,6.321350192413414
20230822093625820,6.31,6.3,6.321350192413414
20230822093625970,6.31,6.3,6.321350192413414
20230822093626040,6.31,6.3,6.321326743547502
20230822093626050,6.31,6.3,6.321303346132749
20230822093626150,6.31,6.3,6.321303346132749
20230822093626990,6.31,6.3,6.321291666666666
20230822093627780,6.31,6.3,6.321286998465249
20230822093627790,6.31,6.3,6.321286998465249
20230822093628080,6.31,6.3,6.321235783027122
20230822093628090,6.31,6.3,6.321224177505738
20230822093628130,6.31,6.3,6.321224177505738
20230822093628140,6.31,6.3,6.321224177505738
20230822093628210,6.31,6.3,6.321224177505738
20230822093628770,6.31,6.3,6.321224177505738
20230822093628810,6.31,6.3,6.321224177505738
20230822093628840,6.31,6.3,6.321224177505738
20230822093628850,6.31,6.3,6.321224177505738
20230822093629120,6.31,6.3,6.321219538848213
20230822093629130,6.31,6.3,6.321219538848213
20230822093629560,6.31,6.3,6.321218312937063
20230822093629600,6.31,6.3,6.321218312937063
20230822093629820,6.31,6.3,6.321218312937063
20230822093629990,6.31,6.3,6.321218312937063
20230822093630950,6.31,6.3,6.321218312937063
20230822093631080,6.31,6.3,6.321209043250327
20230822093631260,6.31,6.3,6.321209043250327
20230822093631780,6.31,6.3,6.321198036006547
20230822093633140,6.31,6.3,6.321154222367134
20230822093633150,6.31,6.3,6.321154222367134
20230822093633160,6.31,6.3,6.321154222367134
20230822093633350,6.31,6.29,6.320897752929793
20230822093633370,6.31,6.29,6.320897752929793
20230822093634040,6.31,6.29,6.320897752929793
20230822093634070,6.31,6.29,6.320897752929793
20230822093634160,6.31,6.3,6.320897752929793
20230822093634430,6.31,6.3,6.320880206097037
20230822093634660,6.31,6.3,6.320880206097037
20230822093635060,6.31,6.3,6.320880206097037
20230822093635100,6.31,6.3,6.320880206097037
20230822093635220,6.31,6.3,6.320880206097037
20230822093635870,6.31,6.3,6.320880206097037
20230822093636460,6.31,6.3,6.320880206097037
20230822093636510,6.31,6.3,6.320880206097037
20230822093637400,6.31,6.3,6.320880206097037
20230822093637570,6.31,6.3,6.320880206097037
20230822093637670,6.31,6.3,6.320880206097037
20230822093637780,6.31,6.3,6.320880206097037
20230822093638070,6.31,6.3,6.320880206097037
20230822093639200,6.31,6.3,6.320880206097037
20230822093639350,6.31,6.3,6.320880206097037
20230822093639700,6.31,6.3,6.320880206097037
20230822093639730,6.31,6.3,6.320880206097037
20230822093640000,6.31,6.3,6.320880206097037
20230822093641290,6.31,6.3,6.320880206097037
20230822093641330,6.31,6.3,6.320880206097037
20230822093641720,6.31,6.3,6.320880206097037
20230822093642120,6.31,6.3,6.320880206097037
20230822093642540,6.31,6.3,6.320880206097037
20230822093642600,6.31,6.3,6.320880206097037
20230822093642660,6.31,6.3,6.320880206097037
20230822093642850,6.31,6.3,6.320880206097037
20230822093642860,6.31,6.3,6.320857816856101
20230822093642990,6.31,6.3,6.320857816856101
20230822093643200,6.31,6.3,6.320857816856101
20230822093643260,6.31,6.3,6.320856652728637
20230822093643320,6.31,6.3,6.320832083958021
20230822093643360,6.31,6.3,6.320832083958021
20230822093643370,6.31,6.3,6.320832083958021
20230822093644500,6.31,6.3,6.320832083958021
20230822093644560,6.31,6.3,6.320832083958021
20230822093646100,6.31,6.3,6.320829853303351
20230822093646590,6.31,6.3,6.320829853303351
20230822093646790,6.31,6.3,6.32075429424944
20230822093647530,6.31,6.3,6.32075429424944
20230822093647550,6.31,6.3,6.32075429424944
20230822093647930,6.31,6.3,6.32075429424944
20230822093648170,6.31,6.3,6.32075429424944
20230822093648350,6.31,6.3,6.320712008501594
20230822093649100,6.31,6.3,6.320712008501594
20230822093649500,6.31,6.3,6.320712008501594
20230822093650240,6.31,6.3,6.320712008501594
20230822093651060,6.31,6.3,6.320712008501594
20230822093651100,6.31,6.3,6.320700636942675
20230822093651430,6.31,6.3,6.320700636942675
20230822093652060,6.31,6.3,6.320700636942675
20230822093652870,6.31,6.3,6.320700636942675
20230822093653050,6.31,6.3,6.320661025912216
20230822093653060,6.31,6.3,6.320661025912216
20230822093653100,6.31,6.3,6.320661025912216
20230822093653270,6.31,6.3,6.320661025912216
20230822093654430,6.31,6.3,6.320661025912216
20230822093654840,6.31,6.3,6.320661025912216
20230822093654900,6.31,6.3,6.320661025912216
20230822093654920,6.31,6.3,6.320661025912216
20230822093654930,6.31,6.3,6.320661025912216
20230822093654960,6.31,6.3,6.320661025912216
20230822093654990,6.31,6.3,6.320661025912216
20230822093655080,6.31,6.3,6.320661025912216
20230822093655110,6.31,6.3,6.320661025912216
20230822093655400,6.31,6.3,6.320661025912216
20230822093656640,6.31,6.3,6.320661025912216
20230822093656700,6.31,6.3,6.320661025912216
20230822093656770,6.31,6.3,6.320661025912216
20230822093658150,6.31,6.3,6.320661025912216
20230822093658780,6.31,6.3,6.320535057290024
20230822093658790,6.31,6.3,6.320535057290024
20230822093658820,6.31,6.3,6.320535057290024
20230822093658840,6.31,6.3,6.320535057290024
20230822093700110,6.31,6.3,6.320535057290024
20230822093701440,6.31,6.3,6.320471215129036
20230822093701450,6.31,6.3,6.320471215129036
20230822093702330,6.31,6.3,6.320471215129036
20230822093702780,6.31,6.3,6.320471215129036
20230822093703060,6.31,6.3,6.320471215129036
20230822093703200,6.31,6.3,6.320471215129036
20230822093703900,6.31,6.3,6.320471215129036
20230822093704220,6.31,6.3,6.320471215129036
20230822093704230,6.31,6.3,6.320471215129036
20230822093704710,6.31,6.3,6.320471215129036
20230822093705080,6.31,6.3,6.320471215129036
20230822093705440,6.31,6.3,6.320471215129036
20230822093706010,6.31,6.3,6.320471215129036
20230822093706340,6.31,6.3,6.320471215129036
20230822093706360,6.31,6.3,6.320155333813394
20230822093706440,6.31,6.3,6.320151187904967
20230822093706490,6.31,6.3,6.320150143973674
20230822093706500,6.31,6.3,6.3200881689563255
20230822093706580,6.31,6.3,6.3200881689563255
20230822093706690,6.31,6.3,6.32008610968734
20230822093706880,6.31,6.3,6.32008610968734
20230822093706970,6.31,6.3,6.32008610968734
20230822093707030,6.31,6.3,6.32008610968734
20230822093707070,6.31,6.3,6.32008610968734
20230822093707080,6.31,6.3,6.3200737629341255
20230822093707120,6.31,6.3,6.3200737629341255
20230822093707150,6.31,6.3,6.3200717066174965
20230822093707340,6.31,6.3,6.319932858596134
20230822093707390,6.31,6.3,6.319932858596134
20230822093707430,6.31,6.3,6.319932858596134
20230822093707440,6.31,6.3,6.319932858596134
20230822093707460,6.31,6.3,6.319932858596134
20230822093707720,6.31,6.3,6.319930831044655
20230822093707740,6.31,6.3,6.319930831044655
20230822093707950,6.31,6.3,6.319930831044655
20230822093707960,6.31,6.3,6.319930831044655
20230822093708010,6.31,6.3,6.319930831044655
20230822093708130,6.31,6.3,6.319930831044655
20230822093709240,6.31,6.3,6.319930831044655
20230822093709810,6.31,6.3,6.319930831044655
20230822093710090,6.31,6.3,6.319926777178887
20230822093710380,6.31,6.3,6.319926777178887
20230822093710440,6.31,6.3,6.319724179585263
20230822093710590,6.31,6.3,6.319724179585263
20230822093710750,6.31,6.3,6.319724179585263
20230822093711070,6.31,6.3,6.319724179585263
20230822093711630,6.31,6.3,6.319724179585263
20230822093712030,6.31,6.3,6.319724179585263
20230822093712390,6.31,6.3,6.319724179585263
20230822093713110,6.31,6.3,6.31970236299648
20230822093713180,6.31,6.3,6.31970236299648
20230822093713680,6.31,6.3,6.31970236299648
20230822093714150,6.31,6.3,6.31970236299648
20230822093714690,6.31,6.3,6.319673182957393
20230822093715210,6.31,6.3,6.319647577092511
20230822093715850,6.31,6.3,6.319647577092511
20230822093716270,6.31,6.3,6.319647577092511
20230822093716780,6.31,6.3,6.319647577092511
20230822093717390,6.31,6.3,6.319645610171189
20230822093718550,6.31,6.3,6.319645610171189
20230822093718800,6.31,6.3,6.319645610171189
20230822093720030,6.31,6.3,6.319645610171189
20230822093720130,6.31,6.3,6.319645610171189
20230822093720280,6.31,6.3,6.319645610171189
20230822093720290,6.31,6.3,6.319645610171189
20230822093721510,6.31,6.3,6.319645610171189
20230822093721520,6.31,6.3,6.319643643643643
20230822093721540,6.31,6.3,6.319643643643643
20230822093721720,6.3,6.3,6.319641677509758
20230822093722010,6.3,6.3,6.319610272809034
20230822093722080,6.3,6.3,6.319594608087868
20230822093722090,6.3,6.3,6.319594608087868
20230822093722110,6.3,6.3,6.319590695817111
20230822093722120,6.3,6.3,6.319590695817111
20230822093722130,6.3,6.3,6.319588740267519
20230822093722160,6.3,6.3,6.319580921971663
20230822093722170,6.3,6.3,6.319580921971663
20230822093722180,6.31,6.3,6.3195672549606146
20230822093722230,6.31,6.3,6.3195672549606146
20230822093723010,6.31,6.3,6.3195594538024515
20230822093723020,6.31,6.3,6.31955165886221
20230822093723420,6.31,6.3,6.31955165886221
20230822093724530,6.31,6.3,6.31955165886221
20230822093725080,6.31,6.3,6.319524425430306
20230822093725230,6.31,6.3,6.319524425430306
20230822093725430,6.31,6.3,6.319524425430306
20230822093726750,6.31,6.3,6.319524425430306
20230822093727060,6.3,6.3,6.319518599562363
20230822093727220,6.3,6.29,6.318555758683729
20230822093727400,6.3,6.29,6.318555758683729
20230822093727490,6.3,6.29,6.318555758683729
20230822093727930,6.3,6.29,6.318555758683729
20230822093727980,6.3,6.29,6.318555758683729
20230822093727990,6.3,6.29,6.318555758683729
20230822093728060,6.3,6.29,6.318555758683729
20230822093728070,6.3,6.29,6.318555758683729
20230822093728140,6.3,6.29,6.318555758683729
20230822093728150,6.3,6.29,6.318553011352703
20230822093728170,6.3,6.29,6.318553011352703
20230822093728200,6.3,6.29,6.318553011352703
20230822093728210,6.3,6.29,6.318553011352703
20230822093728370,6.3,6.29,6.318553011352703
20230822093728390,6.3,6.29,6.318553011352703
20230822093728650,6.3,6.29,6.318553011352703
20230822093728670,6.3,6.29,6.318553011352703
20230822093728850,6.3,6.29,6.318553011352703
20230822093728920,6.3,6.29,6.318553011352703
20230822093729090,6.3,6.29,6.318551226551227
20230822093729410,6.3,6.29,6.318441235536005
20230822093729600,6.3,6.29,6.318441235536005
20230822093729670,6.3,6.29,6.318441235536005
20230822093729680,6.3,6.29,6.318441235536005
20230822093729690,6.3,6.29,6.318441235536005
20230822093729800,6.3,6.29,6.318441235536005
20230822093729820,6.3,6.29,6.318441235536005
20230822093729960,6.3,6.29,6.318441235536005
20230822093730330,6.3,6.29,6.318441235536005
20230822093730370,6.3,6.29,6.318441235536005
20230822093730600,6.3,6.29,6.318441235536005
20230822093730830,6.3,6.29,6.318423617082258
20230822093731320,6.3,6.29,6.3184060322611435
20230822093731830,6.3,6.29,6.3184060322611435
20230822093732050,6.3,6.29,6.3184060322611435
20230822093732300,6.3,6.29,6.318268283440697
20230822093732590,6.3,6.29,6.318268283440697
20230822093732680,6.3,6.29,6.318268283440697
20230822093732700,6.3,6.29,6.318268283440697
20230822093733410,6.3,6.29,6.318268283440697
20230822093733530,6.3,6.29,6.318268283440697
20230822093733850,6.3,6.29,6.318268283440697
20230822093733980,6.3,6.29,6.318232012858088
20230822093735470,6.3,6.29,6.318232012858088
20230822093738260,6.3,6.29,6.318232012858088
20230822093738290,6.3,6.29,6.318226843100189
20230822093738850,6.3,6.29,6.318226843100189
20230822093738890,6.3,6.29,6.318226843100189
20230822093739020,6.3,6.29,6.318226843100189
20230822093739160,6.3,6.29,6.318226843100189
20230822093739920,6.3,6.29,6.318226843100189
20230822093740010,6.3,6.29,6.318226843100189
20230822093741180,6.3,6.29,6.318226843100189
20230822093741600,6.3,6.29,6.318224175408751
20230822093742520,6.3,6.29,6.318224175408751
20230822093743460,6.3,6.29,6.318224175408751
20230822093743980,6.3,6.29,6.318224175408751
20230822093744400,6.3,6.29,6.318224175408751
20230822093745350,6.3,6.29,6.318224175408751
20230822093745850,6.3,6.29,6.318224175408751
20230822093746000,6.3,6.29,6.318224175408751
20230822093746160,6.3,6.29,6.318224175408751
20230822093746920,6.3,6.29,6.318224175408751
20230822093747460,6.3,6.29,6.318224175408751
20230822093747970,6.3,6.29,6.318222453222453
20230822093748070,6.3,6.29,6.318094210378155
20230822093748140,6.3,6.29,6.318094210378155
20230822093748270,6.3,6.29,6.318082333083271
20230822093748550,6.3,6.29,6.318082333083271
20230822093748630,6.3,6.29,6.318082333083271
20230822093748860,6.3,6.29,6.318082333083271
20230822093749080,6.3,6.29,6.318082333083271
20230822093749350,6.3,6.29,6.318082333083271
20230822093749370,6.3,6.29,6.318082333083271
20230822093749450,6.3,6.29,6.318082333083271
20230822093750200,6.3,6.29,6.318082333083271
20230822093750780,6.3,6.29,6.318082333083271
20230822093751950,6.3,6.29,6.318082333083271
20230822093752040,6.3,6.29,6.318082333083271
20230822093752130,6.3,6.29,6.318082333083271
20230822093752780,6.3,6.29,6.318082333083271
20230822093752890,6.3,6.29,6.318082333083271
20230822093755540,6.3,6.29,6.318082333083271
20230822093755830,6.3,6.29,6.318082333083271
20230822093756010,6.3,6.29,6.318082333083271
20230822093757110,6.3,6.29,6.3180612818590705
20230822093757960,6.3,6.29,6.3180612818590705
20230822093757970,6.3,6.29,6.3180612818590705
20230822093759030,6.3,6.29,6.3180612818590705
20230822093759180,6.3,6.29,6.3180612818590705
20230822093759310,6.3,6.29,6.317997198879552
20230822093759520,6.3,6.29,6.3179502237136465
20230822093759960,6.3,6.29,6.3179502237136465
20230822093800460,6.3,6.29,6.317948550657097
20230822093800620,6.3,6.29,6.317935531954537
20230822093800950,6.3,6.29,6.317935531954537
20230822093801110,6.3,6.29,6.317935531954537
20230822093801510,6.3,6.29,6.317923843217578
20230822093801530,6.3,6.29,6.317923843217578
20230822093801540,6.3,6.29,6.317923843217578
20230822093801760,6.3,6.29,6.317923843217578
20230822093801820,6.3,6.29,6.317923843217578
20230822093802960,6.3,6.29,6.317885544407283
20230822093805330,6.3,6.29,6.317885544407283
20230822093805510,6.3,6.29,6.317885544407283
20230822093805680,6.3,6.29,6.317885544407283
20230822093805720,6.3,6.29,6.317885544407283
20230822093805770,6.3,6.29,6.317885544407283
20230822093806510,6.3,6.29,6.317885544407283
20230822093806530,6.3,6.29,6.317885544407283
20230822093807670,6.3,6.29,6.317885544407283
20230822093807680,6.3,6.29,6.317885544407283
20230822093808200,6.3,6.29,6.317885544407283
20230822093808640,6.3,6.29,6.317804494589845
20230822093808650,6.3,6.29,6.317636496885306
20230822093808670,6.3,6.29,6.317636496885306
20230822093810090,6.3,6.29,6.317636496885306
20230822093811560,6.3,6.29,6.317636496885306
20230822093812230,6.3,6.29,6.317636496885306
20230822093812330,6.3,6.29,6.317636496885306
20230822093812580,6.3,6.29,6.317636496885306
20230822093812780,6.3,6.29,6.317636496885306
20230822093813800,6.3,6.29,6.317636496885306
20230822093814320,6.3,6.29,6.317636496885306
20230822093814670,6.3,6.29,6.317636496885306
20230822093815890,6.3,6.29,6.317636496885306
20230822093816100,6.3,6.29,6.317636496885306
20230822093816280,6.3,6.29,6.317636496885306
20230822093816800,6.3,6.29,6.317636496885306
20230822093817850,6.3,6.29,6.317636496885306
20230822093817880,6.3,6.29,6.317636496885306
20230822093820840,6.3,6.29,6.317636496885306
20230822093821110,6.3,6.29,6.317636496885306
20230822093821600,6.3,6.29,6.317636496885306
20230822093821770,6.3,6.29,6.317636496885306
20230822093821850,6.3,6.29,6.317636496885306
20230822093822080,6.3,6.29,6.317636496885306
20230822093822180,6.3,6.29,6.317636496885306
20230822093822270,6.3,6.29,6.317636496885306
20230822093823140,6.3,6.29,6.317636496885306
20230822093825000,6.3,6.29,6.317636496885306
20230822093825090,6.3,6.29,6.317636496885306
20230822093826230,6.3,6.29,6.31762842230565
20230822093827780,6.3,6.29,6.31762842230565
20230822093827810,6.3,6.29,6.31762842230565
20230822093828050,6.3,6.29,6.31762842230565
20230822093828090,6.3,6.29,6.31762842230565
20230822093829060,6.3,6.29,6.31762842230565
20230822093830040,6.3,6.29,6.317468469285909
20230822093830050,6.3,6.29,6.317463715529753
20230822093830060,6.3,6.29,6.317463715529753
20230822093831060,6.3,6.29,6.317463715529753
20230822093831170,6.3,6.29,6.317463715529753
20230822093831210,6.3,6.29,6.317452633487444
20230822093832060,6.3,6.29,6.317452633487444
20230822093832560,6.3,6.29,6.317452633487444
20230822093832910,6.3,6.29,6.317452633487444
20230822093833080,6.3,6.29,6.317452633487444
20230822093834550,6.3,6.29,6.317452633487444
20230822093834570,6.3,6.29,6.317452633487444
20230822093834900,6.3,6.29,6.317452633487444
20230822093835610,6.3,6.29,6.317452633487444
20230822093835780,6.3,6.29,6.317452633487444
20230822093837200,6.3,6.29,6.317452633487444
20230822093838890,6.3,6.29,6.317452633487444
20230822093839100,6.3,6.29,6.317452633487444
20230822093839930,6.3,6.29,6.317452633487444
20230822093840040,6.3,6.29,6.317452633487444
20230822093840710,6.3,6.29,6.317437709522515
20230822093840720,6.3,6.29,6.317436129733648
20230822093840740,6.3,6.29,6.317431392084051
20230822093840840,6.3,6.29,6.317431392084051
20230822093841060,6.3,6.29,6.317431392084051
20230822093841120,6.3,6.29,6.317428235081047
20230822093841370,6.3,6.29,6.317428235081047
20230822093841690,6.3,6.29,6.317428235081047
20230822093842700,6.3,6.29,6.317428235081047
20230822093842900,6.3,6.29,6.317408379332187
20230822093842970,6.3,6.29,6.317392640810053
20230822093842980,6.3,6.29,6.317391068522871
20230822093843450,6.3,6.29,6.317391068522871
20230822093843460,6.3,6.29,6.317381640766173
20230822093843660,6.3,6.29,6.317381640766173
20230822093848010,6.3,6.29,6.317381640766173
20230822093848270,6.3,6.29,6.317381640766173
20230822093848430,6.3,6.29,6.317381640766173
20230822093849010,6.3,6.29,6.317342114760015
20230822093849020,6.3,6.29,6.317340550293189
20230822093849160,6.3,6.29,6.317340550293189
20230822093849180,6.3,6.29,6.317340550293189
20230822093849600,6.3,6.29,6.317340550293189
20230822093849910,6.3,6.29,6.317340550293189
20230822093849940,6.3,6.29,6.317324921135647
20230822093850060,6.3,6.29,6.317324921135647
20230822093850120,6.3,6.29,6.317324921135647
20230822093850640,6.3,6.29,6.317324921135647
20230822093851080,6.3,6.29,6.317324921135647
20230822093852100,6.3,6.29,6.317324921135647
20230822093852190,6.3,6.29,6.317324921135647
20230822093852590,6.3,6.29,6.317324921135647
20230822093853100,6.3,6.29,6.317324921135647
20230822093853850,6.3,6.29,6.317324921135647
20230822093855350,6.3,6.29,6.317324921135647
20230822093856590,6.3,6.29,6.317324921135647
20230822093857060,6.3,6.29,6.317324921135647
20230822093857100,6.3,6.29,6.317324921135647
20230822093857110,6.3,6.29,6.317324921135647
20230822093857120,6.3,6.29,6.317323359769286
20230822093857420,6.3,6.29,6.317323359769286
20230822093858080,6.3,6.29,6.317323359769286
20230822093858110,6.3,6.29,6.317323359769286
20230822093859090,6.3,6.29,6.317320897539876
20230822093859100,6.3,6.29,6.317320897539876
20230822093859770,6.3,6.29,6.317320897539876
20230822093900060,6.3,6.29,6.317320897539876
20230822093900090,6.3,6.29,6.31731843575419
20230822093900100,6.3,6.29,6.31731843575419
20230822093900210,6.3,6.29,6.31731843575419
20230822093900840,6.3,6.29,6.317242339832869
20230822093900900,6.3,6.29,6.317242339832869
20230822093901050,6.3,6.29,6.317242339832869
20230822093901060,6.3,6.29,6.317242339832869
20230822093901080,6.3,6.29,6.317212997037968
20230822093901100,6.3,6.29,6.317212997037968
20230822093901110,6.3,6.29,6.317212997037968
20230822093901130,6.3,6.29,6.317198349331659
20230822093901140,6.3,6.29,6.317195909580194
20230822093901180,6.3,6.29,6.317193470266392
20230822093902060,6.3,6.29,6.317193470266392
20230822093902070,6.3,6.29,6.317193470266392
20230822093902110,6.3,6.29,6.317193470266392
20230822093902260,6.3,6.29,6.317193470266392
20230822093902370,6.3,6.29,6.317193470266392
20230822093902390,6.3,6.29,6.317191031390134
20230822093904070,6.3,6.29,6.3169877158625605
20230822093904080,6.3,6.29,6.316975709582703
20230822093904090,6.3,6.29,6.3169493333333335
20230822093904100,6.3,6.29,6.31688719404044
20230822093904120,6.3,6.29,6.316872894876795
20230822093904180,6.3,6.29,6.316853852967228
20230822093906900,6.3,6.29,6.316827714361561
20230822093906980,6.3,6.29,6.316827714361561
20230822093907090,6.3,6.29,6.316825340647673
20230822093907150,6.3,6.29,6.316815849991155
20230822093907220,6.3,6.29,6.316813478376227
20230822093907650,6.3,6.29,6.316813478376227
20230822093908650,6.3,6.29,6.316813478376227
20230822093908660,6.3,6.29,6.316813478376227
20230822093908670,6.3,6.29,6.316813478376227
20230822093909670,6.3,6.29,6.315745584239131
20230822093909680,6.29,6.29,6.315745584239131
20230822093909690,6.3,6.29,6.31570847112694
20230822093909710,6.3,6.29,6.31570847112694
20230822093909740,6.29,6.29,6.31570847112694
20230822093909750,6.3,6.29,6.31570011866418
20230822093909870,6.3,6.29,6.31570011866418
20230822093910000,6.29,6.29,6.31570011866418
20230822093910010,6.3,6.29,6.315697940503433
20230822093910070,6.29,6.29,6.315697940503433
20230822093910080,6.29,6.29,6.315697940503433
20230822093910250,6.29,6.29,6.315697940503433
20230822093910330,6.29,6.29,6.315697940503433
20230822093910690,6.29,6.29,6.315697940503433
20230822093911620,6.29,6.29,6.315697940503433
20230822093911630,6.29,6.29,6.315697940503433
20230822093911710,6.29,6.29,6.315697940503433
20230822093912660,6.29,6.29,6.315697940503433
20230822093912670,6.29,6.29,6.315697940503433
20230822093913020,6.29,6.29,6.315697940503433
20230822093913030,6.29,6.29,6.315697940503433
20230822093913060,6.29,6.29,6.315697940503433
20230822093913080,6.29,6.29,6.315693585289382
20230822093913090,6.29,6.29,6.315693585289382
20230822093913100,6.29,6.29,6.315693585289382
20230822093913110,6.29,6.29,6.3156870552355135
20230822093913130,6.29,6.29,6.3156870552355135
20230822093913170,6.29,6.29,6.315658796648895
20230822093913220,6.29,6.29,6.3156436062246275
20230822093913230,6.29,6.29,6.315624102087383
20230822093913240,6.29,6.29,6.315624102087383
20230822093913270,6.29,6.29,6.315624102087383
20230822093913300,6.29,6.29,6.315624102087383
20230822093913650,6.29,6.29,6.315624102087383
20230822093913710,6.29,6.29,6.315621936792294
20230822093913720,6.29,6.29,6.315619771863118
20230822093913750,6.29,6.29,6.315578707609246
20230822093913790,6.29,6.29,6.315578707609246
20230822093913850,6.29,6.29,6.315578707609246
20230822093913900,6.29,6.29,6.315578707609246
20230822093913960,6.29,6.29,6.315578707609246
20230822093914180,6.29,6.29,6.31553347368421
20230822093914660,6.29,6.29,6.315524875831299
20230822093916080,6.29,6.29,6.315524875831299
20230822093916110,6.29,6.29,6.315524875831299
20230822093916120,6.29,6.29,6.315479831932773
20230822093916220,6.29,6.29,6.315479831932773
20230822093916490,6.29,6.29,6.315479831932773
20230822093917530,6.29,6.29,6.315479831932773
20230822093917700,6.29,6.29,6.315479831932773
20230822093918450,6.29,6.29,6.315479831932773
20230822093918590,6.29,6.29,6.31547769095034
20230822093918720,6.29,6.29,6.31547769095034
20230822093919080,6.29,6.29,6.315449890884674
20230822093919210,6.29,6.29,6.315449890884674
20230822093919240,6.29,6.29,6.315449890884674
20230822093919470,6.29,6.29,6.315449890884674
20230822093919850,6.29,6.29,6.315449890884674
20230822093919880,6.29,6.29,6.3154477549307595
20230822093920140,6.29,6.29,6.315441349219668
20230822093920740,6.29,6.29,6.315441349219668
20230822093921440,6.29,6.29,6.315441349219668
20230822093921600,6.29,6.29,6.315441349219668
20230822093921800,6.29,6.29,6.315441349219668
20230822093922110,6.29,6.29,6.315441349219668
20230822093922170,6.29,6.29,6.315441349219668
20230822093922400,6.29,6.29,6.315441349219668
20230822093922870,6.29,6.29,6.315441349219668
20230822093923150,6.29,6.29,6.31543921469922
20230822093923780,6.29,6.29,6.315385967849966
20230822093923790,6.29,6.29,6.315368975903614
20230822093924600,6.29,6.29,6.315368975903614
20230822093925050,6.29,6.29,6.315368975903614
20230822093925100,6.29,6.29,6.315368975903614
20230822093925300,6.29,6.29,6.315368975903614
20230822093925760,6.29,6.29,6.315368975903614
20230822093926500,6.29,6.29,6.315368975903614
20230822093926770,6.29,6.29,6.315368975903614
20230822093927080,6.29,6.29,6.315368975903614
20230822093927550,6.29,6.29,6.315368975903614
20230822093927600,6.29,6.29,6.315368975903614
20230822093927860,6.29,6.29,6.31532025052192
20230822093928110,6.29,6.29,6.315280140070035
20230822093928170,6.29,6.29,6.315280140070035
20230822093928260,6.29,6.29,6.315280140070035
20230822093928570,6.29,6.29,6.315280140070035
20230822093929170,6.29,6.29,6.315278032513548
20230822093930420,6.29,6.29,6.315278032513548
20230822093930450,6.29,6.29,6.315278032513548
20230822093930880,6.29,6.29,6.315278032513548
20230822093931100,6.29,6.29,6.315278032513548
20230822093931150,6.29,6.29,6.315275925308436
20230822093931240,6.29,6.28,6.314894088669951
20230822093931250,6.29,6.28,6.314892044988096
20230822093931730,6.29,6.28,6.314892044988096
20230822093932370,6.29,6.29,6.314892044988096
20230822093932470,6.29,6.29,6.314892044988096
20230822093932600,6.29,6.29,6.314892044988096
20230822093932650,6.29,6.29,6.314892044988096
20230822093933990,6.29,6.29,6.314892044988096
20230822093934130,6.3,6.29,6.314846078270837
20230822093934170,6.3,6.29,6.314846078270837
20230822093934190,6.3,6.29,6.314846078270837
20230822093935170,6.3,6.29,6.314846078270837
20230822093935590,6.3,6.28,6.31481472392638
20230822093935670,6.3,6.28,6.31481472392638
20230822093936090,6.3,6.28,6.31481472392638
20230822093936740,6.3,6.28,6.31481472392638
20230822093937020,6.3,6.28,6.31481472392638
20230822093937070,6.3,6.28,6.31481472392638
20230822093937100,6.3,6.28,6.31481472392638
20230822093937650,6.3,6.28,6.31481472392638
20230822093937660,6.29,6.28,6.31481472392638
20230822093937670,6.3,6.28,6.314733964419781
20230822093938270,6.29,6.28,6.314733964419781
20230822093938470,6.3,6.28,6.314733964419781
20230822093939070,6.3,6.28,6.314733964419781
20230822093939160,6.3,6.28,6.314733964419781
20230822093940190,6.3,6.29,6.314733964419781
20230822093940710,6.3,6.29,6.314733964419781
20230822093942400,6.3,6.29,6.314733964419781
20230822093943090,6.3,6.29,6.314733964419781
20230822093943110,6.3,6.29,6.314733964419781
20230822093943660,6.3,6.29,6.314733964419781
20230822093944050,6.3,6.29,6.314713796477495
20230822093944130,6.3,6.29,6.314713796477495
20230822093944330,6.3,6.29,6.314713796477495
20230822093944700,6.3,6.29,6.314713796477495
20230822093944850,6.3,6.29,6.314713796477495
20230822093945000,6.3,6.29,6.314713796477495
20230822093945570,6.3,6.29,6.314713796477495
20230822093945600,6.3,6.29,6.314713796477495
20230822093945710,6.3,6.29,6.314713796477495
20230822093945730,6.3,6.29,6.314713796477495
20230822093946060,6.3,6.29,6.314713796477495
20230822093946090,6.3,6.29,6.314713796477495
20230822093946100,6.3,6.29,6.31468963831867
20230822093946320,6.3,6.29,6.31468963831867
20230822093946600,6.3,6.29,6.31468963831867
20230822093947990,6.3,6.29,6.31468963831867
20230822093948380,6.3,6.29,6.31468963831867
20230822093948570,6.3,6.29,6.31468963831867
20230822093948600,6.3,6.29,6.31468963831867
20230822093949010,6.3,6.29,6.314677576941866
20230822093949080,6.3,6.29,6.314677576941866
20230822093949170,6.3,6.29,6.314677576941866
20230822093949210,6.3,6.29,6.314677576941866
20230822093950070,6.3,6.29,6.314677576941866
20230822093950250,6.3,6.29,6.314677576941866
20230822093950460,6.3,6.29,6.314677576941866
20230822093952080,6.3,6.29,6.314677576941866
20230822093952090,6.3,6.29,6.314677576941866
20230822093952160,6.3,6.29,6.314677576941866
20230822093952190,6.3,6.29,6.314677576941866
20230822093952470,6.3,6.29,6.314677576941866
20230822093954020,6.3,6.29,6.314677576941866
20230822093954370,6.3,6.29,6.314677576941866
20230822093954510,6.3,6.29,6.314677576941866
20230822093954600,6.3,6.29,6.314677576941866
20230822093955090,6.3,6.29,6.31466552734375
20230822093955120,6.3,6.29,6.31466552734375
20230822093955280,6.3,6.29,6.31466552734375
20230822093956030,6.3,6.29,6.31465950695631
20230822093956080,6.3,6.29,6.314657500813537
20230822093956120,6.3,6.29,6.314657500813537
20230822093956150,6.3,6.29,6.314657500813537
20230822093956560,6.3,6.29,6.314657500813537
20230822093957110,6.3,6.29,6.314645470808261
20230822093957140,6.3,6.29,6.314645470808261
20230822093957160,6.3,6.29,6.314631450629825
20230822093957260,6.3,6.29,6.314631450629825
20230822093957510,6.3,6.29,6.314631450629825
20230822093957580,6.3,6.29,6.314631450629825
20230822093957600,6.3,6.29,6.314631450629825
20230822093957790,6.3,6.29,6.314603458072895
20230822093958070,6.3,6.29,6.314591480730223
20230822093958080,6.3,6.29,6.314555618569229
20230822093958100,6.3,6.29,6.314541700404859
20230822093958170,6.3,6.29,6.314539713383532
20230822093958200,6.3,6.29,6.314539713383532
20230822093958330,6.3,6.29,6.314533829718355
20230822093958630,6.3,6.29,6.314533829718355
20230822093958810,6.3,6.29,6.314519938526248
20230822093959290,6.3,6.29,6.314510025873221
20230822093959440,6.3,6.29,6.31450804430431
20230822093959900,6.3,6.29,6.31450804430431
20230822094000250,6.3,6.29,6.31450210151956
20230822094000260,6.3,6.29,6.31450210151956
