Timestamp,ask1,bid1,VWAP
20230711093000160,6.67,6.64,6.65
20230711093000170,6.53,6.64,6.65
20230711093000180,6.53,6.64,6.65
20230711093000190,6.53,6.65,6.65
20230711093000200,6.53,6.65,6.65
20230711093000210,6.53,6.65,6.65
20230711093000220,6.53,6.65,6.65
20230711093000230,6.53,6.65,6.65
20230711093000240,6.53,6.65,6.65
20230711093000250,6.65,6.64,6.65
20230711093000260,6.65,6.64,6.65
20230711093000270,6.65,6.64,6.65
20230711093000280,6.65,6.64,6.65
20230711093000290,6.65,6.64,6.65
20230711093000300,6.65,6.64,6.65
20230711093000310,6.65,6.64,6.65
20230711093000320,6.65,6.64,6.65
20230711093000330,6.65,6.64,6.65
20230711093000340,6.65,6.64,6.65
20230711093000740,6.65,6.64,6.65
20230711093000770,6.65,6.64,6.65
20230711093000780,6.65,6.64,6.65
20230711093000790,6.65,6.64,6.65
20230711093000800,6.65,6.64,6.65
20230711093000810,6.65,6.64,6.65
20230711093000820,6.65,6.64,6.65
20230711093000830,6.65,6.64,6.65
20230711093000840,6.65,6.64,6.65
20230711093000850,6.65,6.64,6.650057603686636
20230711093000870,6.65,6.64,6.650057603686636
20230711093000880,6.65,6.64,6.650057603686636
20230711093000900,6.65,6.64,6.650057603686636
20230711093000910,6.65,6.64,6.650057603686636
20230711093000920,6.65,6.64,6.650057603686636
20230711093000930,6.65,6.64,6.650057603686636
20230711093000950,6.65,6.64,6.650057603686636
20230711093000960,6.65,6.64,6.650057603686636
20230711093000970,6.65,6.64,6.650057603686636
20230711093000990,6.65,6.64,6.650057603686636
20230711093001000,6.65,6.65,6.6500571428571424
20230711093001010,6.65,6.65,6.6500571428571424
20230711093001030,6.65,6.65,6.6500571428571424
20230711093001040,6.65,6.65,6.6500571428571424
20230711093001060,6.65,6.65,6.6500571428571424
20230711093001080,6.64,6.65,6.6500571428571424
20230711093001100,6.64,6.65,6.6500571428571424
20230711093001110,6.64,6.65,6.6500571428571424
20230711093001130,6.64,6.65,6.6500571428571424
20230711093001150,6.65,6.65,6.6500568181818185
20230711093001160,6.65,6.65,6.6500568181818185
20230711093001170,6.65,6.65,6.6500568181818185
20230711093001180,6.65,6.65,6.650050864699899
20230711093001200,6.65,6.65,6.650050864699899
20230711093002020,6.65,6.65,6.650050864699899
20230711093002050,6.65,6.65,6.650050864699899
20230711093002060,6.65,6.65,6.650050864699899
20230711093002090,6.65,6.65,6.650050864699899
20230711093002120,6.65,6.65,6.650050864699899
20230711093002150,6.65,6.65,6.650050864699899
20230711093002180,6.65,6.65,6.650050864699899
20230711093002200,6.65,6.65,6.650050864699899
20230711093002220,6.65,6.65,6.650050864699899
20230711093002230,6.65,6.65,6.650050864699899
20230711093002240,6.66,6.64,6.649473684210526
20230711093002250,6.65,6.64,6.649473684210526
20230711093002260,6.66,6.65,6.649481680071492
20230711093002270,6.66,6.65,6.649481680071492
20230711093002280,6.66,6.65,6.649481680071492
20230711093002290,6.66,6.64,6.649482142857143
20230711093002310,6.66,6.64,6.649482142857143
20230711093002320,6.66,6.64,6.649482142857143
20230711093002330,6.66,6.65,6.649482142857143
20230711093002340,6.66,6.65,6.649482142857143
20230711093002360,6.66,6.65,6.649482142857143
20230711093002380,6.66,6.65,6.649482142857143
20230711093002390,6.66,6.65,6.649482142857143
20230711093002410,6.66,6.64,6.649483065953654
20230711093002440,6.66,6.64,6.649483065953654
20230711093002540,6.66,6.64,6.649483065953654
20230711093002550,6.66,6.64,6.649483065953654
20230711093002570,6.66,6.64,6.649483065953654
20230711093002600,6.66,6.64,6.649483065953654
20230711093002620,6.66,6.64,6.649483065953654
20230711093002650,6.66,6.64,6.649483065953654
20230711093002660,6.65,6.64,6.649483065953654
20230711093002670,6.65,6.64,6.649483065953654
20230711093002690,6.65,6.64,6.649483065953654
20230711093002710,6.66,6.64,6.6500421229991575
20230711093002720,6.66,6.64,6.650421393841167
20230711093002750,6.66,6.64,6.650421393841167
20230711093002770,6.66,6.64,6.650421393841167
20230711093002890,6.66,6.64,6.650421393841167
20230711093002930,6.66,6.65,6.650421393841167
20230711093002940,6.66,6.65,6.650421393841167
20230711093002980,6.66,6.65,6.650421393841167
20230711093003000,6.66,6.65,6.650482703137571
20230711093003020,6.66,6.65,6.650482703137571
20230711093003030,6.66,6.65,6.650482703137571
20230711093004670,6.66,6.64,6.650482703137571
20230711093004680,6.66,6.64,6.650482703137571
20230711093004700,6.66,6.63,6.649310850439883
20230711093004750,6.66,6.63,6.649310850439883
20230711093004850,6.66,6.63,6.649310850439883
20230711093004920,6.66,6.63,6.649310850439883
20230711093005020,6.66,6.63,6.649310850439883
20230711093005050,6.63,6.63,6.649310850439883
20230711093005060,6.63,6.63,6.649310850439883
20230711093005090,6.63,6.63,6.649310850439883
20230711093005280,6.64,6.63,6.6487290502793295
20230711093005320,6.64,6.63,6.6487290502793295
20230711093005510,6.64,6.63,6.6487290502793295
20230711093005520,6.64,6.63,6.6487290502793295
20230711093005690,6.64,6.63,6.6487290502793295
20230711093005830,6.64,6.63,6.6487290502793295
20230711093005890,6.64,6.63,6.6487290502793295
20230711093006030,6.64,6.63,6.648698677800974
20230711093006080,6.64,6.63,6.648698677800974
20230711093006150,6.64,6.63,6.648585164835165
20230711093006240,6.64,6.63,6.648585164835165
20230711093006260,6.64,6.63,6.648585164835165
20230711093006270,6.64,6.63,6.648585164835165
20230711093006290,6.64,6.63,6.648585164835165
20230711093006320,6.64,6.63,6.648585164835165
20230711093006380,6.64,6.63,6.648585164835165
20230711093006410,6.64,6.62,6.648585164835165
20230711093006430,6.63,6.62,6.648585164835165
20230711093006510,6.63,6.62,6.648585164835165
20230711093006520,6.63,6.62,6.648585164835165
20230711093006630,6.63,6.62,6.648585164835165
20230711093006770,6.63,6.62,6.648585164835165
20230711093007040,6.63,6.62,6.648585164835165
20230711093007100,6.63,6.62,6.648585164835165
20230711093007110,6.63,6.62,6.648585164835165
20230711093007120,6.63,6.62,6.646734693877551
20230711093007150,6.63,6.62,6.646734693877551
20230711093007170,6.63,6.62,6.646718170580964
20230711093010980,6.63,6.62,6.646718170580964
20230711093011060,6.63,6.62,6.646718170580964
20230711093011210,6.63,6.62,6.646718170580964
20230711093011630,6.63,6.62,6.646718170580964
20230711093011750,6.63,6.62,6.646718170580964
20230711093012160,6.63,6.62,6.646718170580964
20230711093012330,6.63,6.62,6.646718170580964
20230711093012430,6.63,6.62,6.646718170580964
20230711093012640,6.63,6.62,6.646718170580964
20230711093012830,6.63,6.62,6.646718170580964
20230711093012930,6.63,6.62,6.646718170580964
20230711093013090,6.63,6.62,6.646628048780488
20230711093013150,6.63,6.62,6.646628048780488
20230711093013230,6.63,6.62,6.646628048780488
20230711093013510,6.63,6.62,6.646628048780488
20230711093013530,6.63,6.62,6.646628048780488
20230711093015130,6.63,6.62,6.646591873862947
20230711093015410,6.63,6.62,6.646591873862947
20230711093015510,6.63,6.63,6.646591873862947
20230711093015590,6.63,6.63,6.646591873862947
20230711093015810,6.63,6.63,6.646591873862947
20230711093015820,6.63,6.63,6.646591873862947
20230711093015880,6.63,6.62,6.646402877697842
20230711093015930,6.63,6.62,6.646402877697842
20230711093016030,6.63,6.62,6.645765870704717
20230711093016080,6.63,6.62,6.645759162303665
20230711093016090,6.63,6.63,6.645759162303665
20230711093016120,6.63,6.63,6.645759162303665
20230711093017720,6.63,6.63,6.645759162303665
20230711093017900,6.63,6.63,6.645759162303665
20230711093018360,6.63,6.63,6.645745792222867
20230711093018450,6.63,6.63,6.645745792222867
20230711093018610,6.63,6.63,6.645745792222867
20230711093018670,6.63,6.63,6.645745792222867
20230711093018700,6.63,6.63,6.645745792222867
20230711093020590,6.63,6.63,6.645745792222867
20230711093020740,6.63,6.63,6.645745792222867
20230711093020760,6.62,6.62,6.644079655543595
20230711093021050,6.62,6.62,6.644079655543595
20230711093021120,6.62,6.62,6.644079655543595
20230711093021130,6.62,6.63,6.643903088391906
20230711093021180,6.62,6.63,6.643903088391906
20230711093021290,6.62,6.63,6.643903088391906
20230711093023230,6.62,6.63,6.643903088391906
20230711093023720,6.62,6.63,6.643903088391906
20230711093025900,6.62,6.63,6.643868073878628
20230711093026000,6.62,6.63,6.643735632183908
20230711093026030,6.63,6.63,6.643488968701899
20230711093026050,6.63,6.63,6.643488968701899
20230711093026720,6.63,6.63,6.643488968701899
20230711093026750,6.63,6.63,6.643488968701899
20230711093028610,6.63,6.63,6.643488968701899
20230711093028780,6.63,6.63,6.643482051282051
20230711093029040,6.63,6.63,6.643482051282051
20230711093029060,6.63,6.63,6.643482051282051
20230711093029080,6.63,6.63,6.643454452405322
20230711093029110,6.63,6.63,6.643454452405322
20230711093029140,6.63,6.63,6.643454452405322
20230711093029150,6.63,6.63,6.643454452405322
20230711093029160,6.63,6.63,6.643426966292135
20230711093029220,6.63,6.63,6.643345177664974
20230711093029290,6.63,6.63,6.643345177664974
20230711093029320,6.63,6.63,6.643345177664974
20230711093029340,6.63,6.63,6.643345177664974
20230711093029720,6.63,6.63,6.643345177664974
20230711093031360,6.63,6.63,6.643345177664974
20230711093031470,6.63,6.63,6.6433031674208145
20230711093031590,6.63,6.63,6.6433031674208145
20230711093031610,6.63,6.63,6.6433031674208145
20230711093031660,6.63,6.63,6.6433031674208145
20230711093031790,6.63,6.63,6.6433031674208145
20230711093031820,6.63,6.63,6.6433031674208145
20230711093031950,6.63,6.63,6.6433031674208145
20230711093034080,6.63,6.63,6.643243243243243
20230711093034090,6.63,6.63,6.643243243243243
20230711093034110,6.63,6.63,6.643243243243243
20230711093034120,6.63,6.63,6.643243243243243
20230711093034130,6.63,6.63,6.643243243243243
20230711093034210,6.63,6.63,6.643243243243243
20230711093034260,6.63,6.63,6.643243243243243
20230711093034360,6.63,6.63,6.643131513647643
20230711093034370,6.63,6.63,6.643131513647643
20230711093034590,6.63,6.63,6.643131513647643
20230711093034600,6.63,6.63,6.643131513647643
20230711093034610,6.63,6.63,6.643131513647643
20230711093034800,6.63,6.63,6.643131513647643
20230711093034820,6.63,6.63,6.643131513647643
20230711093034970,6.63,6.63,6.643131513647643
20230711093035040,6.63,6.63,6.643131513647643
20230711093035060,6.63,6.63,6.643131513647643
20230711093036930,6.63,6.63,6.643111992071358
20230711093037080,6.63,6.63,6.643111992071358
20230711093037090,6.63,6.63,6.643111992071358
20230711093037120,6.63,6.63,6.643111992071358
20230711093037250,6.63,6.63,6.643111992071358
20230711093037460,6.63,6.63,6.643111992071358
20230711093037810,6.63,6.63,6.643111992071358
20230711093037850,6.63,6.63,6.643111992071358
20230711093039430,6.63,6.63,6.643111992071358
20230711093039650,6.63,6.63,6.643111992071358
20230711093039830,6.64,6.63,6.643111992071358
20230711093040120,6.63,6.63,6.643111992071358
20230711093040290,6.63,6.63,6.643111992071358
20230711093042330,6.63,6.63,6.643111992071358
20230711093042560,6.63,6.63,6.643111992071358
20230711093043090,6.64,6.63,6.6426543209876545
20230711093043140,6.63,6.63,6.6426543209876545
20230711093043150,6.63,6.63,6.6426543209876545
20230711093044800,6.63,6.63,6.6426543209876545
20230711093045290,6.63,6.63,6.6426543209876545
20230711093045300,6.63,6.63,6.6426543209876545
20230711093045400,6.63,6.63,6.6426543209876545
20230711093045420,6.63,6.63,6.6426543209876545
20230711093045680,6.63,6.63,6.6426543209876545
20230711093050540,6.63,6.63,6.6426543209876545
20230711093050610,6.63,6.63,6.6426543209876545
20230711093050780,6.63,6.63,6.6426543209876545
20230711093050960,6.63,6.63,6.6426543209876545
20230711093051090,6.63,6.63,6.6426543209876545
20230711093051200,6.63,6.63,6.6426543209876545
20230711093051290,6.63,6.63,6.6426543209876545
20230711093053040,6.63,6.63,6.6426543209876545
20230711093053050,6.63,6.63,6.6426543209876545
20230711093053200,6.63,6.63,6.6426543209876545
20230711093053360,6.63,6.63,6.6426543209876545
20230711093053660,6.63,6.63,6.6426543209876545
20230711093053690,6.63,6.63,6.642238667900092
20230711093053810,6.63,6.63,6.642238667900092
20230711093053930,6.63,6.63,6.642238667900092
20230711093053990,6.63,6.63,6.642238667900092
20230711093055880,6.63,6.63,6.642238667900092
20230711093056170,6.63,6.63,6.642238667900092
20230711093056350,6.63,6.63,6.642238667900092
20230711093056410,6.63,6.63,6.642238667900092
20230711093056490,6.63,6.63,6.642238667900092
20230711093056640,6.63,6.63,6.642238667900092
20230711093058400,6.63,6.63,6.642238667900092
20230711093058550,6.63,6.63,6.642238667900092
20230711093058560,6.63,6.63,6.642238667900092
20230711093058600,6.63,6.63,6.642238667900092
20230711093058670,6.63,6.63,6.642238667900092
20230711093058840,6.63,6.63,6.642238667900092
20230711093058900,6.63,6.63,6.642238667900092
20230711093059040,6.63,6.63,6.642238667900092
20230711093059060,6.63,6.63,6.642238667900092
20230711093059100,6.63,6.63,6.642238667900092
20230711093100950,6.63,6.63,6.642238667900092
20230711093100990,6.63,6.63,6.642238667900092
20230711093101080,6.63,6.63,6.642238667900092
20230711093101090,6.63,6.63,6.642238667900092
20230711093101110,6.63,6.63,6.642238667900092
20230711093101130,6.63,6.63,6.642238667900092
20230711093101140,6.63,6.63,6.642238667900092
20230711093101180,6.63,6.63,6.642238667900092
20230711093101370,6.63,6.63,6.641588495575221
20230711093101450,6.63,6.63,6.641588495575221
20230711093101460,6.63,6.63,6.641337662337662
20230711093101650,6.63,6.63,6.641337662337662
20230711093101920,6.63,6.63,6.641337662337662
20230711093102100,6.63,6.63,6.641337662337662
20230711093102160,6.63,6.63,6.641337662337662
20230711093103630,6.63,6.63,6.641337662337662
20230711093103920,6.63,6.63,6.641337662337662
20230711093104010,6.63,6.63,6.641337662337662
20230711093104040,6.63,6.63,6.6412360034453055
20230711093104050,6.63,6.63,6.64123116659492
20230711093104200,6.63,6.63,6.64123116659492
20230711093104220,6.63,6.63,6.64123116659492
20230711093104250,6.63,6.63,6.64123116659492
20230711093104340,6.63,6.63,6.64123116659492
20230711093104440,6.63,6.63,6.64122641509434
20230711093104450,6.63,6.63,6.64122641509434
20230711093104490,6.63,6.63,6.64122641509434
20230711093104670,6.63,6.63,6.641221603086155
20230711093104680,6.63,6.63,6.641221603086155
20230711093104770,6.63,6.63,6.641221603086155
20230711093104860,6.63,6.63,6.641221603086155
20230711093104880,6.63,6.63,6.641221603086155
20230711093106420,6.63,6.63,6.641215351812367
20230711093106430,6.63,6.63,6.641215351812367
20230711093106450,6.64,6.63,6.641180124223602
20230711093106640,6.64,6.63,6.641180124223602
20230711093106660,6.64,6.63,6.641180124223602
20230711093106780,6.64,6.63,6.641180124223602
20230711093107060,6.64,6.64,6.641180124223602
20230711093107080,6.64,6.64,6.641180124223602
20230711093107150,6.64,6.64,6.641180124223602
20230711093107200,6.64,6.64,6.641180124223602
20230711093109130,6.64,6.64,6.641180124223602
20230711093109180,6.64,6.64,6.641180124223602
20230711093109430,6.64,6.64,6.641180124223602
20230711093109590,6.64,6.64,6.641180124223602
20230711093109790,6.64,6.64,6.641212371134021
20230711093109860,6.64,6.64,6.641212371134021
20230711093109910,6.64,6.64,6.641212371134021
20230711093109990,6.64,6.64,6.641212371134021
20230711093110090,6.64,6.63,6.641191730847183
20230711093110100,6.64,6.63,6.641190765492102
20230711093110110,6.64,6.63,6.641190765492102
20230711093110120,6.64,6.63,6.641190765492102
20230711093110140,6.64,6.64,6.641179302045728
20230711093110180,6.64,6.64,6.641179302045728
20230711093110210,6.64,6.64,6.641179302045728
20230711093110270,6.64,6.63,6.641170848267622
20230711093110280,6.64,6.63,6.641168057210965
20230711093111730,6.64,6.63,6.641209964412812
20230711093111760,6.64,6.64,6.641209964412812
20230711093111790,6.64,6.64,6.641209964412812
20230711093111820,6.64,6.64,6.641209964412812
20230711093111850,6.64,6.63,6.641196714900274
20230711093111860,6.64,6.63,6.641196714900274
20230711093111880,6.64,6.63,6.641196714900274
20230711093111890,6.64,6.64,6.6411920529801325
20230711093111920,6.64,6.64,6.6411920529801325
20230711093111940,6.64,6.64,6.6411920529801325
20230711093111970,6.64,6.64,6.6411920529801325
20230711093111980,6.64,6.64,6.6411920529801325
20230711093111990,6.64,6.64,6.6411920529801325
20230711093112010,6.64,6.64,6.6411920529801325
20230711093112030,6.64,6.64,6.641226232052775
20230711093112050,6.64,6.64,6.641226232052775
20230711093112190,6.64,6.64,6.641226232052775
20230711093112310,6.64,6.64,6.641226232052775
20230711093112320,6.64,6.64,6.641226232052775
20230711093112350,6.64,6.64,6.641226232052775
20230711093112880,6.64,6.64,6.641226232052775
20230711093112890,6.64,6.64,6.641226232052775
20230711093112940,6.64,6.64,6.641226232052775
20230711093114530,6.64,6.64,6.641226232052775
20230711093114630,6.64,6.64,6.641226232052775
20230711093114650,6.64,6.64,6.641226232052775
20230711093114910,6.64,6.64,6.641214450422752
20230711093115080,6.64,6.64,6.641214450422752
20230711093117660,6.64,6.64,6.641214450422752
20230711093117830,6.64,6.64,6.641214450422752
20230711093117840,6.64,6.64,6.641214450422752
20230711093120090,6.64,6.64,6.641214450422752
20230711093120150,6.64,6.64,6.641214450422752
20230711093120160,6.64,6.64,6.641214450422752
20230711093120450,6.64,6.64,6.641214450422752
20230711093120630,6.64,6.65,6.641214450422752
20230711093120660,6.64,6.65,6.641214450422752
20230711093120670,6.64,6.65,6.641214450422752
20230711093120720,6.64,6.65,6.641214450422752
20230711093120730,6.64,6.65,6.641399848254932
20230711093122520,6.64,6.65,6.641399848254932
20230711093122770,6.64,6.65,6.641399848254932
20230711093122950,6.64,6.65,6.641399848254932
20230711093123040,6.64,6.65,6.641399848254932
20230711093123290,6.64,6.65,6.641399848254932
20230711093123300,6.64,6.65,6.641399848254932
20230711093123340,6.64,6.65,6.641399848254932
20230711093123480,6.64,6.65,6.641399848254932
20230711093123500,6.64,6.65,6.641399848254932
20230711093123710,6.64,6.65,6.641399848254932
20230711093125290,6.64,6.65,6.641399848254932
20230711093125320,6.64,6.65,6.641399848254932
20230711093125950,6.64,6.65,6.641399848254932
20230711093126210,6.64,6.65,6.641399848254932
20230711093126250,6.64,6.65,6.641399848254932
20230711093126410,6.64,6.65,6.641399848254932
20230711093128090,6.64,6.65,6.641399848254932
20230711093128130,6.64,6.65,6.641399848254932
20230711093128230,6.64,6.65,6.641399848254932
20230711093128420,6.64,6.65,6.641399848254932
20230711093128480,6.64,6.65,6.641399848254932
20230711093128510,6.64,6.65,6.641399848254932
20230711093129050,6.64,6.65,6.641399848254932
20230711093131100,6.64,6.65,6.641399848254932
20230711093131200,6.64,6.65,6.641399848254932
20230711093134040,6.64,6.65,6.641548771407297
20230711093134130,6.64,6.65,6.641548771407297
20230711093134140,6.64,6.65,6.641548771407297
20230711093134150,6.64,6.65,6.641548771407297
20230711093134200,6.64,6.65,6.641548771407297
20230711093134240,6.64,6.65,6.641537324464154
20230711093134290,6.64,6.64,6.641537324464154
20230711093134410,6.64,6.64,6.641537324464154
20230711093136020,6.64,6.64,6.641537324464154
20230711093136120,6.64,6.64,6.6415859030837
20230711093136200,6.64,6.64,6.6415859030837
20230711093136230,6.64,6.64,6.6415859030837
20230711093136240,6.64,6.64,6.6415859030837
20230711093136320,6.64,6.64,6.6415859030837
20230711093137110,6.64,6.64,6.6415859030837
20230711093137140,6.64,6.64,6.6415859030837
20230711093138790,6.64,6.64,6.6415859030837
20230711093138820,6.64,6.64,6.6415859030837
20230711093138830,6.64,6.64,6.6415859030837
20230711093138850,6.64,6.64,6.6415859030837
20230711093138900,6.64,6.64,6.6415859030837
20230711093138950,6.64,6.64,6.6415859030837
20230711093139020,6.64,6.64,6.6415859030837
20230711093139260,6.64,6.64,6.6415859030837
20230711093139540,6.64,6.64,6.6415859030837
20230711093139900,6.64,6.64,6.6415859030837
20230711093141650,6.64,6.64,6.6415859030837
20230711093142320,6.64,6.64,6.6415859030837
20230711093142350,6.64,6.64,6.6415859030837
20230711093142360,6.64,6.64,6.6415859030837
20230711093144270,6.64,6.64,6.6415859030837
20230711093144350,6.64,6.64,6.6415859030837
20230711093144360,6.64,6.64,6.6415859030837
20230711093144620,6.64,6.64,6.6415859030837
20230711093144720,6.64,6.64,6.6415859030837
20230711093144960,6.64,6.64,6.6415859030837
20230711093145190,6.64,6.64,6.6416258677384
20230711093145200,6.66,6.64,6.642349799732977
20230711093145210,6.66,6.65,6.642349799732977
20230711093145250,6.66,6.65,6.642349799732977
20230711093145340,6.66,6.65,6.642349799732977
20230711093147040,6.66,6.64,6.642349799732977
20230711093147050,6.66,6.64,6.642349799732977
20230711093147130,6.66,6.65,6.642349799732977
20230711093147270,6.66,6.65,6.642349799732977
20230711093147390,6.66,6.65,6.642349799732977
20230711093147550,6.66,6.65,6.642349799732977
20230711093148000,6.66,6.65,6.642349799732977
20230711093148040,6.66,6.65,6.642349799732977
20230711093149670,6.66,6.65,6.642349799732977
20230711093150350,6.66,6.65,6.642349799732977
20230711093150400,6.66,6.65,6.642349799732977
20230711093150490,6.66,6.65,6.642349799732977
20230711093150520,6.66,6.65,6.642349799732977
20230711093150650,6.66,6.65,6.642349799732977
20230711093150680,6.66,6.65,6.642349799732977
20230711093150700,6.66,6.65,6.642349799732977
20230711093150720,6.66,6.65,6.642349799732977
20230711093150770,6.66,6.65,6.642349799732977
20230711093152260,6.66,6.65,6.642410239361702
20230711093152350,6.66,6.65,6.642410239361702
20230711093152670,6.66,6.65,6.642410239361702
20230711093152840,6.66,6.65,6.642410239361702
20230711093153040,6.66,6.65,6.642410239361702
20230711093153130,6.66,6.65,6.642410239361702
20230711093153430,6.66,6.65,6.642410239361702
20230711093155080,6.66,6.65,6.642410239361702
20230711093155100,6.66,6.65,6.642410239361702
20230711093155120,6.66,6.65,6.642462859029383
20230711093155750,6.66,6.65,6.642462859029383
20230711093157780,6.66,6.65,6.642462859029383
20230711093157800,6.66,6.65,6.642462859029383
20230711093158100,6.66,6.65,6.642462859029383
20230711093158110,6.66,6.65,6.642470316622691
20230711093158120,6.66,6.65,6.642870489690722
20230711093158140,6.66,6.65,6.642872785829308
20230711093158210,6.66,6.65,6.642875080489375
20230711093158220,6.66,6.65,6.642877373672353
20230711093158360,6.66,6.65,6.642877373672353
20230711093158460,6.65,6.65,6.6431315952824335
20230711093158480,6.65,6.65,6.6431315952824335
20230711093158590,6.65,6.65,6.6431315952824335
20230711093158610,6.65,6.65,6.6431315952824335
20230711093158710,6.65,6.65,6.6431315952824335
20230711093200450,6.65,6.65,6.6431315952824335
20230711093200480,6.65,6.65,6.6431315952824335
20230711093200490,6.65,6.65,6.6431315952824335
20230711093200590,6.65,6.65,6.6431315952824335
20230711093200670,6.65,6.65,6.643154964429322
20230711093200690,6.65,6.65,6.643154964429322
20230711093200730,6.65,6.65,6.643154964429322
20230711093200990,6.65,6.65,6.643154964429322
20230711093201090,6.65,6.65,6.643159196290572
20230711093201110,6.65,6.65,6.643159196290572
20230711093201150,6.65,6.65,6.643158220024722
20230711093201160,6.65,6.64,6.643000587199061
20230711093201170,6.65,6.64,6.643000587199061
20230711093203380,6.65,6.64,6.643000587199061
20230711093203450,6.65,6.64,6.643008797653959
20230711093203510,6.65,6.64,6.643008797653959
20230711093204110,6.65,6.64,6.643008797653959
20230711093204120,6.65,6.64,6.643008797653959
20230711093204130,6.65,6.64,6.643008797653959
20230711093204150,6.65,6.64,6.643008797653959
20230711093204190,6.65,6.64,6.643008797653959
20230711093204270,6.65,6.64,6.643149425287357
20230711093205810,6.65,6.64,6.643149425287357
20230711093205820,6.65,6.64,6.643149425287357
20230711093205830,6.65,6.64,6.643149425287357
20230711093205990,6.65,6.64,6.643149425287357
20230711093206060,6.65,6.64,6.643149425287357
20230711093206150,6.65,6.64,6.643149425287357
20230711093206190,6.65,6.64,6.643169054441261
20230711093206540,6.65,6.64,6.643169054441261
20230711093206700,6.65,6.64,6.643169054441261
20230711093208410,6.65,6.64,6.643169054441261
20230711093208950,6.65,6.64,6.643169054441261
20230711093209050,6.65,6.65,6.643169054441261
20230711093209390,6.65,6.65,6.643169054441261
20230711093209450,6.65,6.65,6.643169054441261
20230711093211250,6.65,6.65,6.643169054441261
20230711093211300,6.65,6.65,6.643169054441261
20230711093211310,6.65,6.65,6.643169054441261
20230711093211500,6.65,6.65,6.643169054441261
20230711093211600,6.65,6.65,6.643169054441261
20230711093211820,6.65,6.65,6.643169054441261
20230711093212270,6.65,6.65,6.643169054441261
20230711093212300,6.65,6.65,6.643169054441261
20230711093214170,6.65,6.65,6.643169054441261
20230711093214500,6.65,6.65,6.643169054441261
20230711093214560,6.65,6.65,6.643169054441261
20230711093216510,6.65,6.65,6.643169054441261
20230711093216530,6.65,6.65,6.643169054441261
20230711093216680,6.65,6.65,6.643169054441261
20230711093217310,6.65,6.65,6.643169054441261
20230711093219270,6.65,6.65,6.643169054441261
20230711093219280,6.65,6.65,6.643169054441261
20230711093219750,6.65,6.65,6.643169054441261
20230711093219930,6.65,6.65,6.643169054441261
20230711093219990,6.65,6.65,6.643169054441261
20230711093222120,6.65,6.65,6.643364485981309
20230711093222290,6.65,6.65,6.643388009049774
20230711093222420,6.65,6.65,6.643388009049774
20230711093222650,6.65,6.65,6.643467492260062
20230711093222740,6.65,6.65,6.643467492260062
20230711093222910,6.65,6.65,6.643546218487395
20230711093223000,6.65,6.65,6.643546218487395
20230711093223050,6.65,6.65,6.643546218487395
20230711093224810,6.65,6.65,6.643546218487395
20230711093224840,6.65,6.65,6.643546218487395
20230711093225040,6.65,6.65,6.643710482529118
20230711093225090,6.65,6.65,6.643710482529118
20230711093225110,6.65,6.65,6.643710482529118
20230711093225120,6.65,6.65,6.643710482529118
20230711093225280,6.65,6.65,6.643710482529118
20230711093225310,6.65,6.65,6.643710482529118
20230711093225480,6.65,6.65,6.643710482529118
20230711093225560,6.65,6.65,6.643710482529118
20230711093227320,6.65,6.65,6.643710482529118
20230711093227380,6.65,6.65,6.643710482529118
20230711093227490,6.65,6.65,6.6438516483516485
20230711093227970,6.65,6.65,6.6438516483516485
20230711093228050,6.65,6.65,6.6438516483516485
20230711093228060,6.65,6.65,6.6438516483516485
20230711093228110,6.65,6.65,6.6438516483516485
20230711093228210,6.65,6.65,6.6438516483516485
20230711093230040,6.65,6.65,6.6438516483516485
20230711093230070,6.65,6.65,6.643950953678474
20230711093230570,6.65,6.65,6.643950953678474
20230711093230650,6.65,6.65,6.643950953678474
20230711093230810,6.65,6.65,6.643994565217391
20230711093230890,6.65,6.65,6.643994565217391
20230711093230940,6.65,6.65,6.643994565217391
20230711093231090,6.65,6.65,6.643994565217391
20230711093231100,6.65,6.65,6.643994565217391
20230711093232720,6.65,6.65,6.643994565217391
20230711093232800,6.65,6.65,6.643994565217391
20230711093233020,6.65,6.65,6.643994565217391
20230711093233270,6.65,6.65,6.643994565217391
20230711093233290,6.65,6.65,6.644033613445378
20230711093233430,6.65,6.65,6.644033613445378
20230711093233440,6.65,6.65,6.644033613445378
20230711093233520,6.65,6.65,6.644033613445378
20230711093233780,6.65,6.65,6.644033613445378
20230711093233910,6.65,6.65,6.644033613445378
20230711093236220,6.65,6.65,6.644033613445378
20230711093236480,6.65,6.65,6.644033613445378
20230711093238340,6.65,6.65,6.644033613445378
20230711093238400,6.65,6.65,6.644033613445378
20230711093239210,6.65,6.65,6.644033613445378
20230711093241100,6.65,6.65,6.644033613445378
20230711093241260,6.65,6.65,6.644033613445378
20230711093241420,6.65,6.65,6.644033613445378
20230711093242010,6.65,6.65,6.644033613445378
20230711093243630,6.65,6.65,6.644033613445378
20230711093243910,6.65,6.65,6.644033613445378
20230711093243980,6.65,6.65,6.644033613445378
20230711093244100,6.65,6.65,6.644033613445378
20230711093244290,6.65,6.65,6.644153887543718
20230711093244400,6.65,6.65,6.644153887543718
20230711093246890,6.65,6.65,6.644153887543718
20230711093247220,6.65,6.65,6.644158149542765
20230711093247470,6.65,6.65,6.644158149542765
20230711093249030,6.65,6.65,6.644158149542765
20230711093249050,6.65,6.65,6.644158149542765
20230711093249110,6.65,6.65,6.644158149542765
20230711093249120,6.65,6.65,6.644158149542765
20230711093249300,6.65,6.65,6.644158149542765
20230711093249690,6.65,6.65,6.644158149542765
20230711093249820,6.65,6.65,6.644158149542765
20230711093249940,6.65,6.65,6.644158149542765
20230711093249950,6.65,6.65,6.644298868718758
20230711093250030,6.65,6.65,6.644310842740877
20230711093250050,6.65,6.65,6.644310842740877
20230711093251610,6.65,6.65,6.6443611761644545
20230711093251810,6.65,6.65,6.6443611761644545
20230711093252090,6.65,6.65,6.644390370178618
20230711093252120,6.65,6.65,6.644390370178618
20230711093252690,6.65,6.65,6.644390370178618
20230711093254450,6.66,6.65,6.645096391497775
20230711093254490,6.66,6.65,6.645096391497775
20230711093254940,6.66,6.65,6.645096391497775
20230711093255110,6.66,6.65,6.645272150353917
20230711093255120,6.66,6.65,6.645320125634211
20230711093255130,6.66,6.65,6.645335901757766
20230711093255150,6.66,6.65,6.64534486902187
20230711093255180,6.66,6.65,6.645345987506007
20230711093255190,6.66,6.65,6.645354916067146
20230711093255210,6.66,6.65,6.645359367513177
20230711093255250,6.66,6.65,6.6453615900383145
20230711093255360,6.66,6.65,6.6453615900383145
20230711093255530,6.66,6.65,6.645369352139613
20230711093257050,6.66,6.65,6.645369352139613
20230711093258080,6.66,6.65,6.645372670807453
20230711093258090,6.66,6.65,6.6453748806112705
20230711093258110,6.66,6.65,6.645377088305489
20230711093258120,6.66,6.65,6.645382598331347
20230711093258140,6.66,6.65,6.645383698760725
20230711093258150,6.66,6.65,6.645383698760725
20230711093258170,6.66,6.65,6.645385898046689
20230711093258210,6.66,6.65,6.645385898046689
20230711093300950,6.66,6.65,6.645385898046689
20230711093302860,6.66,6.65,6.645385898046689
20230711093302870,6.66,6.65,6.645385898046689
20230711093303230,6.66,6.65,6.645490058479532
20230711093303240,6.66,6.65,6.645490058479532
20230711093303360,6.66,6.65,6.645490058479532
20230711093305200,6.66,6.65,6.645490058479532
20230711093305240,6.66,6.65,6.645490058479532
20230711093305990,6.66,6.64,6.645490058479532
20230711093306000,6.66,6.64,6.645490058479532
20230711093306220,6.66,6.64,6.645490058479532
20230711093307900,6.66,6.64,6.645490058479532
20230711093308320,6.66,6.64,6.645490058479532
20230711093308390,6.66,6.64,6.645490058479532
20230711093308580,6.66,6.64,6.645490058479532
20230711093308590,6.66,6.64,6.645490058479532
20230711093308600,6.66,6.64,6.645490058479532
20230711093308930,6.66,6.64,6.645490058479532
20230711093310610,6.66,6.64,6.645490058479532
20230711093310860,6.66,6.64,6.645490058479532
20230711093311040,6.65,6.64,6.645490058479532
20230711093311050,6.65,6.64,6.645490058479532
20230711093311120,6.65,6.64,6.645490058479532
20230711093311210,6.65,6.64,6.645490058479532
20230711093313820,6.65,6.64,6.645490058479532
20230711093313850,6.65,6.64,6.645490058479532
20230711093313940,6.65,6.64,6.645490058479532
20230711093313980,6.65,6.64,6.645490058479532
20230711093316050,6.65,6.64,6.645490058479532
20230711093316080,6.65,6.64,6.6455627455511905
20230711093316090,6.65,6.64,6.6455627455511905
20230711093316100,6.65,6.64,6.6455627455511905
20230711093316110,6.65,6.64,6.6455627455511905
20230711093316180,6.65,6.64,6.6455627455511905
20230711093316790,6.65,6.64,6.6455627455511905
20230711093317000,6.65,6.64,6.6455627455511905
20230711093317040,6.65,6.64,6.6455627455511905
20230711093317080,6.65,6.64,6.64556146025878
20230711093319090,6.65,6.64,6.64556146025878
20230711093319100,6.66,6.64,6.645981473312748
20230711093319120,6.66,6.65,6.645981473312748
20230711093319190,6.66,6.65,6.645981473312748
20230711093319200,6.66,6.65,6.646024122807018
20230711093319230,6.66,6.65,6.646024122807018
20230711093319260,6.66,6.65,6.646024122807018
20230711093319270,6.66,6.65,6.646024122807018
20230711093319360,6.66,6.65,6.646024122807018
20230711093319400,6.66,6.65,6.646024122807018
20230711093319440,6.66,6.65,6.646024122807018
20230711093319800,6.66,6.65,6.646024122807018
20230711093321390,6.66,6.65,6.646024122807018
20230711093321620,6.66,6.65,6.646047525615871
20230711093321910,6.66,6.65,6.646047525615871
20230711093322090,6.66,6.65,6.646050108932462
20230711093322120,6.66,6.65,6.646050108932462
20230711093322130,6.66,6.65,6.646050108932462
20230711093322170,6.66,6.65,6.646050108932462
20230711093322320,6.66,6.65,6.646050108932462
20230711093322460,6.66,6.65,6.6461297728109505
20230711093324190,6.66,6.65,6.646130610830825
20230711093324340,6.66,6.65,6.646130610830825
20230711093324660,6.66,6.65,6.646130610830825
20230711093325160,6.66,6.65,6.646130610830825
20230711093327360,6.66,6.65,6.646130610830825
20230711093327640,6.66,6.65,6.646138136710393
20230711093329560,6.66,6.65,6.646138136710393
20230711093329740,6.66,6.65,6.646138136710393
20230711093330160,6.66,6.65,6.646146464537554
20230711093330280,6.66,6.65,6.646151444016109
20230711093330300,6.66,6.65,6.646151444016109
20230711093330350,6.66,6.65,6.646161364466307
20230711093330490,6.66,6.65,6.646161364466307
20230711093330500,6.66,6.65,6.646161364466307
20230711093330650,6.66,6.65,6.646161364466307
20230711093332250,6.66,6.65,6.646161364466307
20230711093332720,6.66,6.65,6.646161364466307
20230711093334960,6.66,6.65,6.646161364466307
20230711093335060,6.66,6.65,6.646161364466307
20230711093335400,6.66,6.65,6.646161364466307
20230711093335510,6.66,6.65,6.646191027372302
20230711093335530,6.66,6.65,6.646191027372302
20230711093335550,6.66,6.65,6.646191027372302
20230711093335870,6.66,6.65,6.646191027372302
20230711093335890,6.66,6.65,6.646191027372302
20230711093335920,6.66,6.65,6.646191027372302
20230711093340910,6.66,6.65,6.646202856959287
20230711093341020,6.66,6.65,6.646202856959287
20230711093342990,6.66,6.65,6.646202856959287
20230711093343100,6.66,6.65,6.646207435310233
20230711093343220,6.66,6.65,6.64623163132935
20230711093343310,6.66,6.65,6.64623163132935
20230711093343620,6.66,6.65,6.64623163132935
20230711093343990,6.66,6.65,6.646263764241614
20230711093346070,6.66,6.65,6.646278320581565
20230711093346080,6.66,6.65,6.646278320581565
20230711093346090,6.66,6.65,6.646278320581565
20230711093346120,6.66,6.65,6.646281473011033
20230711093346390,6.66,6.65,6.646281473011033
20230711093346530,6.66,6.65,6.646281473011033
20230711093348710,6.66,6.65,6.646281473011033
20230711093348920,6.66,6.65,6.646310462143144
20230711093348930,6.66,6.65,6.646324910814177
20230711093349080,6.66,6.65,6.646324910814177
20230711093349090,6.66,6.65,6.646324910814177
20230711093349210,6.66,6.65,6.64632779688918
20230711093349230,6.66,6.65,6.64632779688918
20230711093349440,6.66,6.65,6.64632779688918
20230711093349450,6.66,6.65,6.64632779688918
20230711093351530,6.66,6.65,6.64632779688918
20230711093351690,6.66,6.65,6.64632779688918
20230711093351750,6.66,6.65,6.646436901291128
20230711093351830,6.66,6.65,6.646436901291128
20230711093352120,6.66,6.65,6.646436901291128
20230711093352170,6.66,6.65,6.646436901291128
20230711093352190,6.66,6.65,6.646436901291128
20230711093352220,6.66,6.65,6.646436901291128
20230711093354010,6.66,6.65,6.646436901291128
20230711093354660,6.66,6.65,6.646436901291128
20230711093356930,6.66,6.65,6.646499286201974
20230711093357050,6.66,6.65,6.646499286201974
20230711093357330,6.66,6.65,6.646499286201974
20230711093400050,6.66,6.65,6.646499286201974
20230711093400180,6.66,6.65,6.646499286201974
20230711093401850,6.66,6.65,6.646499286201974
20230711093402240,6.66,6.65,6.646499286201974
20230711093402530,6.66,6.65,6.646499286201974
20230711093403060,6.66,6.65,6.646499286201974
20230711093404520,6.66,6.65,6.646513238120828
20230711093404560,6.66,6.65,6.646524378910848
20230711093404940,6.66,6.65,6.646565993453153
20230711093405030,6.66,6.65,6.646724513254532
20230711093405040,6.66,6.65,6.646729209440368
20230711093405050,6.66,6.65,6.646785620306459
20230711093405110,6.66,6.66,6.646790967768043
20230711093405150,6.66,6.66,6.646790967768043
20230711093405460,6.66,6.66,6.646798980850504
20230711093405520,6.66,6.66,6.646806984216802
20230711093405600,6.66,6.66,6.646806984216802
20230711093405740,6.66,6.66,6.646806984216802
20230711093407200,6.66,6.66,6.646806984216802
20230711093407940,6.66,6.66,6.6468627372064475
20230711093408140,6.66,6.66,6.6468627372064475
20230711093408170,6.66,6.66,6.6468627372064475
20230711093408260,6.66,6.66,6.6468970154346385
20230711093410030,6.66,6.66,6.6468970154346385
20230711093410800,6.66,6.66,6.6468970154346385
20230711093411040,6.66,6.66,6.6468970154346385
20230711093412820,6.66,6.66,6.64720768914232
20230711093412830,6.66,6.66,6.64720768914232
20230711093412840,6.66,6.66,6.64720768914232
20230711093412850,6.66,6.66,6.64720768914232
20230711093412870,6.66,6.66,6.64720768914232
20230711093413060,6.66,6.66,6.64720768914232
20230711093413080,6.66,6.66,6.64720768914232
20230711093413130,6.66,6.66,6.6472177079866075
20230711093413170,6.66,6.66,6.6472177079866075
20230711093413340,6.66,6.66,6.6472177079866075
20230711093413520,6.66,6.66,6.6472177079866075
20230711093415370,6.66,6.66,6.6472177079866075
20230711093415430,6.66,6.66,6.6472177079866075
20230711093415450,6.66,6.66,6.6472177079866075
20230711093415480,6.66,6.66,6.6472177079866075
20230711093415600,6.66,6.66,6.6472177079866075
20230711093415640,6.66,6.66,6.6472177079866075
20230711093415930,6.66,6.66,6.6472177079866075
20230711093416100,6.66,6.66,6.6472177079866075
20230711093416110,6.66,6.66,6.6472177079866075
20230711093416220,6.66,6.66,6.64724160850781
20230711093418140,6.66,6.66,6.64724160850781
20230711093418500,6.66,6.66,6.64724160850781
20230711093418930,6.66,6.66,6.64724160850781
20230711093419050,6.66,6.66,6.64724160850781
20230711093419090,6.66,6.66,6.6473259638401805
20230711093419100,6.66,6.66,6.6473259638401805
20230711093419110,6.66,6.66,6.6473259638401805
20230711093419120,6.66,6.66,6.6473259638401805
20230711093419130,6.66,6.66,6.6473259638401805
20230711093419150,6.66,6.66,6.6473259638401805
20230711093419210,6.66,6.66,6.6473259638401805
20230711093419220,6.66,6.66,6.6473259638401805
20230711093420840,6.66,6.66,6.6473259638401805
20230711093420860,6.66,6.66,6.6473259638401805
20230711093421030,6.66,6.66,6.6473259638401805
20230711093421070,6.66,6.66,6.647367757453495
20230711093421430,6.66,6.66,6.647367757453495
20230711093421440,6.66,6.66,6.647372656234851
20230711093426190,6.66,6.66,6.647372656234851
20230711093427280,6.66,6.66,6.647372656234851
20230711093427290,6.66,6.66,6.647372656234851
20230711093429040,6.66,6.66,6.647372656234851
20230711093430010,6.66,6.66,6.647372656234851
20230711093432030,6.66,6.66,6.647372656234851
20230711093432120,6.66,6.66,6.647372656234851
20230711093432460,6.66,6.66,6.647372656234851
20230711093432540,6.66,6.66,6.647372656234851
20230711093432560,6.66,6.66,6.647372656234851
20230711093432590,6.66,6.66,6.647372656234851
20230711093432620,6.66,6.66,6.647372656234851
20230711093432720,6.66,6.66,6.647372656234851
20230711093434690,6.66,6.66,6.647372656234851
20230711093435020,6.66,6.66,6.647372656234851
20230711093435450,6.66,6.66,6.647372656234851
20230711093437010,6.66,6.66,6.647465016457183
20230711093437080,6.66,6.66,6.647467428747378
20230711093437100,6.66,6.66,6.6474939027903135
20230711093437160,6.66,6.66,6.6474939027903135
20230711093437260,6.66,6.66,6.64750829608885
20230711093437660,6.66,6.66,6.64750829608885
20230711093438020,6.66,6.66,6.647522656294905
20230711093438030,6.66,6.66,6.647560789257541
20230711093439590,6.66,6.66,6.647560789257541
20230711093439780,6.66,6.66,6.647560789257541
20230711093440100,6.66,6.66,6.647570286106923
20230711093440180,6.66,6.66,6.647570286106923
20230711093440230,6.66,6.66,6.647570286106923
20230711093440240,6.66,6.66,6.647570286106923
20230711093440380,6.66,6.66,6.647570286106923
20230711093442320,6.66,6.66,6.647570286106923
20230711093442430,6.66,6.66,6.647586870747003
20230711093442450,6.66,6.66,6.64762696407197
20230711093442460,6.66,6.66,6.64762696407197
20230711093442470,6.66,6.66,6.64762696407197
20230711093442480,6.66,6.66,6.64762696407197
20230711093442500,6.66,6.66,6.64762696407197
20230711093443100,6.66,6.66,6.64762696407197
20230711093443140,6.66,6.66,6.64762696407197
20230711093443380,6.66,6.66,6.64762696407197
20230711093443440,6.66,6.66,6.6476504276259645
20230711093443560,6.66,6.66,6.6476504276259645
20230711093445670,6.66,6.66,6.6476504276259645
20230711093446100,6.66,6.66,6.6476504276259645
20230711093447950,6.66,6.66,6.6476504276259645
20230711093450450,6.66,6.66,6.6476504276259645
20230711093451020,6.66,6.66,6.6476504276259645
20230711093453180,6.66,6.66,6.6476504276259645
20230711093454170,6.66,6.66,6.6476504276259645
20230711093454270,6.66,6.66,6.6476504276259645
20230711093456580,6.66,6.66,6.6476504276259645
20230711093457060,6.66,6.66,6.6476504276259645
20230711093458910,6.66,6.66,6.6476504276259645
20230711093459100,6.66,6.66,6.6476504276259645
20230711093501220,6.66,6.66,6.6476504276259645
20230711093501230,6.66,6.66,6.6476504276259645
20230711093501630,6.66,6.66,6.6476504276259645
20230711093501690,6.66,6.66,6.6476504276259645
20230711093501880,6.66,6.66,6.6476504276259645
20230711093502060,6.66,6.66,6.6476504276259645
20230711093502270,6.66,6.66,6.6476504276259645
20230711093502320,6.66,6.66,6.6476504276259645
20230711093502390,6.66,6.66,6.6476504276259645
20230711093504030,6.66,6.66,6.6476504276259645
20230711093504120,6.66,6.66,6.6476504276259645
20230711093504180,6.66,6.66,6.6476504276259645
20230711093504200,6.66,6.66,6.6476504276259645
20230711093504340,6.66,6.66,6.6476504276259645
20230711093504480,6.66,6.66,6.6476504276259645
20230711093504630,6.66,6.66,6.6476504276259645
20230711093504710,6.66,6.66,6.6476504276259645
20230711093504890,6.66,6.66,6.6476504276259645
20230711093504980,6.66,6.66,6.6476504276259645
20230711093507090,6.66,6.66,6.64778523363429
20230711093507140,6.66,6.66,6.64778523363429
20230711093507260,6.66,6.66,6.64778523363429
20230711093507570,6.66,6.66,6.64778523363429
20230711093507710,6.66,6.66,6.64778523363429
20230711093509370,6.66,6.66,6.647822855314905
20230711093509470,6.66,6.66,6.647822855314905
20230711093509560,6.66,6.66,6.647822855314905
20230711093510090,6.66,6.66,6.647822855314905
20230711093510290,6.66,6.66,6.647822855314905
20230711093512440,6.66,6.66,6.647822855314905
20230711093512800,6.66,6.66,6.647822855314905
20230711093513110,6.66,6.66,6.647822855314905
20230711093513250,6.66,6.66,6.6478525707206275
20230711093514760,6.66,6.66,6.6478525707206275
20230711093515030,6.66,6.66,6.6478525707206275
20230711093515060,6.66,6.66,6.647919353934159
20230711093515120,6.66,6.66,6.647919353934159
20230711093515720,6.66,6.66,6.647919353934159
20230711093517510,6.66,6.66,6.647919353934159
20230711093517630,6.66,6.66,6.647923480926303
20230711093518370,6.66,6.66,6.647923480926303
20230711093518590,6.66,6.66,6.647923480926303
20230711093520330,6.66,6.66,6.647923480926303
20230711093520490,6.66,6.66,6.647923480926303
20230711093520590,6.66,6.66,6.647923480926303
20230711093520600,6.66,6.66,6.647923480926303
20230711093520740,6.66,6.66,6.647923480926303
20230711093520940,6.66,6.66,6.647923480926303
20230711093521000,6.66,6.66,6.647923480926303
20230711093521050,6.66,6.66,6.647923480926303
20230711093522800,6.66,6.66,6.647923480926303
20230711093522880,6.66,6.66,6.647971776373431
20230711093523150,6.66,6.66,6.647971776373431
20230711093525880,6.66,6.66,6.647971776373431
20230711093526280,6.66,6.66,6.647971776373431
20230711093528640,6.66,6.66,6.648008672510375
20230711093529040,6.66,6.66,6.648008672510375
20230711093529050,6.66,6.66,6.648008672510375
20230711093531040,6.66,6.66,6.648008672510375
20230711093531080,6.66,6.66,6.648008672510375
20230711093531130,6.66,6.66,6.648008672510375
20230711093531200,6.66,6.66,6.648021679712921
20230711093531300,6.66,6.66,6.648066539253707
20230711093534080,6.66,6.66,6.648066539253707
20230711093534110,6.66,6.66,6.648066539253707
20230711093534170,6.66,6.66,6.648066539253707
20230711093537090,6.66,6.66,6.648066539253707
20230711093537120,6.66,6.66,6.648066539253707
20230711093537320,6.66,6.66,6.648066539253707
20230711093539060,6.66,6.66,6.648066539253707
20230711093539270,6.66,6.66,6.648066539253707
20230711093539460,6.66,6.66,6.648066539253707
20230711093539970,6.66,6.66,6.648066539253707
20230711093542130,6.66,6.66,6.648066539253707
20230711093542140,6.66,6.66,6.648066539253707
20230711093542240,6.66,6.66,6.648066539253707
20230711093542810,6.66,6.66,6.648066539253707
20230711093544430,6.66,6.66,6.648066539253707
20230711093544540,6.66,6.66,6.648066539253707
20230711093544880,6.66,6.66,6.648066539253707
20230711093545040,6.66,6.66,6.648079810205179
20230711093545070,6.66,6.66,6.648079810205179
20230711093545650,6.66,6.66,6.648079810205179
20230711093545660,6.66,6.66,6.648079810205179
20230711093547460,6.66,6.66,6.648079810205179
20230711093547680,6.66,6.66,6.648116314786374
20230711093547840,6.66,6.66,6.648116314786374
20230711093547890,6.66,6.66,6.648116314786374
20230711093550680,6.66,6.66,6.648116314786374
20230711093550810,6.66,6.66,6.648116314786374
20230711093553420,6.66,6.66,6.648116314786374
20230711093553490,6.66,6.66,6.648116314786374
20230711093555440,6.66,6.66,6.648116314786374
20230711093556130,6.66,6.66,6.648188960404257
20230711093557970,6.66,6.66,6.648188960404257
20230711093558120,6.66,6.66,6.648193315266486
20230711093558220,6.66,6.66,6.648201684078639
20230711093558480,6.66,6.66,6.648201684078639
20230711093558890,6.66,6.66,6.648201684078639
20230711093600790,6.66,6.66,6.6484203710121665
20230711093600820,6.66,6.66,6.648630854541842
20230711093600870,6.66,6.66,6.648630854541842
20230711093601020,6.66,6.66,6.648630854541842
20230711093601110,6.66,6.66,6.648630854541842
20230711093601180,6.66,6.66,6.648630854541842
20230711093601760,6.66,6.66,6.648630854541842
20230711093604090,6.66,6.66,6.648630854541842
20230711093604130,6.66,6.66,6.648630854541842
20230711093604140,6.66,6.66,6.648630854541842
20230711093604190,6.66,6.66,6.648630854541842
20230711093604250,6.66,6.66,6.648630854541842
20230711093604330,6.66,6.66,6.648630854541842
20230711093606180,6.66,6.66,6.648630854541842
20230711093606210,6.66,6.66,6.648630854541842
20230711093606340,6.66,6.66,6.648630854541842
20230711093606760,6.66,6.66,6.648630854541842
20230711093606980,6.66,6.66,6.648630854541842
20230711093607000,6.66,6.66,6.648630854541842
20230711093607070,6.66,6.66,6.648630854541842
20230711093607080,6.66,6.66,6.648630854541842
20230711093607090,6.66,6.66,6.648630854541842
20230711093607100,6.66,6.66,6.648630854541842
20230711093607110,6.66,6.66,6.648630854541842
20230711093607120,6.66,6.66,6.648630854541842
20230711093608940,6.66,6.66,6.648630854541842
20230711093609520,6.66,6.66,6.648630854541842
20230711093609560,6.66,6.66,6.648630854541842
20230711093609570,6.66,6.66,6.648630854541842
20230711093609710,6.66,6.66,6.648630854541842
20230711093611400,6.66,6.66,6.648630854541842
20230711093611980,6.66,6.66,6.648630854541842
20230711093612140,6.66,6.66,6.648630854541842
20230711093612310,6.66,6.66,6.648630854541842
20230711093612400,6.66,6.66,6.648630854541842
20230711093614460,6.66,6.66,6.648630854541842
20230711093614740,6.66,6.66,6.648856443806181
20230711093614790,6.66,6.66,6.648856443806181
20230711093615090,6.66,6.66,6.648856443806181
20230711093617180,6.66,6.66,6.648856443806181
20230711093617280,6.66,6.66,6.648856443806181
20230711093617460,6.66,6.66,6.648856443806181
20230711093617660,6.66,6.66,6.648856443806181
20230711093619910,6.66,6.66,6.648860191799763
20230711093620450,6.66,6.66,6.648860191799763
20230711093622210,6.66,6.66,6.648860191799763
20230711093622440,6.66,6.66,6.648860191799763
20230711093622720,6.66,6.66,6.648989172209255
20230711093623120,6.66,6.66,6.648989172209255
20230711093624990,6.66,6.66,6.648989172209255
20230711093625060,6.66,6.66,6.648989172209255
20230711093625080,6.66,6.66,6.649062986207017
20230711093625090,6.66,6.66,6.649072537683614
20230711093625100,6.66,6.66,6.649072537683614
20230711093625110,6.66,6.66,6.649072537683614
20230711093625200,6.66,6.66,6.649072537683614
20230711093625240,6.66,6.66,6.649072537683614
20230711093625610,6.66,6.66,6.649072537683614
20230711093626070,6.66,6.66,6.649072537683614
20230711093627730,6.66,6.66,6.649131917262495
20230711093628070,6.66,6.66,6.649131917262495
20230711093628090,6.66,6.66,6.649131917262495
20230711093628100,6.66,6.66,6.649131917262495
20230711093628110,6.66,6.66,6.649131917262495
20230711093628120,6.66,6.66,6.649131917262495
20230711093628140,6.66,6.66,6.649131917262495
20230711093628200,6.66,6.66,6.649131917262495
20230711093628210,6.66,6.66,6.649131917262495
20230711093628260,6.66,6.66,6.649131917262495
20230711093628320,6.66,6.66,6.649131917262495
20230711093628540,6.66,6.66,6.649191523985943
20230711093628630,6.66,6.66,6.649191523985943
20230711093628710,6.66,6.66,6.649191523985943
20230711093630300,6.66,6.66,6.649191523985943
20230711093630480,6.66,6.66,6.649191523985943
20230711093630520,6.66,6.66,6.649227485612568
20230711093630860,6.66,6.66,6.649227485612568
20230711093631100,6.66,6.66,6.649227485612568
20230711093631110,6.66,6.66,6.649227485612568
20230711093631120,6.66,6.66,6.649227485612568
20230711093631130,6.66,6.66,6.649227485612568
20230711093631220,6.66,6.66,6.649227485612568
20230711093631430,6.66,6.66,6.649274550686679
20230711093633070,6.66,6.66,6.649274550686679
20230711093633290,6.66,6.66,6.649274550686679
20230711093633890,6.66,6.66,6.6492781213927605
20230711093634100,6.66,6.66,6.6492781213927605
20230711093634110,6.66,6.66,6.6492781213927605
20230711093634210,6.66,6.66,6.6492781213927605
20230711093635950,6.66,6.66,6.649317552816599
20230711093636420,6.66,6.66,6.649317552816599
20230711093636660,6.66,6.66,6.649317552816599
20230711093636880,6.66,6.65,6.649317552816599
20230711093636900,6.66,6.65,6.650391198800118
20230711093636910,6.66,6.65,6.650391198800118
20230711093636930,6.66,6.65,6.650391198800118
20230711093638750,6.66,6.65,6.650391198800118
20230711093638770,6.66,6.65,6.650444389771347
20230711093638830,6.66,6.65,6.650444389771347
20230711093638930,6.66,6.65,6.650444389771347
20230711093639050,6.66,6.65,6.650464916453132
20230711093639090,6.66,6.65,6.650479524458811
20230711093639100,6.66,6.65,6.650491178675807
20230711093639240,6.66,6.65,6.650491178675807
20230711093639250,6.66,6.65,6.650492633447057
20230711093639510,6.66,6.65,6.650492633447057
20230711093639530,6.66,6.65,6.650492633447057
20230711093641340,6.66,6.65,6.650492633447057
20230711093641360,6.66,6.65,6.650492633447057
20230711093641390,6.66,6.65,6.650492633447057
20230711093641720,6.66,6.65,6.650492633447057
20230711093642220,6.66,6.65,6.650492633447057
20230711093642230,6.66,6.65,6.650492633447057
20230711093644220,6.66,6.65,6.65052018977011
20230711093644690,6.66,6.65,6.65052018977011
20230711093646510,6.66,6.65,6.65052018977011
20230711093646620,6.66,6.65,6.650533187087732
20230711093646660,6.66,6.65,6.650533187087732
20230711093647150,6.66,6.65,6.650533187087732
20230711093647400,6.66,6.65,6.650533187087732
20230711093649700,6.66,6.65,6.650533187087732
20230711093650040,6.66,6.65,6.650533187087732
20230711093650300,6.66,6.65,6.650533187087732
20230711093652110,6.66,6.65,6.650533187087732
20230711093653120,6.66,6.65,6.650533187087732
20230711093654650,6.66,6.65,6.650533187087732
20230711093655110,6.66,6.65,6.650533187087732
20230711093655140,6.66,6.65,6.650533187087732
20230711093655200,6.66,6.65,6.6505501268939105
20230711093655440,6.66,6.65,6.6505501268939105
20230711093655580,6.66,6.65,6.6505501268939105
20230711093657470,6.66,6.65,6.6505501268939105
20230711093657720,6.66,6.65,6.6505501268939105
20230711093657790,6.66,6.65,6.6505501268939105
20230711093658110,6.66,6.65,6.6505501268939105
20230711093658130,6.66,6.65,6.6505501268939105
20230711093700020,6.66,6.65,6.6505501268939105
20230711093700140,6.66,6.65,6.6505501268939105
20230711093700760,6.66,6.65,6.6505501268939105
20230711093701030,6.66,6.65,6.6505501268939105
20230711093701110,6.66,6.65,6.6505501268939105
20230711093701220,6.66,6.65,6.6505501268939105
20230711093703170,6.66,6.65,6.6505501268939105
20230711093703360,6.66,6.65,6.6505501268939105
20230711093705440,6.66,6.65,6.6505501268939105
20230711093705760,6.66,6.65,6.650566640910261
20230711093705910,6.66,6.65,6.650566640910261
20230711093705980,6.66,6.65,6.650566640910261
20230711093706130,6.66,6.65,6.650559796437659
20230711093706140,6.66,6.65,6.650559796437659
20230711093706290,6.66,6.65,6.650559796437659
20230711093708370,6.66,6.65,6.650559796437659
20230711093708380,6.66,6.65,6.650559796437659
20230711093708390,6.66,6.65,6.650559796437659
20230711093708530,6.66,6.65,6.650559796437659
20230711093708570,6.66,6.65,6.650559796437659
20230711093710790,6.66,6.65,6.650559796437659
20230711093711140,6.66,6.65,6.650559796437659
20230711093711160,6.66,6.65,6.650559796437659
20230711093713870,6.66,6.65,6.650559796437659
20230711093714030,6.66,6.65,6.650559796437659
20230711093714530,6.66,6.65,6.650534656112159
20230711093714540,6.65,6.65,6.650534656112159
20230711093716290,6.65,6.65,6.650534656112159
20230711093716470,6.65,6.65,6.650534656112159
20230711093716590,6.65,6.65,6.650491029831541
20230711093716600,6.65,6.65,6.650491029831541
20230711093718970,6.65,6.65,6.650491029831541
20230711093719000,6.65,6.65,6.650491029831541
20230711093719010,6.65,6.65,6.650491029831541
20230711093719070,6.65,6.65,6.650491029831541
20230711093719080,6.65,6.65,6.650491029831541
20230711093719300,6.65,6.65,6.650491029831541
20230711093719440,6.65,6.65,6.650470359972366
20230711093719650,6.65,6.65,6.650470359972366
20230711093719850,6.65,6.65,6.650470359972366
20230711093720030,6.65,6.65,6.650470359972366
20230711093720060,6.65,6.65,6.650470359972366
20230711093722680,6.65,6.65,6.650470359972366
20230711093722710,6.65,6.65,6.650470359972366
20230711093722840,6.65,6.65,6.650470359972366
20230711093724460,6.65,6.65,6.650470359972366
20230711093725100,6.65,6.65,6.650470359972366
20230711093725200,6.65,6.65,6.650470359972366
20230711093727150,6.65,6.65,6.650470359972366
20230711093727290,6.65,6.65,6.650470359972366
20230711093727720,6.65,6.65,6.650470359972366
20230711093728120,6.65,6.65,6.650470359972366
20230711093728130,6.65,6.65,6.650470359972366
20230711093728170,6.65,6.65,6.650470359972366
20230711093730240,6.65,6.65,6.650470359972366
20230711093730300,6.65,6.65,6.650470359972366
20230711093730570,6.65,6.65,6.650470359972366
20230711093732460,6.65,6.65,6.650470359972366
20230711093732970,6.65,6.65,6.650470359972366
20230711093732990,6.65,6.65,6.650470359972366
20230711093733010,6.65,6.65,6.650470359972366
20230711093733280,6.65,6.65,6.650470359972366
20230711093735150,6.65,6.65,6.650470359972366
20230711093735170,6.65,6.65,6.650470359972366
20230711093736010,6.65,6.65,6.650470359972366
20230711093736030,6.65,6.65,6.650470359972366
20230711093736080,6.65,6.65,6.650470359972366
20230711093738450,6.65,6.65,6.650470359972366
20230711093740520,6.65,6.65,6.650480270937039
20230711093740600,6.65,6.65,6.650480200837797
20230711093741200,6.65,6.65,6.650480200837797
20230711093741230,6.65,6.65,6.650480200837797
20230711093741730,6.65,6.65,6.650480200837797
20230711093743200,6.65,6.65,6.650480200837797
20230711093743230,6.65,6.65,6.650480200837797
20230711093743690,6.65,6.65,6.650480200837797
20230711093743940,6.65,6.65,6.650480200837797
20230711093744010,6.65,6.65,6.650479850648309
20230711093744020,6.65,6.65,6.650479850648309
20230711093744230,6.65,6.65,6.65047936124022
20230711093744380,6.65,6.65,6.65047936124022
20230711093746070,6.65,6.65,6.650479082026415
20230711093746080,6.65,6.65,6.650478872829425
20230711093746140,6.65,6.65,6.6504773478090025
20230711093746170,6.65,6.65,6.650475823232397
20230711093746240,6.65,6.65,6.650475131859989
20230711093746310,6.65,6.65,6.650475131859989
20230711093746430,6.65,6.65,6.650474993826533
20230711093746840,6.65,6.65,6.650474924839877
20230711093747030,6.65,6.65,6.650474924839877
20230711093748880,6.65,6.65,6.650474649093522
20230711093748890,6.65,6.65,6.650474649093522
20230711093748950,6.65,6.65,6.650474649093522
20230711093749030,6.65,6.65,6.650474029833437
20230711093749080,6.65,6.65,6.650473686497762
20230711093749090,6.65,6.65,6.65047163688287
20230711093749530,6.65,6.65,6.65047163688287
20230711093751420,6.65,6.65,6.65047163688287
20230711093751860,6.65,6.65,6.65047163688287
20230711093751910,6.65,6.65,6.65047163688287
20230711093752070,6.65,6.65,6.650470145069228
20230711093752110,6.65,6.65,6.650470145069228
20230711093752120,6.65,6.65,6.650470145069228
20230711093752230,6.65,6.65,6.650470145069228
20230711093754030,6.65,6.65,6.650470145069228
20230711093754170,6.65,6.65,6.65047007748372
20230711093754210,6.65,6.65,6.650469267970667
20230711093754410,6.65,6.65,6.650469267970667
20230711093755080,6.65,6.65,6.650469267970667
20230711093757350,6.65,6.65,6.650469267970667
20230711093757360,6.65,6.65,6.650469267970667
20230711093757570,6.65,6.65,6.650469267970667
20230711093757720,6.65,6.65,6.650469267970667
20230711093800020,6.65,6.65,6.650469267970667
20230711093800330,6.65,6.65,6.650469267970667
20230711093802380,6.65,6.65,6.650469267970667
20230711093802630,6.65,6.65,6.650469267970667
20230711093802810,6.65,6.65,6.650466456499722
20230711093804980,6.65,6.65,6.650466456499722
20230711093805140,6.65,6.65,6.650466456499722
20230711093805210,6.65,6.65,6.650466456499722
20230711093805360,6.65,6.65,6.650466456499722
20230711093805480,6.65,6.65,6.650466456499722
20230711093805570,6.65,6.65,6.650466456499722
20230711093805740,6.65,6.65,6.650466456499722
20230711093807480,6.65,6.65,6.650466456499722
20230711093807570,6.65,6.65,6.650466456499722
20230711093807790,6.65,6.65,6.650466456499722
20230711093808640,6.65,6.65,6.650466456499722
20230711093810210,6.65,6.65,6.650466456499722
20230711093810330,6.65,6.65,6.650466456499722
20230711093810750,6.65,6.65,6.650466456499722
20230711093810820,6.65,6.65,6.650466456499722
20230711093811050,6.65,6.65,6.650466456499722
20230711093811270,6.65,6.65,6.650466456499722
20230711093813100,6.65,6.65,6.650466456499722
20230711093813110,6.65,6.65,6.650466456499722
20230711093813410,6.65,6.65,6.650466456499722
20230711093813500,6.65,6.65,6.650466456499722
20230711093814090,6.65,6.65,6.650466456499722
20230711093815810,6.65,6.65,6.650499624927463
20230711093815820,6.65,6.65,6.650498989299295
20230711093815830,6.65,6.65,6.650498918773763
20230711093815930,6.65,6.65,6.650497863278
20230711093816010,6.65,6.65,6.650497442329101
20230711093816070,6.65,6.65,6.650497232121476
20230711093816080,6.65,6.65,6.650513559654082
20230711093816090,6.65,6.65,6.650513193405395
20230711093816100,6.65,6.65,6.650513193405395
20230711093816110,6.65,6.65,6.650513193405395
20230711093816140,6.65,6.65,6.650513193405395
20230711093816230,6.65,6.65,6.650513193405395
20230711093818600,6.65,6.65,6.650512548356913
20230711093818710,6.65,6.65,6.650512548356913
20230711093821080,6.65,6.65,6.650512548356913
20230711093821530,6.65,6.65,6.650512548356913
20230711093822090,6.65,6.65,6.650512262188909
20230711093824640,6.65,6.65,6.650512262188909
20230711093824730,6.65,6.65,6.650512262188909
20230711093824880,6.65,6.65,6.650512262188909
20230711093826930,6.65,6.65,6.650512262188909
20230711093827260,6.65,6.65,6.650512262188909
20230711093827580,6.65,6.65,6.650512262188909
20230711093827590,6.65,6.65,6.650512262188909
20230711093829370,6.65,6.65,6.650512262188909
20230711093831840,6.65,6.65,6.650512262188909
20230711093832640,6.65,6.65,6.650512262188909
20230711093834770,6.65,6.65,6.650512262188909
20230711093835510,6.65,6.65,6.650509559446288
20230711093838410,6.65,6.65,6.650509559446288
20230711093840100,6.65,6.65,6.650509559446288
20230711093840120,6.65,6.65,6.650509559446288
20230711093841050,6.65,6.65,6.650509559446288
20230711093841090,6.65,6.65,6.650509559446288
20230711093843100,6.65,6.65,6.650509559446288
20230711093843470,6.65,6.65,6.650509559446288
20230711093845610,6.65,6.65,6.650509559446288
20230711093845730,6.65,6.65,6.650509559446288
20230711093845960,6.65,6.65,6.650509559446288
20230711093846100,6.65,6.65,6.650509559446288
20230711093848290,6.65,6.65,6.650509559446288
20230711093849100,6.65,6.65,6.650503725906498
20230711093849130,6.65,6.65,6.650503725906498
20230711093849180,6.65,6.65,6.650503725906498
20230711093851360,6.65,6.65,6.650503725906498
20230711093851460,6.65,6.65,6.650503725906498
20230711093853400,6.65,6.65,6.650503725906498
20230711093853520,6.65,6.65,6.650503725906498
20230711093854060,6.65,6.65,6.650503725906498
20230711093856220,6.65,6.65,6.650503725906498
20230711093856250,6.65,6.65,6.650503725906498
20230711093857010,6.65,6.65,6.650503725906498
20230711093857320,6.65,6.65,6.650503725906498
20230711093859260,6.65,6.65,6.650503725906498
20230711093901680,6.65,6.65,6.650503725906498
20230711093902180,6.65,6.65,6.650503237075957
20230711093902430,6.65,6.65,6.650503237075957
20230711093904310,6.65,6.65,6.650503237075957
20230711093905310,6.65,6.65,6.650503237075957
20230711093905330,6.65,6.65,6.650503237075957
20230711093905350,6.65,6.65,6.650503237075957
20230711093905360,6.65,6.65,6.650503237075957
20230711093905370,6.65,6.65,6.650503237075957
20230711093905410,6.65,6.65,6.650503237075957
20230711093907080,6.65,6.65,6.650503237075957
20230711093907100,6.65,6.65,6.650503237075957
20230711093907120,6.65,6.65,6.650503237075957
20230711093907140,6.65,6.65,6.650503237075957
20230711093907180,6.65,6.65,6.650503237075957
20230711093907630,6.65,6.65,6.650501152789475
20230711093908050,6.65,6.65,6.650501152789475
20230711093909630,6.65,6.65,6.650501152789475
20230711093909960,6.65,6.65,6.650501152789475
20230711093910080,6.65,6.65,6.650528612529769
20230711093910130,6.65,6.65,6.650528612529769
20230711093910170,6.65,6.65,6.650528612529769
20230711093910740,6.65,6.65,6.650528612529769
20230711093912270,6.65,6.65,6.650528612529769
20230711093912790,6.65,6.65,6.650528612529769
20230711093913270,6.65,6.65,6.650528612529769
20230711093913450,6.65,6.65,6.650528612529769
20230711093913510,6.65,6.65,6.650528612529769
20230711093916070,6.65,6.65,6.650528612529769
20230711093917690,6.65,6.65,6.650528612529769
20230711093917700,6.65,6.65,6.650528612529769
20230711093917790,6.65,6.65,6.650528612529769
20230711093918680,6.65,6.65,6.650528612529769
20230711093920630,6.65,6.65,6.650528612529769
20230711093920750,6.65,6.65,6.650528612529769
20230711093920830,6.65,6.65,6.650544102690966
20230711093920850,6.65,6.65,6.650544102690966
20230711093923670,6.65,6.65,6.650544102690966
20230711093923820,6.65,6.65,6.650544102690966
20230711093923930,6.65,6.65,6.650544102690966
20230711093925920,6.65,6.65,6.650544102690966
20230711093926090,6.65,6.65,6.650544102690966
20230711093926780,6.65,6.65,6.650544102690966
20230711093927020,6.65,6.65,6.650544102690966
20230711093928500,6.65,6.65,6.650544102690966
20230711093928900,6.65,6.65,6.650544102690966
20230711093928910,6.65,6.65,6.650544102690966
20230711093929090,6.65,6.65,6.650544102690966
20230711093929690,6.65,6.65,6.650544102690966
20230711093931240,6.65,6.65,6.650544102690966
20230711093931300,6.65,6.65,6.650544102690966
20230711093931340,6.65,6.65,6.650544102690966
20230711093931510,6.65,6.65,6.650544102690966
20230711093931920,6.65,6.65,6.650544102690966
20230711093932410,6.65,6.65,6.650544102690966
20230711093933990,6.65,6.65,6.650544102690966
20230711093934030,6.65,6.65,6.650544102690966
20230711093934110,6.65,6.65,6.650544102690966
20230711093934130,6.65,6.65,6.650544102690966
20230711093934170,6.65,6.65,6.650544102690966
20230711093934180,6.65,6.65,6.650567099982193
20230711093934440,6.65,6.65,6.650567099982193
20230711093935060,6.65,6.65,6.650567099982193
20230711093936820,6.65,6.65,6.650567099982193
20230711093937110,6.65,6.65,6.650567099982193
20230711093937200,6.65,6.65,6.650576136192575
20230711093937220,6.65,6.65,6.650576136192575
20230711093939660,6.65,6.65,6.650576136192575
20230711093939690,6.65,6.65,6.650576136192575
20230711093939950,6.65,6.65,6.650576136192575
20230711093940110,6.65,6.65,6.650576136192575
20230711093943100,6.65,6.65,6.650576136192575
20230711093943110,6.65,6.65,6.650576136192575
20230711093943180,6.65,6.65,6.650576136192575
20230711093945100,6.65,6.65,6.650576136192575
20230711093945240,6.65,6.65,6.6505953586327005
20230711093945250,6.65,6.65,6.6505953586327005
20230711093950130,6.65,6.65,6.650596628106313
20230711093950300,6.65,6.65,6.650596628106313
20230711093950440,6.65,6.65,6.650596628106313
20230711093951040,6.65,6.65,6.650596628106313
20230711093951240,6.65,6.65,6.6506131001307045
20230711093953250,6.65,6.65,6.6506131001307045
20230711093953490,6.65,6.65,6.650624470075233
20230711093953800,6.65,6.65,6.650624470075233
20230711093953960,6.65,6.65,6.650624470075233
20230711093955750,6.65,6.65,6.650624470075233
20230711093955930,6.65,6.65,6.650624470075233
20230711093955950,6.65,6.65,6.650624470075233
20230711093956350,6.65,6.65,6.650624470075233
20230711093958220,6.65,6.65,6.65064042092396
20230711093958250,6.65,6.65,6.65064042092396
20230711093958290,6.65,6.65,6.650650822475246
20230711093959070,6.65,6.65,6.650657014557641
20230711093959080,6.65,6.65,6.650657014557641
20230711094000870,6.65,6.65,6.650657014557641
20230711094000960,6.65,6.65,6.650657014557641
20230711094001030,6.65,6.65,6.650661141877119
20230711094001040,6.65,6.65,6.650661141877119
20230711094001070,6.65,6.65,6.650661141877119
20230711094001100,6.65,6.65,6.650661141877119
20230711094001110,6.65,6.65,6.650685530731363
20230711094001120,6.65,6.65,6.650685530731363
20230711094001130,6.65,6.65,6.650685530731363
20230711094001160,6.65,6.65,6.650685530731363
20230711094001180,6.65,6.65,6.650685530731363
20230711094002080,6.65,6.65,6.650685530731363
20230711094004080,6.65,6.65,6.650685530731363
20230711094004090,6.65,6.65,6.650685530731363
20230711094004140,6.65,6.65,6.650685530731363
20230711094004380,6.65,6.65,6.650685530731363
20230711094004480,6.65,6.65,6.650685530731363
20230711094004780,6.65,6.65,6.650685530731363
20230711094006340,6.65,6.65,6.650685530731363
20230711094007100,6.65,6.65,6.650685530731363
20230711094007110,6.65,6.65,6.650685530731363
20230711094007180,6.65,6.65,6.650685530731363
20230711094007270,6.65,6.65,6.650679673238999
20230711094007280,6.65,6.65,6.650679673238999
20230711094007320,6.65,6.65,6.650679673238999
20230711094009210,6.65,6.65,6.650679673238999
20230711094009400,6.65,6.65,6.6506895394031735
20230711094009560,6.65,6.65,6.6506895394031735
20230711094009570,6.65,6.65,6.6506895394031735
20230711094009790,6.65,6.65,6.6506895394031735
20230711094009820,6.65,6.65,6.6506895394031735
20230711094010080,6.65,6.65,6.650696747222688
20230711094010100,6.65,6.65,6.650696747222688
20230711094010110,6.65,6.65,6.650696747222688
20230711094010120,6.65,6.65,6.650696747222688
20230711094010140,6.65,6.65,6.650696747222688
20230711094010150,6.65,6.65,6.650696747222688
20230711094011770,6.65,6.65,6.650696747222688
20230711094011800,6.65,6.65,6.650696747222688
20230711094012120,6.65,6.65,6.650696747222688
20230711094012180,6.65,6.65,6.650696028769189
20230711094012230,6.65,6.65,6.650695849387266
20230711094014770,6.65,6.65,6.650695849387266
20230711094014830,6.65,6.65,6.650695849387266
20230711094015060,6.65,6.65,6.650695849387266
20230711094015320,6.65,6.65,6.650695849387266
20230711094015330,6.65,6.65,6.650695849387266
20230711094018230,6.65,6.65,6.650695849387266
20230711094020510,6.65,6.65,6.650695849387266
20230711094022710,6.65,6.65,6.650695849387266
20230711094022780,6.65,6.65,6.650695849387266
20230711094023320,6.65,6.65,6.650695849387266
20230711094023700,6.65,6.65,6.650695849387266
20230711094025180,6.65,6.65,6.650695849387266
20230711094025230,6.65,6.65,6.650695849387266
20230711094026030,6.65,6.65,6.650695849387266
20230711094028100,6.65,6.65,6.650695849387266
20230711094028470,6.65,6.65,6.650650058338569
20230711094028980,6.65,6.65,6.650650058338569
20230711094030560,6.65,6.65,6.650650058338569
20230711094031040,6.65,6.65,6.650650058338569
20230711094031080,6.65,6.65,6.650650058338569
20230711094031100,6.65,6.65,6.650650058338569
20230711094031110,6.65,6.65,6.650650058338569
20230711094031120,6.65,6.65,6.650650058338569
20230711094031130,6.65,6.65,6.650650058338569
20230711094031400,6.65,6.65,6.650650058338569
20230711094034090,6.65,6.65,6.650650058338569
20230711094034110,6.65,6.65,6.650650058338569
20230711094034140,6.65,6.65,6.650650058338569
20230711094034200,6.65,6.65,6.650650058338569
20230711094036030,6.65,6.65,6.650650058338569
20230711094036490,6.65,6.65,6.650650058338569
20230711094036740,6.65,6.65,6.650650058338569
20230711094037120,6.65,6.65,6.650650058338569
20230711094039040,6.65,6.65,6.650650058338569
20230711094041360,6.65,6.65,6.650650058338569
20230711094041470,6.65,6.65,6.650650058338569
20230711094041800,6.65,6.65,6.650650058338569
20230711094041940,6.65,6.65,6.650650058338569
20230711094042350,6.65,6.65,6.650650058338569
20230711094047700,6.65,6.65,6.650650058338569
20230711094049700,6.65,6.65,6.650650058338569
20230711094052200,6.65,6.65,6.650650058338569
20230711094053010,6.65,6.65,6.650650058338569
20230711094055100,6.65,6.65,6.650650058338569
20230711094055170,6.65,6.65,6.650650058338569
20230711094056070,6.65,6.65,6.650650058338569
20230711094058110,6.65,6.65,6.650650058338569
20230711094058120,6.65,6.65,6.650650058338569
20230711094058580,6.65,6.65,6.650650058338569
20230711094058730,6.65,6.65,6.650650058338569
20230711094100420,6.65,6.65,6.650650058338569
20230711094100430,6.65,6.65,6.650650058338569
20230711094100480,6.65,6.64,6.650570281838619
20230711094100670,6.65,6.64,6.650570281838619
20230711094100990,6.65,6.64,6.650449054852427
20230711094101030,6.65,6.64,6.650449054852427
20230711094101070,6.65,6.64,6.650449054852427
20230711094101110,6.65,6.64,6.650449054852427
20230711094101120,6.65,6.64,6.650449054852427
20230711094101390,6.65,6.64,6.650449054852427
20230711094103000,6.65,6.64,6.650449054852427
20230711094103110,6.64,6.64,6.650036125862505
20230711094103130,6.64,6.65,6.650036125862505
20230711094103140,6.64,6.65,6.650027673167855
20230711094103170,6.64,6.65,6.650027673167855
20230711094103990,6.64,6.65,6.650027673167855
20230711094104030,6.64,6.64,6.650002400297637
20230711094104040,6.64,6.64,6.64998681892802
20230711094104080,6.64,6.64,6.6499784490499625
20230711094104090,6.64,6.64,6.649840600758032
20230711094104100,6.64,6.64,6.649840600758032
20230711094104110,6.64,6.64,6.649840600758032
20230711094104120,6.64,6.64,6.649840600758032
20230711094104130,6.64,6.64,6.649840600758032
20230711094104170,6.64,6.64,6.649840600758032
20230711094105700,6.64,6.64,6.649840600758032
20230711094105820,6.64,6.64,6.649835955294868
20230711094106540,6.65,6.64,6.649835955294868
20230711094108450,6.65,6.64,6.649835955294868
20230711094108690,6.65,6.64,6.649885087850339
20230711094108700,6.65,6.64,6.649885087850339
20230711094108730,6.65,6.64,6.649885087850339
20230711094108960,6.65,6.64,6.649885087850339
20230711094109230,6.65,6.64,6.649885087850339
20230711094109490,6.65,6.64,6.649885087850339
20230711094111070,6.65,6.64,6.649885087850339
20230711094111270,6.65,6.64,6.649885206570776
20230711094112040,6.65,6.64,6.649885206570776
20230711094112290,6.65,6.64,6.649884071944263
20230711094113880,6.65,6.64,6.649884071944263
20230711094113950,6.65,6.64,6.649884071944263
20230711094114040,6.65,6.64,6.649884071944263
20230711094114060,6.65,6.64,6.649884071944263
20230711094114080,6.65,6.64,6.649884071944263
20230711094114120,6.65,6.64,6.649884071944263
20230711094114130,6.64,6.64,6.649884071944263
20230711094114140,6.64,6.64,6.649884071944263
20230711094114150,6.64,6.64,6.649884071944263
20230711094114440,6.64,6.64,6.649845649017299
20230711094114860,6.64,6.64,6.6498299145006445
20230711094116910,6.64,6.64,6.6498299145006445
20230711094117260,6.64,6.64,6.6498299145006445
20230711094117410,6.64,6.64,6.6498299145006445
20230711094122100,6.64,6.64,6.6498299145006445
20230711094122120,6.64,6.64,6.6498299145006445
20230711094122140,6.64,6.64,6.6498299145006445
20230711094122170,6.64,6.64,6.6498299145006445
20230711094122380,6.64,6.64,6.6498299145006445
20230711094123050,6.64,6.64,6.649828792530789
20230711094124580,6.64,6.64,6.649828792530789
20230711094124610,6.64,6.64,6.649828792530789
20230711094124910,6.64,6.64,6.649828792530789
20230711094125050,6.64,6.64,6.649828792530789
20230711094125070,6.64,6.64,6.649770800948566
20230711094125080,6.64,6.64,6.649770800948566
20230711094125090,6.64,6.64,6.649770800948566
20230711094125100,6.64,6.64,6.649770800948566
20230711094125110,6.64,6.64,6.649723803810149
20230711094125120,6.64,6.64,6.649723803810149
20230711094125130,6.64,6.64,6.649723803810149
20230711094125190,6.64,6.64,6.649723803810149
20230711094125200,6.64,6.64,6.64971830348557
20230711094125240,6.64,6.64,6.64971830348557
20230711094125350,6.64,6.64,6.64971830348557
20230711094125670,6.64,6.64,6.64971830348557
20230711094125760,6.64,6.64,6.64971830348557
20230711094127640,6.64,6.64,6.64971830348557
20230711094127700,6.64,6.64,6.64971830348557
20230711094128120,6.64,6.64,6.64971830348557
20230711094130300,6.64,6.64,6.64971830348557
20230711094130320,6.64,6.64,6.64971830348557
20230711094130330,6.64,6.64,6.64971830348557
20230711094131090,6.64,6.64,6.64971830348557
20230711094131110,6.64,6.64,6.64971830348557
20230711094131120,6.64,6.64,6.64971830348557
20230711094132860,6.64,6.64,6.64971830348557
20230711094133000,6.64,6.64,6.64971830348557
20230711094133430,6.64,6.64,6.64971830348557
20230711094133610,6.64,6.64,6.649571933949186
20230711094133660,6.64,6.64,6.649571933949186
20230711094133690,6.64,6.64,6.649571933949186
20230711094135450,6.64,6.64,6.649571933949186
20230711094136400,6.64,6.64,6.649567689800805
20230711094136410,6.64,6.64,6.6495655691376765
20230711094138180,6.64,6.64,6.6495655691376765
20230711094138380,6.64,6.64,6.6495655691376765
20230711094138390,6.64,6.64,6.6495655691376765
20230711094138410,6.64,6.64,6.64955709587767
20230711094138730,6.64,6.64,6.64955709587767
20230711094139110,6.64,6.64,6.64955709587767
20230711094141250,6.64,6.64,6.649557536807407
20230711094141440,6.64,6.64,6.649557634672594
20230711094141450,6.64,6.64,6.649557634672594
20230711094141840,6.64,6.64,6.649557634672594
20230711094144040,6.64,6.64,6.649557634672594
20230711094144280,6.64,6.64,6.649557634672594
20230711094146200,6.64,6.64,6.649557634672594
20230711094146220,6.64,6.64,6.649557634672594
20230711094146950,6.64,6.64,6.649557634672594
20230711094149090,6.64,6.64,6.6495577813892295
20230711094149100,6.64,6.64,6.6495577813892295
20230711094149110,6.64,6.64,6.6495577813892295
20230711094149160,6.64,6.64,6.6495577813892295
20230711094149520,6.64,6.64,6.6495577813892295
20230711094149920,6.64,6.64,6.6495577813892295
20230711094152710,6.64,6.64,6.6495577813892295
20230711094154460,6.64,6.64,6.6495577813892295
20230711094154810,6.64,6.64,6.6495577813892295
20230711094154890,6.64,6.64,6.6495577813892295
20230711094155040,6.64,6.64,6.649557928008576
20230711094155080,6.64,6.64,6.649557928008576
20230711094155100,6.64,6.64,6.649557928008576
20230711094155270,6.64,6.64,6.649557928008576
20230711094157480,6.64,6.64,6.649557928008576
20230711094158070,6.64,6.64,6.649557928008576
20230711094158100,6.64,6.64,6.649557928008576
20230711094158130,6.64,6.64,6.649557928008576
20230711094159690,6.64,6.64,6.649557928008576
20230711094159730,6.64,6.64,6.649557928008576
20230711094159830,6.64,6.64,6.649557928008576
20230711094200110,6.64,6.64,6.649557928008576
20230711094200720,6.64,6.64,6.649557928008576
20230711094200890,6.64,6.64,6.649557928008576
20230711094202630,6.64,6.64,6.649557928008576
20230711094202980,6.64,6.64,6.649557928008576
20230711094203060,6.64,6.64,6.649557928008576
20230711094203070,6.64,6.64,6.649557928008576
20230711094203210,6.64,6.64,6.649557928008576
20230711094203330,6.64,6.64,6.649557928008576
20230711094205860,6.64,6.64,6.649557928008576
20230711094206030,6.64,6.64,6.649557928008576
20230711094207800,6.64,6.64,6.649557928008576
20230711094208130,6.64,6.64,6.649557928008576
20230711094208650,6.64,6.64,6.649557928008576
20230711094208830,6.64,6.64,6.649557928008576
20230711094210490,6.64,6.64,6.649557928008576
20230711094210850,6.64,6.64,6.649557928008576
20230711094211580,6.64,6.64,6.649557928008576
20230711094213240,6.64,6.64,6.649557928008576
20230711094213330,6.64,6.64,6.649527340436081
20230711094213470,6.64,6.64,6.649527340436081
20230711094214120,6.64,6.64,6.649527340436081
20230711094216100,6.64,6.64,6.649527340436081
20230711094216110,6.64,6.64,6.649527340436081
20230711094216120,6.64,6.64,6.649527340436081
20230711094216150,6.64,6.64,6.649527340436081
20230711094216360,6.64,6.64,6.649527340436081
20230711094216380,6.64,6.64,6.649527340436081
20230711094216810,6.64,6.64,6.64951360690194
20230711094216870,6.64,6.64,6.64951360690194
20230711094219110,6.64,6.64,6.64951360690194
20230711094219120,6.64,6.64,6.64951360690194
20230711094219190,6.64,6.64,6.64951360690194
20230711094219250,6.64,6.64,6.64951360690194
20230711094219440,6.64,6.64,6.64951360690194
20230711094221430,6.64,6.64,6.64951360690194
20230711094221790,6.64,6.64,6.64951360690194
20230711094222080,6.64,6.64,6.649505021284085
20230711094222090,6.64,6.64,6.649505021284085
20230711094222100,6.64,6.64,6.649505021284085
20230711094222120,6.64,6.64,6.649505021284085
20230711094222140,6.64,6.64,6.649505021284085
20230711094222150,6.64,6.64,6.649505021284085
20230711094222160,6.64,6.64,6.649505021284085
20230711094224260,6.65,6.64,6.649505021284085
20230711094224420,6.65,6.64,6.649505021284085
20230711094224500,6.65,6.64,6.649505021284085
20230711094225100,6.65,6.64,6.649505021284085
20230711094225120,6.65,6.64,6.649505021284085
20230711094225180,6.65,6.64,6.649505021284085
20230711094226800,6.65,6.64,6.649505021284085
20230711094226890,6.65,6.64,6.649505021284085
20230711094226980,6.65,6.64,6.649505021284085
20230711094227860,6.65,6.64,6.649505021284085
20230711094229440,6.64,6.64,6.649505021284085
20230711094229450,6.64,6.64,6.649505021284085
20230711094229620,6.65,6.64,6.649505021284085
20230711094232050,6.64,6.64,6.649505021284085
20230711094232220,6.65,6.64,6.649494589587011
20230711094232620,6.65,6.64,6.649494589587011
20230711094232660,6.65,6.64,6.649494589587011
20230711094233150,6.64,6.64,6.649494589587011
20230711094233160,6.64,6.64,6.649494589587011
20230711094234940,6.64,6.64,6.649494589587011
20230711094235100,6.64,6.64,6.649486105201139
20230711094235200,6.64,6.64,6.649486105201139
20230711094237470,6.64,6.64,6.649486105201139
20230711094237510,6.64,6.64,6.649486105201139
20230711094237790,6.64,6.64,6.649486609332592
20230711094238030,6.64,6.64,6.649486609332592
20230711094238040,6.64,6.64,6.649486609332592
20230711094238080,6.64,6.64,6.649486609332592
20230711094238100,6.64,6.64,6.649486609332592
20230711094238550,6.64,6.64,6.649486609332592
20230711094240200,6.64,6.64,6.649486609332592
20230711094240210,6.64,6.64,6.649486609332592
20230711094240300,6.64,6.64,6.649482474968131
20230711094240650,6.64,6.64,6.649480409136956
20230711094240660,6.64,6.64,6.649480409136956
20230711094240820,6.64,6.64,6.649480409136956
20230711094241030,6.64,6.64,6.649480409136956
20230711094241180,6.64,6.64,6.649480409136956
20230711094241330,6.64,6.64,6.649480409136956
20230711094241370,6.64,6.64,6.649480409136956
20230711094241380,6.64,6.64,6.649480409136956
20230711094242920,6.64,6.64,6.649490712023767
20230711094243070,6.64,6.65,6.649490712023767
20230711094243100,6.64,6.65,6.649490822843341
20230711094243110,6.64,6.65,6.649490822843341
20230711094243120,6.64,6.65,6.649490822843341
20230711094243490,6.64,6.65,6.649490822843341
20230711094243890,6.65,6.65,6.649619500977843
20230711094246060,6.65,6.65,6.649619500977843
20230711094246080,6.65,6.65,6.649619500977843
20230711094246140,6.65,6.65,6.649619500977843
20230711094246150,6.65,6.65,6.649619500977843
20230711094246180,6.65,6.65,6.649619500977843
20230711094246200,6.65,6.65,6.649619500977843
20230711094246220,6.65,6.65,6.649619500977843
20230711094246230,6.65,6.65,6.649619500977843
20230711094246370,6.65,6.65,6.649619500977843
20230711094248810,6.66,6.65,6.649939806468992
20230711094248930,6.66,6.65,6.649939806468992
20230711094249120,6.65,6.65,6.649939806468992
20230711094249130,6.66,6.65,6.649950332667653
20230711094249270,6.66,6.65,6.649950332667653
20230711094251110,6.66,6.65,6.649950332667653
20230711094251220,6.66,6.65,6.649950332667653
20230711094251390,6.66,6.65,6.649950332667653
20230711094251830,6.66,6.65,6.649950332667653
20230711094252130,6.66,6.65,6.649950332667653
20230711094253910,6.66,6.64,6.649950332667653
20230711094253920,6.66,6.64,6.649950332667653
20230711094254280,6.66,6.64,6.649950332667653
20230711094254440,6.66,6.64,6.649950332667653
20230711094254800,6.66,6.64,6.649950332667653
20230711094256740,6.66,6.64,6.649950332667653
20230711094257430,6.66,6.64,6.649950332667653
20230711094300050,6.66,6.64,6.649950332667653
20230711094301770,6.66,6.64,6.649950332667653
20230711094302030,6.66,6.64,6.649950332667653
20230711094307220,6.66,6.64,6.649950332667653
20230711094307270,6.66,6.65,6.649950332667653
20230711094307490,6.66,6.65,6.649950332667653
20230711094307990,6.66,6.65,6.649950332667653
20230711094308380,6.66,6.65,6.649950332667653
20230711094308400,6.66,6.65,6.649950332667653
20230711094309940,6.66,6.65,6.649950332667653
20230711094310110,6.66,6.65,6.650118633584458
20230711094310120,6.65,6.65,6.650118633584458
20230711094310130,6.65,6.65,6.650118633584458
20230711094310150,6.65,6.65,6.650118633584458
20230711094310160,6.65,6.65,6.650118633584458
20230711094310200,6.65,6.64,6.6501182021155145
20230711094310210,6.65,6.64,6.650118142437369
20230711094310220,6.65,6.64,6.650118142437369
20230711094310230,6.65,6.64,6.650118142437369
20230711094311010,6.66,6.65,6.650118047077578
20230711094312640,6.66,6.65,6.650118035168427
20230711094313210,6.66,6.65,6.650118035168427
20230711094313220,6.66,6.65,6.650118035168427
20230711094313350,6.66,6.65,6.650118035168427
20230711094315360,6.66,6.65,6.650118035168427
20230711094321510,6.66,6.65,6.650118035168427
20230711094321540,6.66,6.65,6.650118035168427
20230711094321690,6.66,6.65,6.650118035168427
20230711094324230,6.66,6.65,6.650118035168427
20230711094324280,6.66,6.65,6.650118035168427
20230711094324290,6.66,6.65,6.650117987555842
20230711094324300,6.66,6.65,6.650117987555842
20230711094327020,6.66,6.65,6.650117987555842
20230711094328810,6.66,6.65,6.650117987555842
20230711094329120,6.66,6.65,6.650117963763951
20230711094329290,6.66,6.65,6.650117963763951
20230711094329990,6.66,6.65,6.650117963763951
20230711094331460,6.66,6.65,6.650117963763951
20230711094331470,6.65,6.65,6.650117856819075
20230711094331520,6.66,6.64,6.65011776191962
20230711094332040,6.66,6.64,6.65011776191962
20230711094332080,6.65,6.64,6.65011776191962
20230711094332140,6.65,6.64,6.65011776191962
20230711094334240,6.65,6.64,6.65011776191962
20230711094334340,6.65,6.65,6.65011776191962
20230711094334920,6.65,6.65,6.65011776191962
20230711094337070,6.65,6.64,6.65011776191962
20230711094337120,6.65,6.64,6.65011776191962
20230711094337130,6.65,6.64,6.650116626283141
20230711094337200,6.65,6.65,6.650116626283141
20230711094337320,6.65,6.65,6.650116626283141
20230711094337430,6.65,6.65,6.650116626283141
20230711094337590,6.65,6.65,6.650116602836666
20230711094337610,6.65,6.65,6.650116567684624
20230711094338040,6.65,6.65,6.650116567684624
20230711094338100,6.65,6.65,6.650116567684624
20230711094339660,6.65,6.65,6.650116567684624
20230711094339850,6.65,6.65,6.650116567684624
20230711094340030,6.65,6.65,6.650116567684624
20230711094340070,6.65,6.65,6.650116520848192
20230711094340080,6.65,6.65,6.650116474049381
20230711094340090,6.65,6.65,6.650116380564445
20230711094340120,6.65,6.65,6.650122204080815
20230711094342250,6.65,6.64,6.650122204080815
20230711094342270,6.65,6.64,6.650122204080815
20230711094343100,6.65,6.64,6.650122204080815
20230711094343170,6.65,6.64,6.650122204080815
20230711094343200,6.65,6.64,6.650122204080815
20230711094345070,6.65,6.64,6.650122204080815
20230711094346120,6.65,6.64,6.650122204080815
20230711094348190,6.65,6.64,6.650122204080815
20230711094348490,6.65,6.64,6.650122204080815
20230711094348510,6.65,6.64,6.650122204080815
20230711094348770,6.65,6.64,6.650122204080815
20230711094350740,6.65,6.64,6.650122204080815
20230711094350750,6.65,6.64,6.650122204080815
20230711094350990,6.65,6.64,6.650122204080815
20230711094351300,6.65,6.64,6.650122204080815
20230711094353400,6.65,6.64,6.650122204080815
20230711094354060,6.65,6.64,6.650122204080815
20230711094354140,6.65,6.64,6.650122204080815
20230711094354190,6.65,6.64,6.650122204080815
20230711094354210,6.65,6.64,6.650122204080815
20230711094356630,6.65,6.64,6.650122204080815
20230711094356670,6.65,6.64,6.650122204080815
20230711094358620,6.65,6.64,6.650122204080815
20230711094401220,6.65,6.64,6.650122204080815
20230711094401330,6.65,6.64,6.650122204080815
20230711094401420,6.65,6.64,6.650122204080815
20230711094401480,6.65,6.64,6.650122204080815
20230711094403960,6.65,6.64,6.650122204080815
20230711094404010,6.65,6.64,6.650122204080815
20230711094404210,6.65,6.64,6.650122204080815
20230711094406740,6.65,6.64,6.650122204080815
20230711094406790,6.65,6.64,6.650122204080815
20230711094406960,6.65,6.64,6.650122204080815
20230711094406970,6.65,6.64,6.650122204080815
20230711094407180,6.65,6.64,6.650122204080815
20230711094407740,6.65,6.64,6.650122204080815
20230711094409510,6.65,6.64,6.650122204080815
20230711094415580,6.65,6.64,6.650122204080815
20230711094417740,6.65,6.64,6.650122204080815
20230711094418090,6.65,6.64,6.650122204080815
20230711094418380,6.65,6.64,6.650122204080815
20230711094418600,6.65,6.64,6.650122204080815
20230711094420550,6.65,6.64,6.650122204080815
20230711094423110,6.65,6.64,6.650122204080815
20230711094423880,6.65,6.64,6.650122204080815
20230711094425520,6.65,6.64,6.650122204080815
20230711094425800,6.65,6.64,6.650122204080815
20230711094428170,6.65,6.64,6.650122204080815
20230711094428200,6.65,6.64,6.650122204080815
20230711094428400,6.65,6.64,6.650122204080815
20230711094431100,6.65,6.64,6.650122204080815
20230711094431110,6.65,6.64,6.650122204080815
20230711094431120,6.65,6.64,6.650122204080815
20230711094431130,6.65,6.64,6.650122204080815
20230711094431150,6.65,6.64,6.650122204080815
20230711094431170,6.65,6.64,6.650122204080815
20230711094431190,6.65,6.64,6.650122204080815
20230711094431350,6.65,6.64,6.650122204080815
20230711094431390,6.65,6.64,6.650122204080815
20230711094431450,6.65,6.64,6.650122204080815
20230711094431900,6.65,6.64,6.650122204080815
20230711094433530,6.65,6.64,6.650122204080815
20230711094433790,6.65,6.64,6.650122204080815
20230711094433990,6.65,6.64,6.650122204080815
20230711094434040,6.65,6.64,6.650122204080815
20230711094434110,6.65,6.64,6.650122204080815
20230711094434120,6.65,6.64,6.650122204080815
20230711094434130,6.65,6.64,6.650122204080815
20230711094434160,6.65,6.64,6.650122204080815
20230711094434170,6.65,6.64,6.650122204080815
20230711094434200,6.65,6.64,6.650122204080815
20230711094434210,6.65,6.64,6.650122204080815
20230711094434220,6.65,6.64,6.650122204080815
20230711094434720,6.65,6.64,6.650122204080815
20230711094434730,6.65,6.64,6.650122204080815
20230711094436730,6.65,6.64,6.650122204080815
20230711094436850,6.65,6.64,6.650122204080815
20230711094437200,6.65,6.64,6.650122204080815
20230711094439050,6.65,6.64,6.650122204080815
20230711094439130,6.66,6.64,6.650122204080815
20230711094439280,6.65,6.64,6.650122204080815
20230711094439760,6.65,6.64,6.650122204080815
20230711094440080,6.65,6.64,6.650122204080815
20230711094441710,6.65,6.64,6.650122204080815
20230711094441810,6.65,6.64,6.650122204080815
20230711094442470,6.66,6.64,6.650012580685744
20230711094444500,6.66,6.64,6.650012580685744
20230711094444870,6.66,6.64,6.650012569737872
20230711094445570,6.66,6.64,6.650012569737872
20230711094450010,6.66,6.64,6.650012569737872
20230711094450840,6.66,6.64,6.650012569737872
20230711094450860,6.66,6.64,6.6499778383743005
20230711094452860,6.66,6.64,6.6499778383743005
20230711094452890,6.66,6.64,6.6499778383743005
20230711094453050,6.66,6.64,6.6499778383743005
20230711094455830,6.66,6.64,6.6499778383743005
20230711094458100,6.65,6.64,6.6499778383743005
20230711094500720,6.65,6.64,6.6499778383743005
20230711094500730,6.65,6.64,6.6499778383743005
20230711094500790,6.65,6.64,6.6499778383743005
20230711094500830,6.65,6.64,6.6499778383743005
20230711094501100,6.65,6.64,6.6499778383743005
20230711094501110,6.65,6.64,6.649963448534574
20230711094501120,6.65,6.64,6.649963448534574
20230711094501150,6.65,6.64,6.649963448534574
20230711094503280,6.65,6.64,6.649963448534574
20230711094503400,6.65,6.64,6.649963448534574
20230711094503430,6.65,6.64,6.649963448534574
20230711094503790,6.65,6.64,6.649963448534574
20230711094504000,6.65,6.64,6.649963452050051
20230711094504130,6.65,6.64,6.649963452050051
20230711094506190,6.65,6.64,6.649963452050051
20230711094506210,6.65,6.64,6.649963452050051
20230711094506240,6.65,6.64,6.649963452050051
20230711094506690,6.65,6.64,6.649963452050051
20230711094506980,6.65,6.64,6.649963452050051
20230711094508640,6.65,6.64,6.649963452050051
20230711094508990,6.65,6.64,6.649963452050051
20230711094511840,6.65,6.64,6.649953887389161
20230711094511940,6.65,6.64,6.649953909528245
20230711094512050,6.65,6.64,6.649953909528245
20230711094512090,6.65,6.64,6.649953909528245
20230711094512120,6.65,6.64,6.649953909528245
20230711094514060,6.65,6.64,6.649954499350668
20230711094515010,6.65,6.64,6.649954538135874
20230711094517030,6.65,6.64,6.649954538135874
20230711094519540,6.65,6.64,6.649954538135874
20230711094519570,6.65,6.64,6.649954538135874
20230711094519880,6.65,6.64,6.649954538135874
20230711094520560,6.65,6.64,6.649759501546061
20230711094520590,6.65,6.64,6.649759501546061
20230711094520600,6.65,6.64,6.649759501546061
20230711094520610,6.65,6.64,6.649759501546061
20230711094522390,6.65,6.64,6.649745094222444
20230711094522450,6.65,6.64,6.649745094222444
20230711094522650,6.65,6.64,6.649745141469653
20230711094523340,6.65,6.64,6.649745141469653
20230711094525290,6.65,6.64,6.649745424585505
20230711094525420,6.65,6.64,6.649745424585505
20230711094525440,6.65,6.64,6.649745424585505
20230711094526040,6.65,6.64,6.649745424585505
20230711094527990,6.65,6.64,6.649745424585505
20230711094528410,6.65,6.64,6.649745424585505
20230711094530670,6.65,6.64,6.649745424585505
20230711094531030,6.65,6.64,6.649740915862426
20230711094531080,6.65,6.64,6.649739113541117
20230711094531110,6.65,6.64,6.649739113541117
20230711094531180,6.65,6.64,6.649731011341893
20230711094531190,6.65,6.64,6.649731011341893
20230711094533760,6.64,6.64,6.649731011341893
20230711094534060,6.65,6.64,6.649731011341893
20230711094534080,6.64,6.64,6.649731011341893
20230711094534110,6.65,6.64,6.649700524312818
20230711094536110,6.65,6.64,6.649700524312818
20230711094538650,6.65,6.64,6.649700524312818
20230711094539020,6.65,6.64,6.649696950157972
20230711094539350,6.66,6.64,6.649702108780095
20230711094539390,6.66,6.64,6.649702108780095
20230711094539450,6.66,6.64,6.649702108780095
20230711094539540,6.66,6.64,6.649702108780095
20230711094539560,6.66,6.64,6.649702108780095
20230711094541490,6.65,6.64,6.649702108780095
20230711094541940,6.65,6.64,6.649702108780095
20230711094541950,6.65,6.64,6.649702108780095
20230711094541960,6.65,6.64,6.649702108780095
20230711094541990,6.65,6.64,6.649702108780095
20230711094542050,6.66,6.64,6.649702108780095
20230711094542100,6.66,6.64,6.649702108780095
20230711094544500,6.66,6.64,6.649702108780095
20230711094546610,6.66,6.64,6.649702108780095
20230711094547050,6.66,6.64,6.649703130216651
20230711094550350,6.66,6.64,6.649703130216651
20230711094550360,6.66,6.64,6.649703130216651
20230711094552150,6.66,6.64,6.649703130216651
20230711094554540,6.66,6.64,6.649703130216651
20230711094554600,6.66,6.64,6.649703130216651
20230711094554660,6.66,6.64,6.64971151158912
20230711094555070,6.65,6.64,6.64971151158912
20230711094555150,6.65,6.64,6.649710636149748
20230711094555230,6.65,6.64,6.649710688309464
20230711094557330,6.65,6.64,6.649710714382271
20230711094557360,6.66,6.64,6.649711416576016
20230711094557480,6.66,6.64,6.649725272258783
20230711094557780,6.66,6.64,6.649725272258783
20230711094558030,6.66,6.64,6.649725272258783
20230711094558090,6.65,6.64,6.649725272258783
20230711094558220,6.65,6.64,6.649725272258783
20230711094600680,6.65,6.65,6.649725272258783
20230711094600730,6.65,6.65,6.649726426649263
20230711094600740,6.65,6.64,6.649726475557105
20230711094600750,6.65,6.64,6.649726475557105
20230711094600860,6.65,6.64,6.649726695426168
20230711094600990,6.65,6.64,6.649726719834246
20230711094601080,6.65,6.64,6.649726719834246
20230711094601090,6.65,6.64,6.649726719834246
20230711094601180,6.65,6.64,6.649726719834246
20230711094602730,6.65,6.65,6.649726719834246
20230711094602740,6.65,6.65,6.649726768637326
20230711094602750,6.65,6.65,6.649726768637326
20230711094602760,6.65,6.65,6.649726768637326
20230711094602820,6.65,6.64,6.64972679303233
20230711094602890,6.65,6.64,6.64972679303233
20230711094603060,6.65,6.64,6.64972679303233
20230711094603110,6.65,6.64,6.64972679303233
20230711094603140,6.65,6.64,6.649722452767887
20230711094603150,6.65,6.64,6.649720717746469
20230711094603170,6.65,6.64,6.649718983344187
20230711094603570,6.65,6.64,6.649719208792776
20230711094603860,6.65,6.64,6.649719208792776
20230711094605410,6.65,6.64,6.649719208792776
20230711094605890,6.65,6.64,6.649719208792776
20230711094606520,6.65,6.64,6.649719208792776
20230711094608320,6.65,6.64,6.649719208792776
20230711094609150,6.65,6.64,6.649719208792776
20230711094611110,6.65,6.64,6.649718342499086
20230711094611360,6.65,6.64,6.649718342499086
20230711094611380,6.65,6.64,6.649717476359812
20230711094614270,6.65,6.64,6.649717476359812
20230711094614370,6.66,6.64,6.649717476359812
20230711094614420,6.66,6.64,6.649717476359812
20230711094614660,6.66,6.64,6.649717476359812
20230711094616200,6.65,6.64,6.649717476359812
20230711094616250,6.65,6.64,6.649717476359812
20230711094616290,6.65,6.64,6.649717476359812
20230711094616880,6.65,6.64,6.649717476359812
20230711094616930,6.65,6.64,6.649717476359812
20230711094617090,6.65,6.64,6.649717476359812
20230711094617220,6.65,6.64,6.649717476359812
20230711094617280,6.65,6.64,6.649712513239522
20230711094619030,6.65,6.64,6.649696977775408
20230711094619070,6.65,6.64,6.649696977775408
20230711094619080,6.65,6.64,6.649691810325686
20230711094619090,6.65,6.64,6.649690949619459
20230711094619100,6.65,6.64,6.649690089066094
20230711094619110,6.65,6.64,6.649690089066094
20230711094619170,6.65,6.64,6.649690089066094
20230711094619180,6.65,6.64,6.649690089066094
20230711094619200,6.65,6.64,6.649672910036964
20230711094619250,6.65,6.64,6.649672910036964
20230711094622090,6.65,6.64,6.64966948153793
20230711094622110,6.65,6.64,6.649667768199658
20230711094622120,6.65,6.64,6.64966434334399
20230711094622240,6.64,6.64,6.649659210607845
20230711094622270,6.65,6.64,6.649654937490599
20230711094622360,6.65,6.64,6.649654937490599
20230711094622430,6.65,6.64,6.649654937490599
20230711094624610,6.65,6.64,6.649654998540378
20230711094625000,6.65,6.64,6.649654998540378
20230711094625090,6.65,6.64,6.649654144516289
20230711094627030,6.65,6.64,6.649654144516289
20230711094627040,6.65,6.64,6.649654144516289
20230711094627060,6.65,6.64,6.649654419628258
20230711094627090,6.65,6.64,6.649654419628258
20230711094628090,6.65,6.64,6.649654419628258
20230711094630090,6.65,6.64,6.649654419628258
20230711094630100,6.65,6.64,6.649654419628258
20230711094630310,6.65,6.64,6.649654419628258
20230711094630410,6.65,6.64,6.649654419628258
20230711094636210,6.65,6.64,6.649654419628258
20230711094638050,6.65,6.64,6.649654419628258
20230711094638490,6.65,6.64,6.649654419628258
20230711094640650,6.65,6.64,6.649654419628258
20230711094640690,6.65,6.64,6.649654419628258
20230711094641040,6.65,6.64,6.649654419628258
20230711094641080,6.65,6.64,6.649654419628258
20230711094641160,6.65,6.64,6.649654419628258
20230711094641270,6.64,6.64,6.649654419628258
20230711094643110,6.64,6.64,6.649654419628258
20230711094643120,6.64,6.64,6.649654419628258
20230711094643170,6.65,6.64,6.649654419628258
20230711094643860,6.65,6.64,6.649654419628258
20230711094644280,6.65,6.64,6.649654419628258
20230711094644370,6.65,6.64,6.649654419628258
20230711094646100,6.65,6.64,6.649654419628258
20230711094646110,6.65,6.64,6.649654419628258
20230711094646160,6.65,6.64,6.649654419628258
20230711094646220,6.65,6.64,6.649654419628258
20230711094646290,6.65,6.64,6.649654419628258
20230711094646900,6.65,6.64,6.649547254245584
20230711094649040,6.64,6.64,6.649547254245584
20230711094649050,6.64,6.64,6.649510782834669
20230711094649060,6.64,6.64,6.649510782834669
20230711094649070,6.64,6.64,6.649510782834669
20230711094649080,6.64,6.64,6.649510782834669
20230711094649100,6.64,6.64,6.649510782834669
20230711094649140,6.64,6.64,6.649510782834669
20230711094649220,6.64,6.64,6.649510782834669
20230711094649240,6.65,6.64,6.649426116868188
20230711094652110,6.65,6.64,6.649425302256445
20230711094652120,6.65,6.64,6.649424487785487
20230711094652140,6.65,6.64,6.649424487785487
20230711094654200,6.65,6.64,6.6494236734552805
20230711094654240,6.65,6.64,6.6494236734552805
20230711094654990,6.65,6.64,6.6494236734552805
20230711094655100,6.65,6.64,6.6494236734552805
20230711094657270,6.65,6.64,6.6494236734552805
20230711094657450,6.65,6.64,6.6494236734552805
20230711094659350,6.65,6.64,6.6494236734552805
20230711094700140,6.65,6.64,6.649422045216971
20230711094703030,6.65,6.64,6.649422045216971
20230711094704800,6.65,6.64,6.649422045216971
20230711094704860,6.65,6.64,6.649422045216971
20230711094705020,6.65,6.64,6.649422045216971
20230711094707830,6.65,6.64,6.649422045216971
20230711094708240,6.64,6.64,6.649422045216971
20230711094710230,6.65,6.64,6.649422045216971
20230711094710550,6.65,6.64,6.649422045216971
20230711094710560,6.64,6.64,6.649422045216971
20230711094713320,6.64,6.64,6.649422045216971
20230711094713420,6.64,6.64,6.649422045216971
20230711094716120,6.64,6.64,6.649422045216971
20230711094716150,6.64,6.64,6.649422045216971
20230711094716220,6.64,6.64,6.649422045216971
20230711094716510,6.64,6.64,6.649422045216971
20230711094718670,6.64,6.64,6.649422045216971
20230711094718700,6.64,6.64,6.649422045216971
20230711094718710,6.64,6.64,6.649422045216971
20230711094719090,6.64,6.64,6.649422045216971
20230711094722110,6.64,6.64,6.649422045216971
20230711094722160,6.64,6.64,6.649422045216971
20230711094723740,6.64,6.64,6.649422045216971
20230711094724040,6.64,6.64,6.649422045216971
20230711094724750,6.64,6.64,6.649422045216971
20230711094727520,6.64,6.64,6.648058478405689
20230711094727550,6.64,6.64,6.648058478405689
20230711094730040,6.64,6.64,6.648058478405689
20230711094731840,6.64,6.64,6.648015100926393
20230711094731860,6.64,6.64,6.648015100926393
20230711094731870,6.64,6.64,6.648015100926393
20230711094731880,6.64,6.64,6.648015100926393
20230711094732020,6.64,6.64,6.648015100926393
20230711094732070,6.64,6.64,6.648015100926393
20230711094732360,6.64,6.64,6.648015100926393
20230711094734680,6.64,6.64,6.648015100926393
20230711094735420,6.65,6.64,6.647901849498354
20230711094735430,6.65,6.64,6.647886286466089
20230711094735440,6.65,6.64,6.647885665219823
20230711094735510,6.65,6.64,6.647885044071428
20230711094735520,6.65,6.64,6.647882560456088
20230711094737110,6.64,6.64,6.647882560456088
20230711094740080,6.65,6.64,6.647881939796697
20230711094740090,6.65,6.64,6.647881939796697
20230711094740270,6.65,6.64,6.64788260667648
20230711094743080,6.64,6.64,6.64788260667648
20230711094743090,6.64,6.64,6.64788260667648
20230711094743110,6.64,6.64,6.64788260667648
20230711094743220,6.64,6.64,6.64788260667648
20230711094743240,6.64,6.64,6.64788260667648
20230711094743470,6.64,6.64,6.64788260667648
20230711094743480,6.64,6.64,6.64788260667648
20230711094743700,6.64,6.64,6.647881986257704
20230711094745220,6.64,6.64,6.647881986257704
20230711094745230,6.64,6.64,6.647881986257704
20230711094745290,6.64,6.64,6.647881986257704
20230711094745350,6.65,6.64,6.647864654095953
20230711094746150,6.65,6.64,6.647864654095953
20230711094746210,6.65,6.64,6.647864654095953
20230711094746230,6.65,6.64,6.647859716041534
20230711094746270,6.65,6.64,6.647859716041534
20230711094746280,6.65,6.64,6.647859716041534
20230711094746290,6.65,6.64,6.647859716041534
20230711094748200,6.65,6.64,6.647859716041534
20230711094748310,6.65,6.64,6.647859716041534
20230711094749110,6.64,6.64,6.647859716041534
20230711094750810,6.64,6.64,6.647859716041534
