Timestamp,ask1,bid1,VWAP
20230802093000150,6.88,6.87,6.87
20230802093000160,6.88,6.87,6.870013568521031
20230802093000170,6.88,6.87,6.870013568521031
20230802093000180,6.88,6.87,6.870013568521031
20230802093000190,6.88,6.87,6.870013568521031
20230802093000200,6.88,6.87,6.870013568521031
20230802093000210,6.88,6.87,6.870013568521031
20230802093000220,6.88,6.87,6.870013568521031
20230802093000230,6.88,6.87,6.870013568521031
20230802093000240,6.88,6.87,6.870011914217633
20230802093000250,6.88,6.86,6.8700114986584895
20230802093000260,6.88,6.86,6.8700114986584895
20230802093000270,6.88,6.88,6.8700229709035225
20230802093000290,6.88,6.88,6.8700229709035225
20230802093000300,6.88,6.88,6.8700229709035225
20230802093000310,6.88,6.88,6.8700229709035225
20230802093000320,6.88,6.88,6.8700229709035225
20230802093000330,6.88,6.88,6.8700229709035225
20230802093000760,6.88,6.88,6.8700229709035225
20230802093000770,6.88,6.88,6.8700229709035225
20230802093000790,6.88,6.88,6.8700229709035225
20230802093000800,6.88,6.88,6.8700229709035225
20230802093000830,6.88,6.88,6.8700229709035225
20230802093000850,6.88,6.88,6.8700229709035225
20230802093000860,6.88,6.88,6.8700229709035225
20230802093000870,6.88,6.88,6.8700229709035225
20230802093000910,6.88,6.88,6.8700229709035225
20230802093000920,6.88,6.88,6.8701177336276675
20230802093000930,6.88,6.88,6.870128299120235
20230802093000940,6.88,6.88,6.870128299120235
20230802093000950,6.88,6.88,6.870128299120235
20230802093000960,6.88,6.88,6.870128299120235
20230802093000970,6.88,6.88,6.870127970749543
20230802093000980,6.88,6.88,6.870127970749543
20230802093000990,6.88,6.88,6.870127272727273
20230802093001000,6.88,6.88,6.870195016251354
20230802093001010,6.88,6.88,6.870195016251354
20230802093001020,6.88,6.88,6.870195016251354
20230802093001030,6.88,6.88,6.870195016251354
20230802093001040,6.88,6.88,6.870195016251354
20230802093001070,6.88,6.88,6.870195016251354
20230802093001080,6.88,6.88,6.87019777058612
20230802093001090,6.87,6.87,6.870192240475358
20230802093001100,6.87,6.87,6.870192240475358
20230802093001110,6.87,6.87,6.870192240475358
20230802093001130,6.87,6.87,6.870173973556019
20230802093001160,6.87,6.87,6.870173973556019
20230802093001180,6.87,6.87,6.8701739130434785
20230802093001190,6.87,6.87,6.8701739130434785
20230802093001200,6.87,6.87,6.870173852573018
20230802093001210,6.87,6.87,6.870173852573018
20230802093001220,6.87,6.87,6.870173852573018
20230802093002070,6.87,6.87,6.870173852573018
20230802093002080,6.87,6.87,6.870173852573018
20230802093002090,6.87,6.87,6.870173852573018
20230802093002120,6.87,6.87,6.870173852573018
20230802093002130,6.87,6.87,6.870173852573018
20230802093002160,6.87,6.86,6.870173671413685
20230802093002170,6.87,6.86,6.870173671413685
20230802093002190,6.87,6.86,6.870173671413685
20230802093002200,6.87,6.86,6.870172771250864
20230802093002210,6.87,6.86,6.870172771250864
20230802093002220,6.87,6.86,6.870172771250864
20230802093002250,6.87,6.86,6.870172771250864
20230802093002260,6.87,6.86,6.870172771250864
20230802093002270,6.87,6.86,6.870172771250864
20230802093002280,6.87,6.86,6.870172771250864
20230802093002290,6.87,6.86,6.870172771250864
20230802093002310,6.87,6.86,6.870172771250864
20230802093002320,6.87,6.86,6.870172771250864
20230802093002340,6.87,6.86,6.870172771250864
20230802093002410,6.87,6.86,6.870172771250864
20230802093002430,6.87,6.86,6.870172771250864
20230802093002460,6.87,6.86,6.870172771250864
20230802093002490,6.87,6.86,6.870172771250864
20230802093002520,6.87,6.86,6.870172771250864
20230802093002540,6.87,6.86,6.870172771250864
20230802093002560,6.87,6.86,6.870172771250864
20230802093002570,6.87,6.86,6.870172771250864
20230802093002580,6.87,6.86,6.870172771250864
20230802093002590,6.87,6.86,6.870172771250864
20230802093002600,6.87,6.86,6.870172771250864
20230802093002640,6.87,6.86,6.870172771250864
20230802093002650,6.87,6.86,6.870172771250864
20230802093002660,6.87,6.86,6.870172771250864
20230802093002690,6.87,6.86,6.870172771250864
20230802093002700,6.87,6.86,6.870172771250864
20230802093002710,6.87,6.86,6.870172771250864
20230802093002720,6.87,6.86,6.870172771250864
20230802093002730,6.87,6.86,6.870172771250864
20230802093002740,6.87,6.86,6.870172771250864
20230802093002810,6.88,6.86,6.870172771250864
20230802093002860,6.88,6.86,6.870172771250864
20230802093002910,6.88,6.86,6.870172771250864
20230802093002920,6.88,6.86,6.870172771250864
20230802093002930,6.88,6.86,6.870172771250864
20230802093002950,6.88,6.86,6.870172771250864
20230802093002960,6.88,6.86,6.870172771250864
20230802093002970,6.88,6.86,6.870172771250864
20230802093002990,6.88,6.86,6.870172771250864
20230802093003010,6.88,6.86,6.870172771250864
20230802093003020,6.88,6.86,6.870172771250864
20230802093004670,6.87,6.86,6.869917747548244
20230802093004680,6.87,6.86,6.86989271063427
20230802093004700,6.87,6.86,6.869861591695502
20230802093004720,6.87,6.86,6.869861591695502
20230802093004730,6.87,6.86,6.869861591695502
20230802093004740,6.87,6.86,6.869861591695502
20230802093004760,6.87,6.86,6.869861591695502
20230802093004780,6.87,6.86,6.869861591695502
20230802093004790,6.87,6.85,6.869861591695502
20230802093004950,6.87,6.85,6.869861591695502
20230802093004970,6.87,6.85,6.869861591695502
20230802093004980,6.87,6.85,6.869861591695502
20230802093005030,6.87,6.85,6.869861591695502
20230802093005050,6.87,6.85,6.869861591695502
20230802093005070,6.87,6.85,6.869861591695502
20230802093005110,6.87,6.85,6.869861591695502
20230802093005140,6.87,6.85,6.869861591695502
20230802093005170,6.87,6.85,6.869861591695502
20230802093005200,6.87,6.85,6.869861591695502
20230802093005260,6.87,6.85,6.869861591695502
20230802093005270,6.87,6.85,6.869861591695502
20230802093005320,6.87,6.85,6.869861591695502
20230802093005440,6.87,6.85,6.869861591695502
20230802093005900,6.87,6.85,6.869861591695502
20230802093006010,6.87,6.86,6.869861591695502
20230802093006040,6.87,6.86,6.869861591695502
20230802093006160,6.87,6.86,6.869861591695502
20230802093006200,6.87,6.86,6.869861591695502
20230802093006210,6.87,6.86,6.869861591695502
20230802093006320,6.87,6.86,6.869861591695502
20230802093006400,6.87,6.86,6.869861591695502
20230802093006560,6.87,6.86,6.869861591695502
20230802093006620,6.87,6.86,6.869861591695502
20230802093006800,6.87,6.86,6.869861591695502
20230802093010450,6.87,6.84,6.869861591695502
20230802093010550,6.87,6.84,6.869861591695502
20230802093010670,6.87,6.84,6.869861591695502
20230802093010680,6.87,6.84,6.869861591695502
20230802093011560,6.87,6.84,6.869061285500748
20230802093011760,6.86,6.84,6.869061285500748
20230802093011820,6.86,6.84,6.869061285500748
20230802093011910,6.86,6.84,6.869061285500748
20230802093011920,6.86,6.84,6.869061285500748
20230802093012030,6.86,6.84,6.869061285500748
20230802093012110,6.86,6.85,6.869061285500748
20230802093012120,6.85,6.84,6.867686546463245
20230802093012130,6.85,6.84,6.867579266611525
20230802093012830,6.85,6.84,6.86755990085376
20230802093012860,6.85,6.85,6.866428755475393
20230802093012930,6.85,6.85,6.866428755475393
20230802093012980,6.85,6.85,6.866428755475393
20230802093013000,6.87,6.85,6.866428755475393
20230802093013080,6.87,6.85,6.866428755475393
20230802093013090,6.87,6.85,6.866428755475393
20230802093013100,6.87,6.85,6.866428755475393
20230802093013110,6.87,6.85,6.866428755475393
20230802093015030,6.87,6.85,6.866428755475393
20230802093015400,6.87,6.85,6.866428755475393
20230802093016020,6.87,6.85,6.866428755475393
20230802093016080,6.87,6.85,6.866428755475393
20230802093018230,6.87,6.85,6.866428755475393
20230802093018250,6.87,6.86,6.866428755475393
20230802093018670,6.87,6.86,6.866428755475393
20230802093018880,6.87,6.86,6.866428755475393
20230802093018910,6.87,6.86,6.866398152898922
20230802093018940,6.87,6.86,6.866398152898922
20230802093020710,6.87,6.86,6.866398152898922
20230802093020920,6.87,6.86,6.866398152898922
20230802093021140,6.87,6.86,6.866398152898922
20230802093021400,6.87,6.86,6.866398152898922
20230802093021430,6.87,6.86,6.866381780962129
20230802093021530,6.87,6.86,6.866381780962129
20230802093021650,6.87,6.86,6.866381780962129
20230802093023160,6.87,6.86,6.8663785166240405
20230802093024030,6.87,6.86,6.8663785166240405
20230802093024160,6.87,6.86,6.8663785166240405
20230802093024170,6.87,6.86,6.8663785166240405
20230802093024190,6.87,6.86,6.866403352806706
20230802093024310,6.87,6.86,6.866403352806706
20230802093024350,6.87,6.86,6.866412465163415
20230802093026180,6.87,6.86,6.866412465163415
20230802093026240,6.87,6.86,6.86637521858606
20230802093026390,6.87,6.86,6.86637521858606
20230802093026490,6.87,6.86,6.866376123876124
20230802093026560,6.87,6.86,6.866376123876124
20230802093028730,6.88,6.86,6.866376123876124
20230802093029130,6.88,6.86,6.866376123876124
20230802093029170,6.88,6.86,6.866376123876124
20230802093029240,6.88,6.86,6.8664686958673595
20230802093029320,6.88,6.85,6.866457509881423
20230802093029350,6.88,6.85,6.866457509881423
20230802093029550,6.88,6.85,6.866457509881423
20230802093029590,6.88,6.85,6.866457509881423
20230802093031320,6.88,6.85,6.866457509881423
20230802093031710,6.88,6.85,6.866457509881423
20230802093031720,6.88,6.85,6.866457509881423
20230802093031740,6.87,6.85,6.866457509881423
20230802093031830,6.86,6.85,6.866457509881423
20230802093031840,6.86,6.85,6.866457509881423
20230802093032090,6.86,6.85,6.866457509881423
20230802093032120,6.86,6.85,6.866457509881423
20230802093033960,6.86,6.85,6.866457509881423
20230802093034060,6.86,6.86,6.866457509881423
20230802093034100,6.87,6.86,6.866457509881423
20230802093034110,6.87,6.86,6.866457509881423
20230802093034150,6.87,6.86,6.866457509881423
20230802093034160,6.87,6.86,6.866457509881423
20230802093034220,6.87,6.85,6.866338526912181
20230802093034310,6.87,6.85,6.866338526912181
20230802093034400,6.87,6.85,6.866338526912181
20230802093034640,6.87,6.86,6.866338526912181
20230802093034650,6.87,6.85,6.866338526912181
20230802093036620,6.87,6.85,6.866338526912181
20230802093036680,6.87,6.85,6.866338526912181
20230802093036690,6.87,6.86,6.866338526912181
20230802093036990,6.88,6.86,6.866338526912181
20230802093037070,6.88,6.86,6.866338526912181
20230802093037080,6.88,6.86,6.866338526912181
20230802093037100,6.88,6.86,6.866338526912181
20230802093037110,6.88,6.87,6.866462135036496
20230802093037120,6.88,6.87,6.866462135036496
20230802093037130,6.88,6.87,6.866462135036496
20230802093037140,6.88,6.87,6.866462135036496
20230802093037150,6.88,6.87,6.866462135036496
20230802093037160,6.88,6.87,6.866462135036496
20230802093037170,6.88,6.87,6.866462135036496
20230802093037180,6.88,6.87,6.866462135036496
20230802093037190,6.88,6.87,6.866462135036496
20230802093037200,6.88,6.87,6.866462135036496
20230802093037210,6.88,6.87,6.866462135036496
20230802093037220,6.88,6.87,6.866462135036496
20230802093037270,6.88,6.87,6.866462135036496
20230802093037300,6.88,6.87,6.866462135036496
20230802093037590,6.88,6.87,6.866482195509186
20230802093039910,6.88,6.87,6.866482195509186
20230802093040080,6.88,6.87,6.866482195509186
20230802093040100,6.88,6.87,6.866482195509186
20230802093040120,6.88,6.87,6.866482195509186
20230802093040570,6.88,6.87,6.866482195509186
20230802093042330,6.88,6.87,6.866521542973156
20230802093042480,6.88,6.87,6.866521542973156
20230802093042970,6.88,6.87,6.866521542973156
20230802093043100,6.88,6.87,6.866521542973156
20230802093043230,6.88,6.87,6.866521542973156
20230802093044710,6.88,6.87,6.866535344439442
20230802093044860,6.88,6.87,6.866535344439442
20230802093044980,6.88,6.87,6.866535344439442
20230802093045790,6.88,6.87,6.866535344439442
20230802093047500,6.88,6.87,6.866595696996862
20230802093047660,6.88,6.87,6.8665972222222225
20230802093047680,6.88,6.87,6.8665972222222225
20230802093047710,6.88,6.87,6.8665972222222225
20230802093047750,6.88,6.87,6.86660710297074
20230802093048350,6.88,6.87,6.866639964396974
20230802093048370,6.88,6.87,6.866639964396974
20230802093048520,6.88,6.87,6.866639964396974
20230802093050210,6.88,6.87,6.866639964396974
20230802093050220,6.88,6.87,6.866639964396974
20230802093050310,6.88,6.87,6.866639964396974
20230802093050400,6.88,6.87,6.866649656090526
20230802093050740,6.88,6.87,6.866649656090526
20230802093050850,6.88,6.87,6.866649656090526
20230802093051010,6.88,6.87,6.866649656090526
20230802093051030,6.88,6.87,6.866649656090526
20230802093051220,6.88,6.87,6.866653368794326
20230802093051330,6.88,6.87,6.866653368794326
20230802093052820,6.88,6.87,6.866654110347884
20230802093052850,6.88,6.87,6.866654110347884
20230802093053030,6.88,6.87,6.8667887694669885
20230802093053280,6.88,6.87,6.8667887694669885
20230802093053480,6.88,6.87,6.8667887694669885
20230802093053630,6.88,6.87,6.8667887694669885
20230802093053680,6.88,6.87,6.8667887694669885
20230802093053820,6.88,6.87,6.8667887694669885
20230802093055520,6.88,6.87,6.8667887694669885
20230802093055690,6.87,6.87,6.866820156385751
20230802093055700,6.87,6.87,6.866820156385751
20230802093055750,6.87,6.87,6.866820156385751
20230802093055770,6.87,6.87,6.86685499462943
20230802093055790,6.88,6.87,6.866857694784288
20230802093055810,6.88,6.87,6.866857694784288
20230802093055820,6.88,6.87,6.866857694784288
20230802093055870,6.88,6.87,6.866857694784288
20230802093055880,6.88,6.87,6.866857694784288
20230802093055920,6.88,6.87,6.866857694784288
20230802093056060,6.88,6.87,6.866857694784288
20230802093056110,6.88,6.87,6.866857694784288
20230802093056140,6.88,6.87,6.866857694784288
20230802093056360,6.88,6.87,6.866857694784288
20230802093058210,6.88,6.87,6.866863334048487
20230802093059070,6.88,6.87,6.866864006864007
20230802093059080,6.88,6.87,6.866864006864007
20230802093059460,6.88,6.87,6.866864006864007
20230802093100930,6.88,6.87,6.866864006864007
20230802093101110,6.88,6.87,6.866872454448017
20230802093101180,6.88,6.87,6.866875267895414
20230802093101200,6.88,6.87,6.866897732135216
20230802093101210,6.88,6.87,6.866897732135216
20230802093101240,6.88,6.87,6.866897732135216
20230802093101260,6.88,6.87,6.866900534759358
20230802093101310,6.88,6.87,6.866900534759358
20230802093101420,6.88,6.87,6.866900534759358
20230802093101510,6.88,6.87,6.866928495197438
20230802093101540,6.88,6.87,6.866928495197438
20230802093101590,6.88,6.87,6.866928495197438
20230802093101840,6.88,6.87,6.866928495197438
20230802093101860,6.88,6.87,6.866928495197438
20230802093101910,6.88,6.87,6.866928495197438
20230802093102030,6.88,6.87,6.866928495197438
20230802093103980,6.88,6.87,6.866928495197438
20230802093104080,6.88,6.87,6.866931284677763
20230802093104090,6.88,6.87,6.866931284677763
20230802093104100,6.88,6.87,6.866931284677763
20230802093104120,6.88,6.87,6.866931284677763
20230802093104150,6.88,6.87,6.866956336528221
20230802093104280,6.88,6.87,6.866956336528221
20230802093104400,6.88,6.87,6.8669698897370655
20230802093104690,6.88,6.87,6.8669698897370655
20230802093104810,6.88,6.87,6.8669698897370655
20230802093106350,6.88,6.87,6.866990945462202
20230802093106400,6.88,6.87,6.866990945462202
20230802093106420,6.88,6.87,6.866996005886063
20230802093106570,6.88,6.87,6.866996005886063
20230802093106580,6.88,6.87,6.866996005886063
20230802093107000,6.88,6.87,6.866997899159664
20230802093107130,6.88,6.87,6.866997899159664
20230802093107140,6.88,6.87,6.866997899159664
20230802093107220,6.88,6.87,6.86705230125523
20230802093107360,6.88,6.87,6.86705230125523
20230802093107460,6.88,6.87,6.86705230125523
20230802093109030,6.88,6.87,6.86705230125523
20230802093109170,6.88,6.87,6.867116985845129
20230802093109270,6.88,6.87,6.867116985845129
20230802093109310,6.88,6.87,6.8671757748776505
20230802093110100,6.88,6.87,6.867201872201872
20230802093112970,6.88,6.87,6.867207078925956
20230802093114570,6.88,6.87,6.867207078925956
20230802093114680,6.88,6.87,6.867207078925956
20230802093114790,6.88,6.87,6.867209680699614
20230802093115300,6.88,6.87,6.86721228141521
20230802093115450,6.88,6.87,6.86721228141521
20230802093117160,6.88,6.87,6.86721228141521
20230802093117330,6.88,6.87,6.86721228141521
20230802093117630,6.88,6.87,6.86721228141521
20230802093118030,6.88,6.87,6.867351166532583
20230802093118260,6.88,6.87,6.867351166532583
20230802093119960,6.88,6.87,6.867351166532583
20230802093120140,6.88,6.88,6.867351166532583
20230802093120290,6.88,6.88,6.867351166532583
20230802093120450,6.88,6.88,6.867351166532583
20230802093120590,6.88,6.88,6.867351166532583
20230802093121030,6.88,6.88,6.867351166532583
20230802093121050,6.88,6.88,6.867351166532583
20230802093122730,6.88,6.88,6.867351166532583
20230802093122860,6.88,6.88,6.867351166532583
20230802093122920,6.88,6.88,6.867704433497537
20230802093122950,6.88,6.88,6.867704433497537
20230802093122960,6.88,6.88,6.867704433497537
20230802093123080,6.88,6.88,6.867704433497537
20230802093123430,6.88,6.88,6.867765121759623
20230802093123570,6.88,6.88,6.867765121759623
20230802093123640,6.88,6.88,6.867765121759623
20230802093123650,6.88,6.88,6.867765121759623
20230802093123760,6.88,6.88,6.867765121759623
20230802093125370,6.88,6.88,6.867765121759623
20230802093125380,6.88,6.88,6.867765121759623
20230802093125410,6.88,6.88,6.867765121759623
20230802093125420,6.88,6.88,6.867765121759623
20230802093125530,6.88,6.88,6.867765121759623
20230802093125820,6.88,6.88,6.867765121759623
20230802093125860,6.88,6.88,6.867765121759623
20230802093126160,6.88,6.88,6.867765121759623
20230802093126230,6.88,6.88,6.867765121759623
20230802093126410,6.88,6.88,6.867765121759623
20230802093128100,6.88,6.88,6.867765121759623
20230802093128160,6.88,6.88,6.867765121759623
20230802093128170,6.88,6.88,6.867765121759623
20230802093128200,6.88,6.88,6.867765121759623
20230802093128660,6.88,6.88,6.867765121759623
20230802093128760,6.88,6.88,6.867765121759623
20230802093128920,6.88,6.88,6.867765121759623
20230802093130760,6.88,6.88,6.867765121759623
20230802093130810,6.88,6.88,6.867765121759623
20230802093131110,6.88,6.88,6.867765121759623
20230802093131210,6.88,6.88,6.867765121759623
20230802093131320,6.88,6.88,6.867765121759623
20230802093133630,6.88,6.88,6.867765121759623
20230802093133830,6.88,6.88,6.867765121759623
20230802093133840,6.88,6.88,6.867765121759623
20230802093134100,6.88,6.88,6.867765121759623
20230802093134180,6.88,6.88,6.868320260187488
20230802093136030,6.88,6.88,6.868320260187488
20230802093136120,6.88,6.88,6.868320260187488
20230802093137060,6.88,6.88,6.868357524828113
20230802093137090,6.88,6.88,6.86837817210456
20230802093137250,6.88,6.88,6.86837817210456
20230802093138720,6.88,6.88,6.8684398782343985
20230802093138860,6.88,6.88,6.8684767331434
20230802093138930,6.88,6.88,6.8684767331434
20230802093139380,6.88,6.88,6.8684767331434
20230802093139530,6.88,6.88,6.8684767331434
20230802093139650,6.88,6.88,6.868501233162588
20230802093139860,6.88,6.88,6.868501233162588
20230802093141720,6.88,6.88,6.868501233162588
20230802093141900,6.88,6.88,6.868501233162588
20230802093142020,6.88,6.88,6.868501233162588
20230802093142330,6.88,6.88,6.868501233162588
20230802093142520,6.88,6.88,6.868586812771585
20230802093144110,6.88,6.88,6.868586812771585
20230802093144150,6.88,6.88,6.868586812771585
20230802093144480,6.88,6.88,6.868586812771585
20230802093145080,6.88,6.88,6.868586812771585
20230802093145100,6.88,6.88,6.868586812771585
20230802093145210,6.88,6.88,6.868586812771585
20230802093145230,6.88,6.88,6.868586812771585
20230802093146990,6.88,6.88,6.868586812771585
20230802093147030,6.88,6.88,6.868586812771585
20230802093147060,6.88,6.88,6.868586812771585
20230802093147070,6.88,6.88,6.868627709707823
20230802093147200,6.88,6.88,6.868627709707823
20230802093147540,6.88,6.88,6.868627709707823
20230802093150090,6.88,6.88,6.868627709707823
20230802093150180,6.88,6.88,6.868627709707823
20230802093150200,6.88,6.88,6.868627709707823
20230802093150330,6.88,6.88,6.868627709707823
20230802093150360,6.88,6.88,6.868627709707823
20230802093150380,6.88,6.88,6.868627709707823
20230802093150410,6.88,6.88,6.868627709707823
20230802093152230,6.88,6.88,6.868627709707823
20230802093152490,6.88,6.88,6.868870667163622
20230802093152700,6.88,6.88,6.868909970238096
20230802093152830,6.88,6.88,6.868909970238096
20230802093153100,6.88,6.88,6.868909970238096
20230802093153140,6.88,6.88,6.868909970238096
20230802093153210,6.88,6.88,6.868909970238096
20230802093153340,6.88,6.88,6.868909970238096
20230802093153380,6.88,6.88,6.8689178133135
20230802093153430,6.88,6.88,6.8689178133135
20230802093154900,6.88,6.89,6.8689178133135
20230802093154950,6.88,6.89,6.8689178133135
20230802093154970,6.88,6.89,6.8689178133135
20230802093154980,6.88,6.89,6.8689178133135
20230802093154990,6.88,6.89,6.8689178133135
20230802093155020,6.88,6.89,6.8689178133135
20230802093155050,6.88,6.89,6.8689178133135
20230802093155080,6.88,6.89,6.8689178133135
20230802093155090,6.88,6.89,6.8689178133135
20230802093155120,6.88,6.89,6.8689178133135
20230802093155150,6.88,6.89,6.8689178133135
20230802093155170,6.88,6.89,6.8689178133135
20230802093155190,6.88,6.89,6.8689178133135
20230802093155210,6.88,6.89,6.8689178133135
20230802093155230,6.88,6.89,6.8689178133135
20230802093155750,6.88,6.89,6.8689178133135
20230802093155840,6.88,6.89,6.8689178133135
20230802093156090,6.88,6.89,6.8689178133135
20230802093157610,6.88,6.89,6.8689178133135
20230802093157810,6.88,6.89,6.8689178133135
20230802093158010,6.88,6.89,6.8689178133135
20230802093158080,6.88,6.89,6.869015361836017
20230802093158100,6.88,6.89,6.869049731928268
20230802093158120,6.88,6.89,6.869049731928268
20230802093158190,6.88,6.89,6.869049731928268
20230802093158200,6.88,6.89,6.869049731928268
20230802093158230,6.88,6.89,6.869049731928268
20230802093158260,6.88,6.89,6.869049731928268
20230802093158390,6.88,6.89,6.869049731928268
20230802093158590,6.88,6.89,6.869049731928268
20230802093158720,6.88,6.89,6.869049731928268
20230802093158730,6.88,6.89,6.869049731928268
20230802093200340,6.88,6.89,6.869049731928268
20230802093200360,6.88,6.89,6.869049731928268
20230802093200400,6.88,6.89,6.869049731928268
20230802093200420,6.88,6.89,6.869049731928268
20230802093200520,6.88,6.89,6.869049731928268
20230802093200660,6.88,6.89,6.869049731928268
20230802093200690,6.88,6.89,6.869049731928268
20230802093200700,6.88,6.89,6.869049731928268
20230802093200710,6.88,6.89,6.869049731928268
20230802093200810,6.88,6.89,6.869049731928268
20230802093200900,6.88,6.89,6.869049731928268
20230802093200940,6.88,6.89,6.869049731928268
20230802093200990,6.88,6.89,6.869049731928268
20230802093201060,6.88,6.89,6.869049731928268
20230802093201100,6.88,6.89,6.869049731928268
20230802093201110,6.88,6.89,6.869049731928268
20230802093201180,6.88,6.89,6.869049731928268
20230802093201210,6.88,6.89,6.869049731928268
20230802093201510,6.88,6.89,6.869576671511628
20230802093203030,6.88,6.89,6.869576671511628
20230802093203070,6.88,6.89,6.869576671511628
20230802093203390,6.88,6.89,6.869626337747143
20230802093203900,6.88,6.89,6.869626337747143
20230802093204060,6.88,6.89,6.869626337747143
20230802093204090,6.88,6.89,6.869675842086201
20230802093205830,6.88,6.89,6.869675842086201
20230802093206150,6.88,6.89,6.869675842086201
20230802093206230,6.88,6.89,6.86972518531911
20230802093206470,6.88,6.89,6.86972518531911
20230802093206760,6.88,6.89,6.86972518531911
20230802093206840,6.88,6.89,6.86972518531911
20230802093208450,6.88,6.89,6.86972518531911
20230802093208460,6.88,6.89,6.86972518531911
20230802093208570,6.88,6.89,6.869739837398374
20230802093208840,6.88,6.89,6.869739837398374
20230802093208880,6.88,6.89,6.869739837398374
20230802093209170,6.88,6.89,6.869739837398374
20230802093209210,6.88,6.89,6.870021378941742
20230802093209220,6.88,6.89,6.870021378941742
20230802093209360,6.89,6.89,6.870021378941742
20230802093209400,6.89,6.89,6.870021378941742
20230802093209590,6.89,6.89,6.870021378941742
20230802093211510,6.89,6.89,6.870021378941742
20230802093211560,6.89,6.89,6.870021378941742
20230802093211620,6.89,6.89,6.870021378941742
20230802093211810,6.89,6.89,6.870021378941742
20230802093211850,6.89,6.89,6.870021378941742
20230802093211950,6.89,6.89,6.870021378941742
20230802093211970,6.89,6.89,6.870021378941742
20230802093212020,6.89,6.89,6.870021378941742
20230802093212050,6.89,6.89,6.870021378941742
20230802093212180,6.89,6.89,6.870021378941742
20230802093212210,6.89,6.89,6.870021378941742
20230802093212220,6.89,6.89,6.870021378941742
20230802093213840,6.89,6.89,6.870021378941742
20230802093213930,6.89,6.89,6.870021378941742
20230802093214050,6.89,6.89,6.870021378941742
20230802093214180,6.89,6.89,6.870021378941742
20230802093214250,6.89,6.89,6.870021378941742
20230802093214450,6.89,6.89,6.870021378941742
20230802093214480,6.89,6.89,6.870021378941742
20230802093214880,6.89,6.89,6.870021378941742
20230802093216550,6.89,6.89,6.870388879113144
20230802093216730,6.89,6.89,6.870388879113144
20230802093216820,6.89,6.89,6.870388879113144
20230802093216890,6.89,6.89,6.870388879113144
20230802093217010,6.89,6.89,6.870388879113144
20230802093217220,6.89,6.89,6.870388879113144
20230802093217350,6.89,6.89,6.870388879113144
20230802093217570,6.89,6.89,6.870388879113144
20230802093217620,6.89,6.89,6.870388879113144
20230802093217760,6.89,6.89,6.870392329345531
20230802093217770,6.89,6.89,6.870392329345531
20230802093219260,6.89,6.89,6.870392329345531
20230802093219380,6.89,6.89,6.8704061181434595
20230802093219600,6.89,6.89,6.8704061181434595
20230802093219870,6.89,6.89,6.8704061181434595
20230802093219880,6.89,6.89,6.8704061181434595
20230802093220110,6.89,6.89,6.8704061181434595
20230802093220150,6.89,6.89,6.8704061181434595
20230802093220340,6.89,6.89,6.8704061181434595
20230802093220450,6.89,6.89,6.8704061181434595
20230802093221900,6.89,6.89,6.8704061181434595
20230802093221930,6.89,6.89,6.8704061181434595
20230802093221990,6.89,6.89,6.8704061181434595
20230802093222010,6.89,6.89,6.8704061181434595
20230802093222150,6.89,6.89,6.8704061181434595
20230802093222210,6.89,6.89,6.8704061181434595
20230802093222250,6.89,6.89,6.8704061181434595
20230802093222510,6.89,6.89,6.8704061181434595
20230802093222650,6.89,6.89,6.8704061181434595
20230802093222680,6.89,6.89,6.8704061181434595
20230802093222760,6.89,6.89,6.8704061181434595
20230802093224640,6.89,6.89,6.8704061181434595
20230802093224730,6.89,6.89,6.8704061181434595
20230802093224740,6.89,6.89,6.8704061181434595
20230802093224820,6.89,6.89,6.8704061181434595
20230802093224990,6.89,6.89,6.8704061181434595
20230802093225100,6.89,6.89,6.8704061181434595
20230802093225130,6.89,6.89,6.8704061181434595
20230802093225150,6.89,6.89,6.8704061181434595
20230802093225470,6.89,6.89,6.8704061181434595
20230802093225530,6.89,6.89,6.8704061181434595
20230802093225720,6.89,6.89,6.8704061181434595
20230802093227310,6.89,6.89,6.8704061181434595
20230802093227980,6.89,6.89,6.8704061181434595
20230802093228070,6.89,6.89,6.8704061181434595
20230802093228100,6.89,6.89,6.8704061181434595
20230802093228510,6.89,6.89,6.8704061181434595
20230802093230190,6.89,6.89,6.8704061181434595
20230802093230290,6.89,6.89,6.8704061181434595
20230802093230510,6.89,6.89,6.8704061181434595
20230802093230530,6.89,6.89,6.8704061181434595
20230802093230540,6.89,6.89,6.8704061181434595
20230802093230750,6.89,6.89,6.8704061181434595
20230802093230780,6.89,6.89,6.8704061181434595
20230802093231070,6.89,6.89,6.8704061181434595
20230802093231080,6.89,6.89,6.8704061181434595
20230802093231100,6.89,6.89,6.8704061181434595
20230802093231110,6.89,6.89,6.8704061181434595
20230802093231160,6.89,6.89,6.8704061181434595
20230802093231220,6.89,6.89,6.8704061181434595
20230802093232700,6.89,6.89,6.8704061181434595
20230802093232990,6.89,6.89,6.8704061181434595
20230802093233390,6.89,6.89,6.8704061181434595
20230802093233770,6.89,6.89,6.8704061181434595
20230802093233800,6.89,6.89,6.8704061181434595
20230802093233950,6.89,6.89,6.8704061181434595
20230802093235400,6.89,6.89,6.8704061181434595
20230802093235450,6.89,6.89,6.8704061181434595
20230802093235790,6.89,6.89,6.8704061181434595
20230802093235900,6.89,6.89,6.8704061181434595
20230802093236000,6.89,6.89,6.8704061181434595
20230802093236580,6.89,6.89,6.8709948717948715
20230802093238400,6.89,6.89,6.8709948717948715
20230802093238900,6.89,6.89,6.871123938879457
20230802093239180,6.89,6.89,6.871123938879457
20230802093240850,6.89,6.89,6.871123938879457
20230802093241290,6.89,6.89,6.871123938879457
20230802093241340,6.89,6.89,6.871123938879457
20230802093241620,6.89,6.89,6.871123938879457
20230802093241750,6.89,6.89,6.871123938879457
20230802093243580,6.89,6.89,6.871123938879457
20230802093243610,6.89,6.89,6.871123938879457
20230802093243670,6.89,6.89,6.871123938879457
20230802093243790,6.89,6.89,6.871123938879457
20230802093243890,6.89,6.89,6.871123938879457
20230802093244400,6.89,6.89,6.871123938879457
20230802093244430,6.89,6.89,6.871123938879457
20230802093244680,6.89,6.89,6.871123938879457
20230802093244750,6.89,6.89,6.871123938879457
20230802093246210,6.89,6.89,6.871123938879457
20230802093246530,6.89,6.89,6.871123938879457
20230802093246650,6.89,6.89,6.871123938879457
20230802093246660,6.89,6.89,6.871123938879457
20230802093247110,6.89,6.89,6.871123938879457
20230802093247140,6.89,6.89,6.871123938879457
20230802093247320,6.89,6.89,6.871123938879457
20230802093247330,6.89,6.89,6.871123938879457
20230802093249030,6.89,6.89,6.871123938879457
20230802093249120,6.89,6.89,6.871206896551724
20230802093249140,6.89,6.89,6.871206896551724
20230802093249840,6.89,6.89,6.871206896551724
20230802093251920,6.89,6.89,6.871206896551724
20230802093251960,6.89,6.89,6.871206896551724
20230802093252010,6.89,6.89,6.871206896551724
20230802093252120,6.89,6.89,6.871206896551724
20230802093252210,6.89,6.89,6.871206896551724
20230802093252250,6.89,6.89,6.871206896551724
20230802093252350,6.89,6.89,6.871206896551724
20230802093252790,6.89,6.89,6.871206896551724
20230802093254370,6.89,6.89,6.871206896551724
20230802093254890,6.89,6.89,6.871206896551724
20230802093255000,6.89,6.89,6.871206896551724
20230802093255020,6.89,6.89,6.871206896551724
20230802093255080,6.89,6.89,6.871206896551724
20230802093255110,6.89,6.89,6.871206896551724
20230802093255360,6.89,6.89,6.871206896551724
20230802093257050,6.89,6.89,6.871206896551724
20230802093257130,6.89,6.89,6.871206896551724
20230802093257150,6.89,6.89,6.871206896551724
20230802093258060,6.89,6.89,6.871206896551724
20230802093258110,6.89,6.89,6.871511473229132
20230802093259910,6.89,6.89,6.871511473229132
20230802093259920,6.89,6.89,6.871551352248217
20230802093300010,6.89,6.89,6.871551352248217
20230802093300120,6.89,6.89,6.871551352248217
20230802093300270,6.89,6.89,6.871551352248217
20230802093300340,6.89,6.89,6.871551352248217
20230802093300360,6.89,6.89,6.871551352248217
20230802093300370,6.89,6.89,6.871551352248217
20230802093300400,6.89,6.89,6.871551352248217
20230802093300410,6.89,6.89,6.871557213930348
20230802093300910,6.89,6.89,6.871557213930348
20230802093302430,6.89,6.89,6.871557213930348
20230802093302440,6.89,6.89,6.871557213930348
20230802093302490,6.89,6.89,6.871557213930348
20230802093302520,6.89,6.89,6.871557213930348
20230802093302540,6.89,6.89,6.871557213930348
20230802093302680,6.89,6.89,6.871557213930348
20230802093302690,6.89,6.89,6.871557213930348
20230802093302790,6.89,6.89,6.871557213930348
20230802093302930,6.89,6.89,6.871557213930348
20230802093302980,6.89,6.89,6.871557213930348
20230802093303050,6.89,6.89,6.871557213930348
20230802093303180,6.89,6.89,6.871557213930348
20230802093303220,6.89,6.89,6.871557213930348
20230802093303230,6.89,6.89,6.871557213930348
20230802093303480,6.89,6.89,6.871557213930348
20230802093303510,6.89,6.89,6.871557213930348
20230802093303650,6.89,6.89,6.871557213930348
20230802093305120,6.89,6.89,6.871557213930348
20230802093305190,6.89,6.89,6.871557213930348
20230802093305480,6.89,6.89,6.871557213930348
20230802093305810,6.89,6.89,6.871557213930348
20230802093306210,6.89,6.89,6.871780259484316
20230802093308120,6.89,6.89,6.871780259484316
20230802093308290,6.89,6.89,6.871780259484316
20230802093308350,6.89,6.89,6.871780259484316
20230802093308420,6.89,6.89,6.871780259484316
20230802093308490,6.89,6.89,6.871780259484316
20230802093308820,6.89,6.89,6.871780259484316
20230802093310800,6.89,6.89,6.871780259484316
20230802093310810,6.89,6.89,6.871780259484316
20230802093311040,6.89,6.89,6.871780259484316
20230802093311130,6.89,6.89,6.871780259484316
20230802093311530,6.89,6.89,6.871780259484316
20230802093311740,6.89,6.89,6.871780259484316
20230802093313220,6.89,6.89,6.871780259484316
20230802093313770,6.89,6.89,6.871780259484316
20230802093314090,6.89,6.89,6.871853427122526
20230802093314340,6.89,6.89,6.871853427122526
20230802093316080,6.89,6.89,6.871853427122526
20230802093316090,6.89,6.89,6.871853427122526
20230802093316100,6.89,6.89,6.871853427122526
20230802093316130,6.89,6.89,6.871853427122526
20230802093316190,6.89,6.89,6.871853427122526
20230802093316200,6.89,6.89,6.871853427122526
20230802093316380,6.89,6.89,6.871853427122526
20230802093316600,6.89,6.89,6.871853427122526
20230802093316800,6.89,6.89,6.871853427122526
20230802093317070,6.89,6.89,6.871853427122526
20230802093318680,6.89,6.89,6.871853427122526
20230802093318890,6.89,6.89,6.871853427122526
20230802093319110,6.89,6.89,6.871853427122526
20230802093319430,6.89,6.89,6.871853427122526
20230802093319650,6.89,6.89,6.871853427122526
20230802093319710,6.89,6.89,6.871853427122526
20230802093321540,6.89,6.89,6.871853427122526
20230802093321610,6.89,6.89,6.871853427122526
20230802093321740,6.89,6.89,6.871853427122526
20230802093321920,6.89,6.89,6.871853427122526
20230802093322090,6.89,6.89,6.871853427122526
20230802093322110,6.89,6.89,6.871853427122526
20230802093322240,6.89,6.89,6.871853427122526
20230802093322320,6.89,6.89,6.871853427122526
20230802093322430,6.89,6.89,6.871853427122526
20230802093323990,6.89,6.89,6.871853427122526
20230802093324020,6.89,6.89,6.871853427122526
20230802093324220,6.89,6.89,6.8724464
20230802093324520,6.89,6.89,6.8724464
20230802093324550,6.89,6.89,6.872468425259792
20230802093325130,6.89,6.89,6.872468425259792
20230802093325140,6.89,6.89,6.872468425259792
20230802093325150,6.89,6.89,6.872468425259792
20230802093325200,6.89,6.89,6.872468425259792
20230802093325250,6.89,6.89,6.872468425259792
20230802093326730,6.89,6.89,6.872468425259792
20230802093326830,6.89,6.89,6.872468425259792
20230802093326990,6.89,6.89,6.872468425259792
20230802093327030,6.89,6.89,6.872468425259792
20230802093327040,6.89,6.89,6.872468425259792
20230802093327280,6.89,6.89,6.872468425259792
20230802093327380,6.89,6.89,6.872468425259792
20230802093327400,6.89,6.89,6.872468425259792
20230802093327420,6.89,6.89,6.872468425259792
20230802093327450,6.89,6.89,6.872468425259792
20230802093327670,6.89,6.89,6.872468425259792
20230802093327870,6.89,6.89,6.872468425259792
20230802093327940,6.89,6.89,6.872468425259792
20230802093329470,6.89,6.89,6.872468425259792
20230802093329590,6.89,6.89,6.872468425259792
20230802093329760,6.89,6.89,6.872468425259792
20230802093329920,6.89,6.89,6.872468425259792
20230802093329930,6.89,6.89,6.872844151771715
20230802093330030,6.89,6.89,6.872844151771715
20230802093330040,6.89,6.89,6.872844151771715
20230802093330060,6.89,6.89,6.872844151771715
20230802093330130,6.89,6.89,6.872844151771715
20230802093330150,6.89,6.89,6.872937139291842
20230802093330210,6.89,6.89,6.872937139291842
20230802093330320,6.89,6.89,6.872937139291842
20230802093330330,6.89,6.89,6.872937139291842
20230802093330410,6.89,6.89,6.872937139291842
20230802093330570,6.89,6.89,6.872939800374298
20230802093332390,6.89,6.89,6.872952455183165
20230802093332440,6.89,6.89,6.872978988326849
20230802093332560,6.89,6.89,6.872978988326849
20230802093332810,6.89,6.89,6.872978988326849
20230802093333020,6.89,6.89,6.872978988326849
20230802093333340,6.89,6.89,6.872978988326849
20230802093334900,6.89,6.89,6.872978988326849
20230802093335150,6.89,6.89,6.872978988326849
20230802093335420,6.89,6.89,6.872978988326849
20230802093335610,6.89,6.89,6.872978988326849
20230802093337520,6.89,6.89,6.872981637099284
20230802093337540,6.89,6.89,6.872981637099284
20230802093337640,6.89,6.89,6.872981637099284
20230802093338120,6.89,6.89,6.872981637099284
20230802093338220,6.89,6.89,6.872981637099284
20230802093338420,6.89,6.89,6.872981637099284
20230802093338570,6.89,6.89,6.873026540431476
20230802093340300,6.89,6.89,6.873034439962767
20230802093340450,6.89,6.89,6.873034439962767
20230802093340660,6.89,6.89,6.873034439962767
20230802093340920,6.89,6.89,6.873034439962767
20230802093340970,6.89,6.89,6.873034439962767
20230802093341000,6.89,6.89,6.873092879256966
20230802093341130,6.89,6.89,6.873122004020411
20230802093341220,6.89,6.89,6.873122004020411
20230802093343210,6.89,6.89,6.873122004020411
20230802093343240,6.89,6.89,6.873122004020411
20230802093343370,6.89,6.89,6.873122004020411
20230802093343720,6.89,6.89,6.873122004020411
20230802093343890,6.89,6.89,6.873122004020411
20230802093343960,6.89,6.89,6.873122004020411
20230802093345780,6.89,6.89,6.873122004020411
20230802093345940,6.89,6.89,6.873122004020411
20230802093346170,6.89,6.89,6.873122004020411
20230802093346220,6.89,6.89,6.873122004020411
20230802093346390,6.89,6.89,6.873122004020411
20230802093346510,6.89,6.89,6.873132437026735
20230802093346680,6.89,6.89,6.873132437026735
20230802093346740,6.89,6.89,6.873132437026735
20230802093346850,6.89,6.89,6.873132437026735
20230802093348430,6.89,6.89,6.873261769667229
20230802093348450,6.89,6.89,6.873261769667229
20230802093348540,6.89,6.89,6.873261769667229
20230802093348570,6.89,6.89,6.873261769667229
20230802093348830,6.89,6.89,6.873261769667229
20230802093349010,6.89,6.89,6.873261769667229
20230802093349110,6.89,6.89,6.873261769667229
20230802093349310,6.89,6.89,6.873261769667229
20230802093349320,6.89,6.89,6.873261769667229
20230802093349480,6.89,6.89,6.873261769667229
20230802093351030,6.89,6.89,6.873261769667229
20230802093351700,6.89,6.89,6.873261769667229
20230802093351800,6.89,6.89,6.873261769667229
20230802093352040,6.89,6.89,6.873458270106221
20230802093352090,6.89,6.89,6.873463288834952
20230802093352120,6.89,6.89,6.873463288834952
20230802093352140,6.89,6.89,6.873463288834952
20230802093352160,6.89,6.89,6.873463288834952
20230802093352230,6.89,6.89,6.873463288834952
20230802093353720,6.89,6.89,6.873463288834952
20230802093353820,6.89,6.89,6.873463288834952
20230802093353940,6.89,6.89,6.874058204153261
20230802093353950,6.89,6.89,6.874058204153261
20230802093353960,6.89,6.89,6.874058204153261
20230802093353970,6.89,6.89,6.874382521489971
20230802093353980,6.89,6.89,6.874429367233253
20230802093353990,6.89,6.89,6.874429367233253
20230802093354000,6.89,6.89,6.874429367233253
20230802093354020,6.89,6.89,6.874429367233253
20230802093354040,6.89,6.89,6.874429367233253
20230802093354100,6.89,6.89,6.874429367233253
20230802093354120,6.89,6.89,6.874429367233253
20230802093354130,6.89,6.89,6.874559490084986
20230802093354140,6.89,6.89,6.874559490084986
20230802093354200,6.89,6.89,6.874559490084986
20230802093354290,6.89,6.89,6.874559490084986
20230802093354300,6.89,6.89,6.874559490084986
20230802093354330,6.89,6.89,6.874559490084986
20230802093354410,6.89,6.89,6.874559490084986
20230802093354530,6.89,6.89,6.874579148394398
20230802093354570,6.89,6.89,6.874579148394398
20230802093354610,6.89,6.89,6.874579148394398
20230802093354630,6.89,6.89,6.8745987567109355
20230802093354670,6.89,6.89,6.8745987567109355
20230802093354730,6.89,6.89,6.874609628688409
20230802093354890,6.89,6.89,6.874609628688409
20230802093356450,6.89,6.89,6.874609628688409
20230802093356570,6.89,6.89,6.874609628688409
20230802093356840,6.89,6.89,6.874609628688409
20230802093357070,6.89,6.89,6.874609628688409
20230802093357170,6.89,6.89,6.874609628688409
20230802093357200,6.89,6.89,6.874609628688409
20230802093357210,6.89,6.89,6.874609628688409
20230802093357280,6.89,6.89,6.874609628688409
20230802093357290,6.89,6.89,6.874609628688409
20230802093359220,6.89,6.89,6.874609628688409
20230802093359480,6.89,6.89,6.874609628688409
20230802093359520,6.89,6.89,6.874609628688409
20230802093359650,6.89,6.89,6.874609628688409
20230802093359960,6.89,6.89,6.874609628688409
20230802093359970,6.89,6.89,6.874609628688409
20230802093400040,6.89,6.89,6.874609628688409
20230802093400070,6.89,6.89,6.874609628688409
20230802093400120,6.89,6.89,6.874609628688409
20230802093400280,6.89,6.89,6.874609628688409
20230802093400350,6.89,6.89,6.874609628688409
20230802093401950,6.89,6.89,6.8749576565320005
20230802093402000,6.89,6.89,6.874999307766856
20230802093404600,6.89,6.89,6.874999307766856
20230802093404700,6.89,6.89,6.874999307766856
20230802093404850,6.89,6.89,6.874999307766856
20230802093404970,6.89,6.89,6.874999307766856
20230802093405050,6.89,6.89,6.874999307766856
20230802093405190,6.89,6.89,6.874999307766856
20230802093405200,6.89,6.89,6.874999307766856
20230802093405340,6.89,6.89,6.874999307766856
20230802093405470,6.89,6.89,6.874999307766856
20230802093405700,6.89,6.89,6.874999307766856
20230802093407220,6.89,6.89,6.874999307766856
20230802093407230,6.89,6.89,6.874999307766856
20230802093407390,6.89,6.89,6.8751356188902655
20230802093407490,6.89,6.89,6.8751356188902655
20230802093407590,6.89,6.89,6.8751356188902655
20230802093407750,6.89,6.89,6.8751356188902655
20230802093407940,6.89,6.89,6.8751356188902655
20230802093408020,6.89,6.89,6.8751356188902655
20230802093410000,6.89,6.89,6.8751356188902655
20230802093410060,6.89,6.89,6.8751356188902655
20230802093410070,6.89,6.89,6.8751356188902655
20230802093410080,6.89,6.89,6.8751356188902655
20230802093410100,6.89,6.89,6.8751356188902655
20230802093410120,6.89,6.89,6.8751356188902655
20230802093410170,6.89,6.89,6.8751356188902655
20230802093410180,6.89,6.89,6.8751356188902655
20230802093410200,6.89,6.89,6.8751356188902655
20230802093410320,6.89,6.89,6.8751356188902655
20230802093410440,6.89,6.89,6.8751928620452984
20230802093410560,6.89,6.89,6.8751928620452984
20230802093410570,6.89,6.89,6.875413116970926
20230802093410730,6.89,6.89,6.875413116970926
20230802093410920,6.89,6.89,6.875413116970926
20230802093411040,6.89,6.89,6.875413116970926
20230802093411100,6.89,6.89,6.875413116970926
20230802093413100,6.89,6.89,6.875413116970926
20230802093413110,6.89,6.89,6.875413116970926
20230802093413120,6.89,6.89,6.875413116970926
20230802093413130,6.89,6.89,6.8755430259095185
20230802093413140,6.89,6.89,6.8755430259095185
20230802093413240,6.89,6.89,6.8755430259095185
20230802093413390,6.89,6.89,6.8755430259095185
20230802093413530,6.9,6.89,6.875892549953686
20230802093413660,6.9,6.89,6.875892549953686
20230802093415550,6.9,6.89,6.875892549953686
20230802093415600,6.9,6.89,6.875892549953686
20230802093415830,6.9,6.89,6.875991038481813
20230802093415920,6.9,6.89,6.875991038481813
20230802093416070,6.9,6.89,6.8759942021346685
20230802093416320,6.9,6.89,6.8759942021346685
20230802093416370,6.9,6.89,6.8759942021346685
20230802093416390,6.9,6.89,6.8759942021346685
20230802093416400,6.9,6.89,6.8759942021346685
20230802093416510,6.9,6.89,6.876005266622778
20230802093418000,6.9,6.89,6.876005266622778
20230802093418070,6.9,6.89,6.876005266622778
20230802093418240,6.9,6.89,6.876086956521739
20230802093418330,6.9,6.89,6.876086956521739
20230802093418620,6.9,6.89,6.876086956521739
20230802093418780,6.9,6.89,6.876086956521739
20230802093420700,6.9,6.89,6.876086956521739
20230802093420880,6.9,6.89,6.876086956521739
20230802093421070,6.9,6.89,6.876086956521739
20230802093421230,6.9,6.89,6.876086956521739
20230802093421260,6.9,6.89,6.876086956521739
20230802093421290,6.9,6.89,6.87643262777491
20230802093421310,6.89,6.89,6.877871235721703
20230802093421320,6.89,6.89,6.877878228782288
20230802093421340,6.9,6.89,6.878078929462463
20230802093421350,6.9,6.89,6.878078929462463
20230802093421370,6.9,6.89,6.878078929462463
20230802093421380,6.9,6.89,6.878078929462463
20230802093421500,6.9,6.89,6.878078929462463
20230802093421570,6.9,6.89,6.878078929462463
20230802093421600,6.9,6.89,6.878153254972875
20230802093421650,6.9,6.89,6.878161283035916
20230802093421770,6.9,6.89,6.878161283035916
20230802093423430,6.9,6.89,6.878191956742143
20230802093423460,6.9,6.89,6.8782140445644835
20230802093424080,6.9,6.89,6.8782140445644835
20230802093424100,6.9,6.89,6.8782140445644835
20230802093424150,6.9,6.89,6.8782140445644835
20230802093424180,6.9,6.89,6.8782140445644835
20230802093424600,6.9,6.89,6.8782140445644835
20230802093426190,6.9,6.89,6.8782140445644835
20230802093426270,6.9,6.89,6.8782140445644835
20230802093426360,6.9,6.89,6.87822067259026
20230802093426570,6.9,6.89,6.87822067259026
20230802093427020,6.9,6.89,6.87822067259026
20230802093427250,6.9,6.89,6.87822067259026
20230802093427330,6.9,6.89,6.87822067259026
20230802093428830,6.9,6.89,6.87825979566633
20230802093428920,6.9,6.89,6.878264676170165
20230802093428930,6.9,6.89,6.878264676170165
20230802093429150,6.9,6.89,6.878264676170165
20230802093429170,6.9,6.89,6.8782719928186715
20230802093429220,6.9,6.89,6.8782719928186715
20230802093429270,6.9,6.89,6.8782719928186715
20230802093429430,6.9,6.89,6.8782719928186715
20230802093429460,6.9,6.89,6.8782719928186715
20230802093429480,6.9,6.89,6.8782719928186715
20230802093429620,6.9,6.89,6.8782719928186715
20230802093429700,6.9,6.89,6.8782719928186715
20230802093429740,6.9,6.89,6.8782719928186715
20230802093429750,6.9,6.89,6.8782719928186715
20230802093429780,6.9,6.89,6.8782719928186715
20230802093429790,6.9,6.89,6.8782719928186715
20230802093431500,6.9,6.89,6.8782719928186715
20230802093431510,6.9,6.89,6.8782719928186715
20230802093431570,6.9,6.89,6.878276867848329
20230802093431730,6.9,6.89,6.878276867848329
20230802093431900,6.9,6.89,6.878276867848329
20230802093432080,6.9,6.89,6.878298778437745
20230802093432090,6.9,6.89,6.878298778437745
20230802093432480,6.9,6.89,6.878298778437745
20230802093434460,6.9,6.89,6.878298778437745
20230802093434590,6.9,6.89,6.878298778437745
20230802093434810,6.9,6.89,6.8783169092945124
20230802093434920,6.9,6.89,6.8783169092945124
20230802093436910,6.9,6.89,6.8783169092945124
20230802093437040,6.9,6.89,6.8783169092945124
20230802093437120,6.9,6.9,6.8783169092945124
20230802093437200,6.9,6.9,6.8783169092945124
20230802093437390,6.9,6.9,6.8783169092945124
20230802093437420,6.9,6.9,6.8783169092945124
20230802093437470,6.9,6.9,6.8783169092945124
20230802093437490,6.9,6.9,6.8783169092945124
20230802093437710,6.9,6.9,6.8783169092945124
20230802093437720,6.9,6.9,6.8783169092945124
20230802093437730,6.9,6.9,6.8783169092945124
20230802093437800,6.9,6.9,6.8783169092945124
20230802093439780,6.9,6.9,6.8783169092945124
20230802093439800,6.9,6.9,6.8783169092945124
20230802093439890,6.9,6.9,6.8783169092945124
20230802093440130,6.9,6.9,6.8783169092945124
20230802093440150,6.9,6.9,6.8783169092945124
20230802093440220,6.9,6.9,6.8783169092945124
20230802093440480,6.9,6.9,6.8783169092945124
20230802093440710,6.9,6.9,6.8783169092945124
20230802093440790,6.9,6.9,6.8783169092945124
20230802093440840,6.9,6.9,6.8783169092945124
20230802093442290,6.9,6.9,6.8783169092945124
20230802093442660,6.9,6.9,6.8783169092945124
20230802093442920,6.9,6.9,6.8783169092945124
20230802093443050,6.9,6.9,6.8783169092945124
20230802093443090,6.9,6.9,6.8783169092945124
20230802093443300,6.9,6.9,6.8783169092945124
20230802093443320,6.9,6.9,6.8783169092945124
20230802093443430,6.9,6.9,6.8783169092945124
20230802093443440,6.9,6.9,6.8783169092945124
20230802093443520,6.9,6.9,6.8783169092945124
20230802093445310,6.9,6.9,6.8783169092945124
20230802093445400,6.9,6.9,6.8783169092945124
20230802093445450,6.9,6.9,6.8783169092945124
20230802093445910,6.9,6.9,6.8783169092945124
20230802093446100,6.9,6.9,6.8783169092945124
20230802093446160,6.9,6.9,6.8783169092945124
20230802093448150,6.9,6.9,6.8783169092945124
20230802093448350,6.9,6.9,6.8783169092945124
20230802093448660,6.9,6.9,6.8783169092945124
20230802093451120,6.9,6.9,6.8783169092945124
20230802093453120,6.9,6.9,6.8783169092945124
20230802093453130,6.9,6.9,6.8783169092945124
20230802093453600,6.9,6.9,6.8783169092945124
20230802093453740,6.9,6.9,6.8783169092945124
20230802093453940,6.9,6.9,6.8783169092945124
20230802093454110,6.9,6.9,6.8783169092945124
20230802093454300,6.9,6.9,6.8783169092945124
20230802093456530,6.9,6.9,6.8783169092945124
20230802093456580,6.9,6.9,6.8783169092945124
20230802093456610,6.9,6.9,6.8783169092945124
20230802093456710,6.92,6.91,6.883005719733079
20230802093456740,6.92,6.91,6.883005719733079
20230802093456910,6.92,6.91,6.883318571563177
20230802093456950,6.92,6.91,6.883318571563177
20230802093457000,6.92,6.91,6.883318571563177
20230802093458490,6.92,6.91,6.88389352624745
20230802093458500,6.92,6.91,6.88389352624745
20230802093458950,6.92,6.91,6.88389352624745
20230802093458960,6.92,6.91,6.884382433668802
20230802093459100,6.92,6.91,6.884382433668802
20230802093459120,6.92,6.91,6.884398719707361
20230802093459580,6.92,6.91,6.884398719707361
20230802093459590,6.92,6.91,6.884398719707361
20230802093501350,6.92,6.91,6.884398719707361
20230802093501510,6.92,6.91,6.884398719707361
20230802093501720,6.92,6.91,6.884398719707361
20230802093501730,6.92,6.91,6.884398719707361
20230802093501830,6.92,6.91,6.884398719707361
20230802093501850,6.92,6.91,6.884398719707361
20230802093501880,6.92,6.91,6.884398719707361
20230802093501950,6.92,6.91,6.884398719707361
20230802093502170,6.92,6.91,6.884398719707361
20230802093502190,6.92,6.91,6.884917545282509
20230802093502200,6.92,6.91,6.884926583190704
20230802093502210,6.93,6.91,6.884926583190704
20230802093502220,6.93,6.92,6.886365756738079
20230802093502230,6.93,6.92,6.8864208710651145
20230802093502280,6.93,6.92,6.8864208710651145
20230802093502290,6.93,6.92,6.886423766816144
20230802093502310,6.93,6.92,6.886432451073368
20230802093502330,6.93,6.92,6.886432451073368
20230802093502370,6.93,6.92,6.886432451073368
20230802093502410,6.93,6.92,6.886432451073368
20230802093502440,6.93,6.92,6.886432451073368
20230802093502450,6.93,6.92,6.886432451073368
20230802093504060,6.93,6.92,6.886432451073368
20230802093504090,6.93,6.92,6.886432451073368
20230802093504110,6.93,6.92,6.886432451073368
20230802093504350,6.93,6.92,6.886634343087617
20230802093504360,6.93,6.92,6.886634343087617
20230802093504370,6.93,6.92,6.886634343087617
20230802093504380,6.93,6.92,6.886634343087617
20230802093504390,6.93,6.92,6.886634343087617
20230802093504530,6.93,6.92,6.886634343087617
20230802093504540,6.93,6.92,6.886634343087617
20230802093504550,6.93,6.92,6.886634343087617
20230802093504560,6.93,6.92,6.886725747067386
20230802093504590,6.93,6.92,6.886725747067386
20230802093504640,6.93,6.92,6.886725747067386
20230802093504750,6.93,6.92,6.886725747067386
20230802093506590,6.93,6.92,6.886725747067386
20230802093506640,6.93,6.92,6.886725747067386
20230802093506790,6.93,6.92,6.886900664508434
20230802093507040,6.93,6.92,6.886900664508434
20230802093507170,6.93,6.92,6.886900664508434
20230802093507220,6.93,6.92,6.886900664508434
20230802093507360,6.93,6.92,6.886900664508434
20230802093509550,6.93,6.92,6.886900664508434
20230802093509750,6.93,6.92,6.886900664508434
20230802093509990,6.93,6.92,6.886900664508434
20230802093510040,6.93,6.92,6.886900664508434
20230802093510070,6.93,6.92,6.887096883468835
20230802093510110,6.93,6.92,6.8871005165551695
20230802093510160,6.93,6.92,6.8871005165551695
20230802093510180,6.93,6.92,6.8871005165551695
20230802093510210,6.93,6.92,6.8871005165551695
20230802093510420,6.93,6.92,6.887104149026249
20230802093510500,6.93,6.92,6.887642175884468
20230802093512030,6.93,6.92,6.887642175884468
20230802093512280,6.93,6.92,6.887642175884468
20230802093512440,6.93,6.92,6.887642175884468
20230802093512620,6.93,6.92,6.887642175884468
20230802093512700,6.93,6.92,6.887642175884468
20230802093512740,6.93,6.92,6.887642175884468
20230802093512960,6.93,6.92,6.887642175884468
20230802093513090,6.93,6.92,6.887642175884468
20230802093513100,6.93,6.92,6.887642175884468
20230802093513110,6.93,6.92,6.887642175884468
20230802093513120,6.93,6.92,6.887642175884468
20230802093513150,6.93,6.92,6.887642175884468
20230802093513220,6.93,6.92,6.887642175884468
20230802093514780,6.93,6.92,6.887642175884468
20230802093514920,6.93,6.92,6.887642175884468
20230802093515050,6.93,6.92,6.887642175884468
20230802093515360,6.93,6.92,6.887642175884468
20230802093515510,6.93,6.92,6.887642175884468
20230802093515580,6.93,6.92,6.887642175884468
20230802093515590,6.93,6.92,6.887642175884468
20230802093515600,6.93,6.92,6.887642175884468
20230802093515670,6.93,6.92,6.88806638523301
20230802093515760,6.93,6.92,6.88806638523301
20230802093515840,6.93,6.92,6.88806638523301
20230802093517790,6.93,6.92,6.88806638523301
20230802093517820,6.93,6.92,6.888090668431502
20230802093517840,6.93,6.92,6.888090668431502
20230802093517920,6.93,6.92,6.888114958152164
20230802093517950,6.93,6.92,6.888114958152164
20230802093518040,6.93,6.92,6.888114958152164
20230802093518440,6.93,6.92,6.888114958152164
20230802093518630,6.93,6.92,6.888114958152164
20230802093520170,6.93,6.92,6.888114958152164
20230802093520260,6.93,6.92,6.888114958152164
20230802093520390,6.93,6.92,6.888114958152164
20230802093520430,6.93,6.92,6.888114958152164
20230802093520550,6.93,6.92,6.888114958152164
20230802093520620,6.93,6.92,6.888114958152164
20230802093520630,6.93,6.92,6.888114958152164
20230802093520640,6.93,6.92,6.888114958152164
20230802093520870,6.93,6.92,6.888114958152164
20230802093521020,6.93,6.92,6.888114958152164
20230802093521030,6.93,6.92,6.888114958152164
20230802093521140,6.93,6.92,6.888114958152164
20230802093521220,6.93,6.92,6.888114958152164
20230802093521240,6.93,6.92,6.888114958152164
20230802093521280,6.93,6.92,6.888114958152164
20230802093521340,6.93,6.92,6.888114958152164
20230802093522840,6.93,6.93,6.888114958152164
20230802093523040,6.93,6.93,6.888114958152164
20230802093523130,6.93,6.93,6.888114958152164
20230802093523200,6.93,6.93,6.888114958152164
20230802093523220,6.93,6.93,6.888114958152164
20230802093523430,6.93,6.93,6.888114958152164
20230802093523650,6.93,6.93,6.888114958152164
20230802093523660,6.93,6.93,6.888114958152164
20230802093523740,6.93,6.93,6.888114958152164
20230802093523960,6.93,6.93,6.888114958152164
20230802093525530,6.93,6.93,6.888114958152164
20230802093525720,6.93,6.93,6.888114958152164
20230802093525730,6.93,6.93,6.888114958152164
20230802093525770,6.93,6.93,6.888114958152164
20230802093525910,6.93,6.93,6.888114958152164
20230802093526170,6.93,6.93,6.888114958152164
20230802093526240,6.93,6.93,6.888114958152164
20230802093526350,6.93,6.93,6.888114958152164
20230802093526430,6.93,6.93,6.888114958152164
20230802093526490,6.93,6.93,6.888114958152164
20230802093528200,6.93,6.93,6.888114958152164
20230802093528230,6.93,6.93,6.888114958152164
20230802093528240,6.93,6.93,6.888114958152164
20230802093528430,6.93,6.93,6.888114958152164
20230802093528460,6.93,6.93,6.888114958152164
20230802093528540,6.93,6.93,6.888114958152164
20230802093528730,6.93,6.93,6.888114958152164
20230802093529110,6.93,6.93,6.888114958152164
20230802093529130,6.93,6.93,6.888114958152164
20230802093529150,6.93,6.93,6.888114958152164
20230802093529300,6.93,6.93,6.888114958152164
20230802093529340,6.93,6.93,6.888114958152164
20230802093530940,6.93,6.93,6.888114958152164
20230802093531000,6.93,6.93,6.888114958152164
20230802093531100,6.93,6.93,6.888114958152164
20230802093531120,6.93,6.94,6.888114958152164
20230802093531130,6.93,6.94,6.888114958152164
20230802093531140,6.93,6.94,6.889819065837718
20230802093531150,6.93,6.94,6.8898470485143
20230802093531170,6.93,6.94,6.8898470485143
20230802093531190,6.93,6.94,6.889926827328402
20230802093531200,6.93,6.94,6.889938772264631
20230802093531240,6.93,6.94,6.889938772264631
20230802093531250,6.93,6.94,6.8900063527356465
20230802093531270,6.93,6.94,6.8900063527356465
20230802093531430,6.93,6.94,6.8900063527356465
20230802093531440,6.93,6.94,6.8900063527356465
20230802093531510,6.95,6.93,6.891548580660051
20230802093531520,6.95,6.93,6.891548580660051
20230802093531530,6.94,6.93,6.891548580660051
20230802093531550,6.94,6.93,6.891548580660051
20230802093531730,6.94,6.93,6.891548580660051
20230802093531830,6.94,6.93,6.891548580660051
20230802093531840,6.94,6.93,6.891589948513025
20230802093531990,6.94,6.93,6.891589948513025
20230802093532060,6.94,6.93,6.891589948513025
20230802093532080,6.94,6.93,6.89160765035717
20230802093533740,6.94,6.93,6.89160765035717
20230802093533750,6.94,6.94,6.89160765035717
20230802093533890,6.94,6.94,6.89160765035717
20230802093534060,6.94,6.94,6.89160765035717
20230802093534070,6.94,6.94,6.89160765035717
20230802093534090,6.94,6.94,6.89160765035717
20230802093534100,6.94,6.94,6.89160765035717
20230802093534140,6.94,6.94,6.89160765035717
20230802093534150,6.94,6.94,6.89160765035717
20230802093534160,6.94,6.94,6.89160765035717
20230802093534180,6.94,6.94,6.89160765035717
20230802093534190,6.94,6.94,6.89160765035717
20230802093534250,6.94,6.94,6.89160765035717
20230802093534290,6.94,6.94,6.89160765035717
20230802093534350,6.94,6.94,6.89160765035717
20230802093534420,6.94,6.94,6.89160765035717
20230802093534750,6.94,6.94,6.89160765035717
20230802093534780,6.94,6.94,6.89160765035717
20230802093536380,6.94,6.94,6.89160765035717
20230802093536430,6.94,6.94,6.89160765035717
20230802093536660,6.94,6.94,6.89160765035717
20230802093536680,6.94,6.94,6.89160765035717
20230802093536720,6.94,6.94,6.89160765035717
20230802093536800,6.94,6.94,6.89160765035717
20230802093537050,6.95,6.94,6.89160765035717
20230802093537060,6.95,6.94,6.89160765035717
20230802093537110,6.95,6.94,6.89160765035717
20230802093537270,6.95,6.94,6.89160765035717
20230802093537340,6.95,6.94,6.89160765035717
20230802093537410,6.95,6.94,6.89160765035717
20230802093538990,6.95,6.94,6.89160765035717
20230802093539030,6.95,6.94,6.89160765035717
20230802093539180,6.95,6.94,6.89160765035717
20230802093539190,6.95,6.94,6.89160765035717
20230802093539530,6.95,6.94,6.89160765035717
20230802093539720,6.95,6.94,6.89160765035717
20230802093539760,6.95,6.94,6.89160765035717
20230802093539840,6.95,6.94,6.89160765035717
20230802093539890,6.95,6.94,6.89160765035717
20230802093539990,6.95,6.94,6.89160765035717
20230802093540050,6.95,6.94,6.89160765035717
20230802093540120,6.95,6.94,6.89160765035717
20230802093540150,6.95,6.94,6.89160765035717
20230802093540190,6.95,6.94,6.89160765035717
20230802093541760,6.95,6.94,6.89160765035717
20230802093541860,6.95,6.94,6.89160765035717
20230802093542080,6.95,6.94,6.89160765035717
20230802093542120,6.95,6.94,6.89160765035717
20230802093542290,6.95,6.94,6.89160765035717
20230802093542330,6.95,6.94,6.89160765035717
20230802093542400,6.95,6.94,6.89160765035717
20230802093542660,6.95,6.94,6.89160765035717
20230802093542770,6.95,6.94,6.89160765035717
20230802093542780,6.95,6.94,6.89160765035717
20230802093542860,6.95,6.94,6.89160765035717
20230802093544630,6.95,6.94,6.89160765035717
20230802093544730,6.95,6.94,6.89160765035717
20230802093544830,6.95,6.94,6.89160765035717
20230802093544890,6.95,6.94,6.89160765035717
20230802093544920,6.95,6.94,6.89160765035717
20230802093544930,6.95,6.94,6.89160765035717
20230802093545330,6.95,6.94,6.89160765035717
20230802093545420,6.95,6.94,6.89160765035717
20230802093545440,6.95,6.94,6.89160765035717
20230802093547110,6.95,6.94,6.89160765035717
20230802093547170,6.95,6.94,6.89160765035717
20230802093547310,6.95,6.94,6.89160765035717
20230802093547330,6.95,6.94,6.89160765035717
20230802093547370,6.95,6.94,6.89160765035717
20230802093547450,6.95,6.94,6.89160765035717
20230802093547500,6.95,6.94,6.89160765035717
20230802093547600,6.95,6.94,6.89160765035717
20230802093547640,6.95,6.94,6.89160765035717
20230802093547880,6.95,6.94,6.89160765035717
20230802093547980,6.95,6.94,6.89160765035717
20230802093548020,6.95,6.94,6.89160765035717
20230802093548240,6.95,6.94,6.89160765035717
20230802093548250,6.95,6.94,6.89160765035717
20230802093548290,6.95,6.94,6.89160765035717
20230802093549840,6.95,6.94,6.89160765035717
20230802093549910,6.95,6.94,6.89160765035717
20230802093549940,6.95,6.94,6.89160765035717
20230802093549960,6.95,6.94,6.89160765035717
20230802093550360,6.95,6.94,6.89160765035717
20230802093550420,6.95,6.94,6.89160765035717
20230802093550520,6.95,6.94,6.89160765035717
20230802093550740,6.95,6.94,6.89160765035717
20230802093550780,6.95,6.94,6.89160765035717
20230802093550810,6.95,6.94,6.89160765035717
20230802093550940,6.95,6.94,6.89160765035717
20230802093552480,6.95,6.94,6.89160765035717
20230802093552780,6.95,6.94,6.89160765035717
20230802093552790,6.95,6.94,6.89160765035717
20230802093552940,6.95,6.94,6.89160765035717
20230802093552990,6.95,6.94,6.89160765035717
20230802093553040,6.95,6.94,6.89160765035717
20230802093553140,6.95,6.94,6.89160765035717
20230802093553280,6.95,6.94,6.89160765035717
20230802093553320,6.95,6.94,6.89160765035717
20230802093553360,6.95,6.94,6.89160765035717
20230802093553390,6.95,6.94,6.89160765035717
20230802093553440,6.95,6.94,6.89160765035717
20230802093553490,6.95,6.94,6.89160765035717
20230802093553530,6.95,6.94,6.89160765035717
20230802093553660,6.95,6.94,6.89160765035717
20230802093555180,6.95,6.95,6.89160765035717
20230802093555190,6.95,6.95,6.89160765035717
20230802093555200,6.95,6.95,6.89160765035717
20230802093555220,6.95,6.95,6.89160765035717
20230802093555300,6.95,6.95,6.89160765035717
20230802093555330,6.95,6.95,6.89160765035717
20230802093555470,6.95,6.95,6.89160765035717
20230802093555620,6.95,6.95,6.89160765035717
20230802093555660,6.95,6.95,6.89160765035717
20230802093555730,6.95,6.95,6.89160765035717
20230802093555880,6.95,6.95,6.89160765035717
20230802093556010,6.95,6.95,6.893493430331824
20230802093556190,6.95,6.95,6.893493430331824
20230802093556200,6.95,6.95,6.893493430331824
20230802093556360,6.95,6.95,6.893493430331824
20230802093557970,6.95,6.95,6.893493430331824
20230802093557980,6.95,6.95,6.893493430331824
20230802093558040,6.95,6.95,6.893493430331824
20230802093558070,6.95,6.95,6.893493430331824
20230802093558080,6.95,6.95,6.893493430331824
20230802093558090,6.95,6.95,6.893493430331824
20230802093558100,6.95,6.95,6.893493430331824
20230802093558110,6.95,6.95,6.893493430331824
20230802093558120,6.95,6.95,6.893493430331824
20230802093558130,6.95,6.95,6.893493430331824
20230802093558180,6.95,6.95,6.893493430331824
20230802093558220,6.95,6.95,6.893493430331824
20230802093558230,6.95,6.95,6.893493430331824
20230802093558370,6.95,6.95,6.893493430331824
20230802093558380,6.95,6.95,6.893493430331824
20230802093558390,6.95,6.95,6.893493430331824
20230802093558430,6.95,6.95,6.893493430331824
20230802093558450,6.95,6.95,6.893493430331824
20230802093558490,6.95,6.95,6.893493430331824
20230802093558510,6.95,6.95,6.893493430331824
20230802093558580,6.95,6.95,6.893493430331824
20230802093558590,6.95,6.95,6.893493430331824
20230802093558610,6.95,6.95,6.893493430331824
20230802093558970,6.95,6.95,6.893493430331824
20230802093559070,6.95,6.95,6.893493430331824
20230802093559080,6.95,6.95,6.893493430331824
20230802093600650,6.95,6.95,6.893493430331824
20230802093600700,6.95,6.95,6.893493430331824
20230802093600730,6.95,6.95,6.893493430331824
20230802093600760,6.95,6.95,6.893493430331824
20230802093600810,6.95,6.95,6.893493430331824
20230802093600900,6.95,6.95,6.893493430331824
20230802093601090,6.95,6.95,6.893493430331824
20230802093601120,6.95,6.95,6.893493430331824
20230802093601130,6.95,6.95,6.893493430331824
20230802093601140,6.95,6.95,6.893493430331824
20230802093601150,6.95,6.95,6.893493430331824
20230802093601160,6.95,6.95,6.893493430331824
20230802093601200,6.95,6.95,6.893493430331824
20230802093601260,6.95,6.95,6.893493430331824
20230802093601340,6.95,6.95,6.893493430331824
20230802093601360,6.95,6.95,6.893493430331824
20230802093601380,6.95,6.95,6.893493430331824
20230802093601560,6.95,6.95,6.893493430331824
20230802093601630,6.95,6.95,6.893493430331824
20230802093601740,6.95,6.95,6.893493430331824
20230802093603300,6.95,6.95,6.893493430331824
20230802093603380,6.95,6.95,6.893493430331824
20230802093603490,6.95,6.95,6.893493430331824
20230802093603630,6.95,6.95,6.893493430331824
20230802093603650,6.95,6.95,6.893493430331824
20230802093603740,6.95,6.95,6.893493430331824
20230802093603760,6.95,6.95,6.893493430331824
20230802093603940,6.95,6.95,6.893493430331824
20230802093603970,6.95,6.95,6.893493430331824
20230802093604070,6.95,6.95,6.893493430331824
20230802093604210,6.95,6.95,6.893493430331824
20230802093604460,6.95,6.95,6.893493430331824
20230802093604500,6.95,6.95,6.893493430331824
20230802093604520,6.95,6.95,6.893493430331824
20230802093606030,6.95,6.95,6.893493430331824
20230802093606090,6.95,6.95,6.893493430331824
20230802093606230,6.95,6.95,6.893493430331824
20230802093606240,6.95,6.95,6.893493430331824
20230802093606310,6.95,6.95,6.893493430331824
20230802093606430,6.95,6.95,6.893493430331824
20230802093606490,6.95,6.95,6.893493430331824
20230802093606570,6.95,6.95,6.893493430331824
20230802093606650,6.95,6.95,6.893493430331824
20230802093606750,6.95,6.95,6.893493430331824
20230802093606860,6.95,6.95,6.893493430331824
20230802093606870,6.95,6.95,6.893493430331824
20230802093606990,6.95,6.95,6.893493430331824
20230802093607050,6.95,6.95,6.893493430331824
20230802093607110,6.95,6.95,6.893493430331824
20230802093607200,6.95,6.95,6.893493430331824
20230802093607230,6.95,6.95,6.893493430331824
20230802093608690,6.95,6.95,6.893493430331824
20230802093608830,6.95,6.95,6.893493430331824
20230802093608850,6.95,6.95,6.893493430331824
20230802093608890,6.95,6.95,6.893493430331824
20230802093608980,6.95,6.95,6.893493430331824
20230802093608990,6.95,6.95,6.893493430331824
20230802093609030,6.95,6.95,6.893493430331824
20230802093609180,6.95,6.95,6.893493430331824
20230802093609190,6.95,6.95,6.893493430331824
20230802093609350,6.95,6.95,6.893493430331824
20230802093609370,6.95,6.95,6.893493430331824
20230802093609380,6.95,6.95,6.893493430331824
20230802093609420,6.95,6.95,6.8957649080105945
20230802093609510,6.95,6.95,6.8957649080105945
20230802093609570,6.95,6.95,6.8957649080105945
20230802093609610,6.95,6.95,6.8957924865831846
20230802093609780,6.95,6.95,6.8957924865831846
20230802093609800,6.95,6.95,6.8957924865831846
20230802093609910,6.95,6.95,6.8957924865831846
20230802093609930,6.95,6.95,6.8957924865831846
20230802093611450,6.95,6.95,6.896587463865191
20230802093611700,6.95,6.95,6.896587463865191
20230802093611730,6.95,6.95,6.896587463865191
20230802093611770,6.95,6.95,6.896587463865191
20230802093611890,6.95,6.95,6.896587463865191
20230802093612070,6.95,6.95,6.897603402960299
20230802093612080,6.95,6.95,6.897603402960299
20230802093612200,6.95,6.95,6.897607026765336
20230802093612240,6.95,6.95,6.897619278108145
20230802093612270,6.95,6.95,6.8976735511501
20230802093612300,6.95,6.95,6.8976735511501
20230802093612330,6.95,6.95,6.8977817605294
20230802093612380,6.95,6.95,6.8977817605294
20230802093612580,6.95,6.95,6.8977817605294
20230802093614080,6.95,6.95,6.8977817605294
20230802093614170,6.95,6.95,6.8978177309361435
20230802093614210,6.95,6.95,6.8978177309361435
20230802093614260,6.95,6.95,6.8978177309361435
20230802093614270,6.95,6.95,6.8978177309361435
20230802093614540,6.95,6.95,6.8978177309361435
20230802093614580,6.95,6.95,6.897824919071561
20230802093614610,6.95,6.95,6.897850061957868
20230802093614730,6.95,6.95,6.897850061957868
20230802093614770,6.95,6.95,6.897850061957868
20230802093614830,6.95,6.95,6.897850061957868
20230802093614840,6.95,6.95,6.897850061957868
20230802093614940,6.95,6.95,6.897850061957868
20230802093615120,6.95,6.95,6.897850061957868
20230802093615140,6.95,6.95,6.898028951701427
20230802093615170,6.95,6.95,6.898028951701427
20230802093615210,6.95,6.95,6.898032516978803
20230802093615260,6.95,6.95,6.898032516978803
20230802093615270,6.95,6.95,6.898032516978803
20230802093616970,6.95,6.95,6.898032516978803
20230802093617030,6.95,6.95,6.898032516978803
20230802093617050,6.95,6.95,6.898032516978803
20230802093617130,6.95,6.95,6.898032516978803
20230802093617180,6.95,6.95,6.898032516978803
20230802093617210,6.95,6.95,6.898032516978803
20230802093617250,6.95,6.95,6.898032516978803
20230802093617260,6.95,6.95,6.898100459124238
20230802093617270,6.95,6.95,6.898121660501438
20230802093617320,6.95,6.95,6.898128767123287
20230802093617380,6.95,6.95,6.898128767123287
20230802093617410,6.95,6.95,6.898128767123287
20230802093617530,6.95,6.95,6.898128767123287
20230802093617670,6.95,6.95,6.898128767123287
20230802093617760,6.95,6.95,6.898128767123287
20230802093617810,6.95,6.95,6.898128767123287
20230802093617870,6.95,6.95,6.89813942340615
20230802093617960,6.95,6.95,6.89813942340615
20230802093618000,6.95,6.95,6.89813942340615
20230802093618030,6.96,6.95,6.898488641001224
20230802093619770,6.96,6.95,6.898488641001224
20230802093619780,6.96,6.95,6.898488641001224
20230802093620090,6.96,6.95,6.898488641001224
20230802093620450,6.96,6.95,6.898488641001224
20230802093620560,6.96,6.95,6.898488641001224
20230802093620610,6.96,6.95,6.898488641001224
20230802093620620,6.96,6.95,6.898488641001224
20230802093620640,6.96,6.95,6.8986763409507015
20230802093620650,6.96,6.95,6.8986763409507015
20230802093622450,6.96,6.95,6.8986763409507015
20230802093622540,6.96,6.95,6.8986763409507015
20230802093622590,6.96,6.95,6.8986763409507015
20230802093622680,6.96,6.95,6.8986763409507015
20230802093622900,6.96,6.95,6.8986763409507015
20230802093623040,6.96,6.95,6.898704168078617
20230802093623070,6.96,6.95,6.898707644348062
20230802093623080,6.96,6.95,6.898711120146372
20230802093623110,6.96,6.95,6.898714595473641
20230802093623150,6.96,6.95,6.898714595473641
20230802093623160,6.96,6.95,6.898714595473641
20230802093623210,6.96,6.95,6.898714595473641
20230802093623330,6.96,6.95,6.898714595473641
20230802093623370,6.96,6.95,6.898731201734182
20230802093623420,6.96,6.95,6.8987477989976975
20230802093624920,6.96,6.95,6.8987477989976975
20230802093624980,6.96,6.95,6.898868995338153
20230802093625000,6.96,6.95,6.898903517655796
20230802093625020,6.96,6.95,6.898903517655796
20230802093625050,6.96,6.95,6.898903517655796
20230802093625060,6.96,6.95,6.898903517655796
20230802093625070,6.96,6.95,6.898903517655796
20230802093625150,6.96,6.95,6.898903517655796
20230802093625160,6.96,6.95,6.898915890373971
20230802093625170,6.96,6.95,6.898948859802996
20230802093625180,6.96,6.95,6.898948859802996
20230802093625280,6.96,6.95,6.898948859802996
20230802093625580,6.96,6.95,6.898948859802996
20230802093625600,6.96,6.95,6.898948859802996
20230802093625680,6.96,6.95,6.898948859802996
20230802093625810,6.96,6.95,6.898948859802996
20230802093625940,6.96,6.95,6.898990021574973
20230802093627580,6.96,6.95,6.898990021574973
20230802093627650,6.96,6.95,6.898990021574973
20230802093627720,6.96,6.95,6.898990021574973
20230802093627760,6.96,6.95,6.898990021574973
20230802093627810,6.96,6.95,6.8991049798115744
20230802093627990,6.96,6.95,6.8991049798115744
20230802093628000,6.96,6.95,6.899166386554622
20230802093628040,6.96,6.95,6.899166386554622
20230802093628260,6.96,6.95,6.899166386554622
20230802093628320,6.96,6.95,6.899166386554622
20230802093628460,6.96,6.95,6.899166386554622
20230802093628490,6.96,6.95,6.899166386554622
20230802093628530,6.96,6.95,6.899178653044764
20230802093628680,6.96,6.95,6.899178653044764
20230802093628710,6.96,6.95,6.899178653044764
20230802093628730,6.96,6.95,6.899178653044764
20230802093628740,6.96,6.95,6.899178653044764
20230802093628760,6.96,6.95,6.899178653044764
20230802093630380,6.96,6.95,6.899178653044764
20230802093630450,6.96,6.95,6.899178653044764
20230802093630590,6.96,6.95,6.899178653044764
20230802093630620,6.96,6.95,6.899178653044764
20230802093630650,6.96,6.95,6.899178653044764
20230802093630870,6.96,6.95,6.899178653044764
20230802093630950,6.96,6.95,6.899178653044764
20230802093631060,6.96,6.95,6.899178653044764
20230802093631120,6.96,6.95,6.899219505642128
20230802093631150,6.96,6.95,6.899219505642128
20230802093631160,6.96,6.95,6.899219505642128
20230802093631170,6.96,6.95,6.899219505642128
20230802093631220,6.96,6.95,6.899219505642128
20230802093631240,6.96,6.95,6.899219505642128
20230802093631470,6.96,6.95,6.899219505642128
20230802093633020,6.96,6.95,6.899219505642128
20230802093633070,6.96,6.95,6.899219505642128
20230802093633100,6.96,6.95,6.899219505642128
20230802093633180,6.96,6.95,6.899219505642128
20230802093633260,6.96,6.95,6.899219505642128
20230802093633270,6.96,6.95,6.899219505642128
20230802093633300,6.96,6.95,6.899219505642128
20230802093633310,6.96,6.95,6.899219505642128
20230802093633420,6.96,6.95,6.899219505642128
20230802093633430,6.96,6.95,6.899219505642128
20230802093633590,6.96,6.95,6.899219505642128
20230802093633790,6.96,6.95,6.899219505642128
20230802093633890,6.96,6.95,6.899219505642128
20230802093634030,6.96,6.95,6.899301046418031
20230802093634050,6.96,6.95,6.899301046418031
20230802093634060,6.96,6.95,6.899341734817
20230802093634110,6.96,6.95,6.8993783077644535
20230802093634120,6.96,6.95,6.899381698821007
20230802093635690,6.96,6.95,6.8994425483503985
20230802093635730,6.96,6.95,6.8994425483503985
20230802093635770,6.96,6.95,6.8994425483503985
20230802093635800,6.96,6.95,6.899483046880225
20230802093635840,6.96,6.95,6.899483046880225
20230802093635850,6.96,6.95,6.899483046880225
20230802093635890,6.96,6.95,6.899483046880225
20230802093635900,6.96,6.95,6.899483046880225
20230802093635950,6.96,6.95,6.899483046880225
20230802093636060,6.96,6.95,6.899587560064068
20230802093636080,6.96,6.95,6.899587560064068
20230802093636140,6.96,6.95,6.899590924257591
20230802093636150,6.96,6.95,6.899598985787683
20230802093636180,6.96,6.95,6.899598985787683
20230802093636610,6.96,6.95,6.899598985787683
20230802093636630,6.96,6.95,6.899598985787683
20230802093636700,6.96,6.95,6.899598985787683
20230802093636790,6.96,6.95,6.899598985787683
20230802093636800,6.96,6.95,6.899598985787683
20230802093636840,6.96,6.95,6.899598985787683
20230802093638380,6.96,6.95,6.90021971496437
20230802093638450,6.96,6.95,6.90021971496437
20230802093638580,6.96,6.95,6.90021971496437
20230802093638670,6.96,6.95,6.900223659035429
20230802093638900,6.96,6.95,6.900223659035429
20230802093639010,6.96,6.95,6.900223659035429
20230802093639120,6.96,6.95,6.900223659035429
20230802093639140,6.96,6.95,6.900247312537097
20230802093639240,6.96,6.95,6.900431952662722
20230802093639280,6.96,6.95,6.900521893258058
20230802093639310,6.96,6.95,6.900521893258058
20230802093639380,6.96,6.95,6.900521893258058
20230802093639390,6.96,6.95,6.900521893258058
20230802093639400,6.96,6.95,6.900521893258058
20230802093639530,6.96,6.95,6.901063552982502
20230802093639550,6.96,6.95,6.901063552982502
20230802093639570,6.96,6.95,6.901063552982502
20230802093641080,6.96,6.95,6.901063552982502
20230802093641090,6.96,6.95,6.901063552982502
20230802093641160,6.96,6.95,6.901063552982502
20230802093641430,6.96,6.95,6.901063552982502
20230802093641470,6.96,6.95,6.901063552982502
20230802093641500,6.96,6.95,6.901063552982502
20230802093641540,6.96,6.95,6.901063552982502
20230802093641660,6.96,6.95,6.901063552982502
20230802093641760,6.96,6.95,6.901063552982502
20230802093641780,6.96,6.95,6.901063552982502
20230802093641860,6.96,6.95,6.901063552982502
20230802093641900,6.96,6.95,6.901063552982502
20230802093641960,6.96,6.95,6.901063552982502
20230802093642020,6.96,6.96,6.901606728538283
20230802093642030,6.96,6.95,6.901895081126146
20230802093642040,6.96,6.95,6.901895081126146
20230802093642050,6.96,6.95,6.901895081126146
20230802093642070,6.96,6.95,6.901895081126146
20230802093642080,6.96,6.95,6.901895081126146
20230802093642300,6.96,6.95,6.901895081126146
20230802093642310,6.96,6.95,6.901913706885498
20230802093644030,6.96,6.95,6.901913706885498
20230802093644070,6.96,6.96,6.901913706885498
20230802093644080,6.96,6.96,6.901913706885498
20230802093644170,6.96,6.96,6.901913706885498
20230802093644190,6.96,6.96,6.901913706885498
20230802093644340,6.96,6.96,6.901913706885498
20230802093644580,6.96,6.96,6.901913706885498
20230802093644630,6.96,6.96,6.901913706885498
20230802093644640,6.96,6.96,6.901913706885498
20230802093644930,6.96,6.96,6.901913706885498
20230802093645020,6.96,6.96,6.901913706885498
20230802093646500,6.96,6.96,6.901913706885498
20230802093646550,6.96,6.96,6.901913706885498
20230802093646580,6.96,6.96,6.901913706885498
20230802093646740,6.96,6.96,6.901913706885498
20230802093646770,6.96,6.96,6.901913706885498
20230802093646800,6.96,6.96,6.901913706885498
20230802093646880,6.96,6.96,6.901913706885498
20230802093646980,6.96,6.95,6.902235894166401
20230802093646990,6.96,6.95,6.902235894166401
20230802093647090,6.96,6.95,6.902235894166401
20230802093647100,6.96,6.95,6.902246940336563
20230802093647160,6.96,6.95,6.902246940336563
20230802093647180,6.96,6.95,6.90225430210325
20230802093647260,6.96,6.95,6.90225430210325
20230802093647300,6.96,6.95,6.90225430210325
20230802093647400,6.96,6.95,6.902272698311564
20230802093647580,6.96,6.96,6.902272698311564
20230802093647620,6.96,6.96,6.903061712846347
20230802093649190,6.96,6.96,6.903061712846347
20230802093649280,6.96,6.96,6.903061712846347
20230802093649340,6.96,6.96,6.903061712846347
20230802093649350,6.96,6.96,6.903061712846347
20230802093649360,6.96,6.96,6.903061712846347
20230802093649460,6.96,6.96,6.903230324728346
20230802093649510,6.96,6.96,6.903233890214797
20230802093649560,6.96,6.96,6.903233890214797
20230802093649590,6.96,6.96,6.903233890214797
20230802093649700,6.96,6.96,6.903233890214797
20230802093649780,6.96,6.96,6.903233890214797
20230802093649820,6.96,6.96,6.903233890214797
20230802093649840,6.96,6.96,6.903233890214797
20230802093649910,6.96,6.96,6.903233890214797
20230802093649970,6.96,6.96,6.903233890214797
20230802093649990,6.96,6.96,6.903233890214797
20230802093650000,6.96,6.96,6.903233890214797
20230802093650100,6.96,6.96,6.903233890214797
20230802093650110,6.96,6.96,6.903233890214797
20230802093650130,6.96,6.96,6.903233890214797
20230802093650150,6.96,6.96,6.903233890214797
20230802093650170,6.96,6.96,6.903251710931123
20230802093650250,6.96,6.96,6.903251710931123
20230802093650290,6.96,6.96,6.903251710931123
20230802093650360,6.96,6.96,6.903429304625399
20230802093650400,6.96,6.96,6.903429304625399
20230802093651960,6.96,6.96,6.903429304625399
20230802093652010,6.96,6.96,6.903538855572214
20230802093652080,6.96,6.96,6.903686604361371
20230802093652090,6.96,6.96,6.903740272676337
20230802093652100,6.96,6.96,6.903740272676337
20230802093652150,6.96,6.96,6.903740272676337
20230802093652180,6.96,6.96,6.903740272676337
20230802093652220,6.96,6.96,6.903740272676337
20230802093652280,6.96,6.96,6.903862591626289
20230802093652300,6.96,6.96,6.903862591626289
20230802093652310,6.96,6.96,6.903862591626289
20230802093652440,6.96,6.96,6.903862591626289
20230802093652530,6.96,6.96,6.904044304189097
20230802093652550,6.96,6.96,6.904044304189097
20230802093652570,6.96,6.96,6.904044304189097
20230802093652660,6.96,6.96,6.904044304189097
20230802093652700,6.96,6.96,6.904044304189097
20230802093652790,6.96,6.96,6.904044304189097
20230802093652820,6.96,6.96,6.904044304189097
20230802093653010,6.96,6.96,6.904044304189097
20230802093653020,6.96,6.96,6.904044304189097
20230802093654790,6.96,6.96,6.904044304189097
20230802093654840,6.96,6.96,6.904044304189097
20230802093654870,6.96,6.96,6.904044304189097
20230802093654890,6.96,6.96,6.904044304189097
20230802093654900,6.96,6.96,6.904044304189097
20230802093654910,6.96,6.96,6.904044304189097
20230802093655120,6.96,6.96,6.904044304189097
20230802093655210,6.96,6.96,6.904044304189097
20230802093655220,6.96,6.96,6.904044304189097
20230802093655230,6.96,6.96,6.904044304189097
20230802093655350,6.96,6.95,6.904724711907811
20230802093655360,6.96,6.95,6.904724711907811
20230802093655440,6.96,6.95,6.904724711907811
20230802093655560,6.96,6.95,6.904724711907811
20230802093655640,6.96,6.95,6.904724711907811
20230802093655670,6.96,7.55,6.904724711907811
20230802093657370,6.96,7.55,6.904724711907811
20230802093657470,6.96,7.55,6.904724711907811
20230802093657520,6.96,7.55,6.904724711907811
20230802093657640,6.96,7.55,6.904724711907811
20230802093657650,6.96,7.55,6.904724711907811
20230802093657680,6.96,7.55,6.904724711907811
20230802093657720,6.96,7.55,6.904724711907811
20230802093657740,6.96,7.55,6.904724711907811
20230802093657760,6.96,7.55,6.904724711907811
20230802093657870,6.96,7.55,6.904724711907811
20230802093657880,6.96,7.55,6.904724711907811
20230802093658000,6.96,7.55,6.904724711907811
20230802093658010,6.96,7.55,6.904724711907811
20230802093658080,6.96,7.55,6.904724711907811
20230802093658160,6.96,7.55,6.904724711907811
20230802093658210,6.96,7.55,6.904724711907811
20230802093658220,6.96,7.55,6.904724711907811
20230802093658280,6.96,7.55,6.904724711907811
20230802093658490,6.96,6.96,6.904724711907811
20230802093700000,6.96,6.96,6.904724711907811
20230802093700010,6.96,6.96,6.904724711907811
20230802093700030,6.96,6.96,6.904724711907811
20230802093700140,6.96,6.96,6.904724711907811
20230802093700290,6.96,6.96,6.904724711907811
20230802093700420,6.96,6.96,6.904724711907811
20230802093700460,6.96,6.96,6.904724711907811
20230802093700470,6.96,6.96,6.904724711907811
20230802093700500,6.96,6.96,6.904724711907811
20230802093700510,6.96,6.96,6.904724711907811
20230802093700850,6.96,6.96,6.904724711907811
20230802093700900,6.96,6.96,6.904724711907811
20230802093701030,6.96,6.95,6.904724711907811
20230802093701050,6.96,6.95,6.904724711907811
20230802093701060,6.96,6.95,6.904724711907811
20230802093701090,6.96,6.95,6.904724711907811
20230802093701120,6.96,6.95,6.904724711907811
20230802093701170,6.96,6.95,6.904724711907811
20230802093701210,6.96,6.95,6.904724711907811
20230802093702680,6.96,6.95,6.904724711907811
20230802093702720,6.96,6.95,6.904724711907811
20230802093702780,6.96,6.95,6.904724711907811
20230802093702790,6.96,6.95,6.904724711907811
20230802093702850,6.96,6.95,6.904724711907811
20230802093702880,6.96,6.95,6.904724711907811
20230802093703000,6.96,6.95,6.904724711907811
20230802093703030,6.96,6.95,6.904724711907811
20230802093703100,6.96,6.95,6.904724711907811
20230802093703190,6.96,6.95,6.904724711907811
20230802093703230,6.96,6.95,6.904724711907811
20230802093703320,6.96,6.95,6.904724711907811
20230802093703420,6.96,6.95,6.904724711907811
20230802093703570,6.96,6.95,6.904724711907811
20230802093703670,6.96,6.95,6.904724711907811
20230802093703830,6.96,6.95,6.904724711907811
20230802093703900,6.96,6.95,6.904724711907811
20230802093705530,6.96,6.95,6.904724711907811
20230802093705730,6.96,6.95,6.904724711907811
20230802093705840,6.96,6.95,6.904724711907811
20230802093705870,6.96,6.95,6.904724711907811
20230802093705890,6.96,6.95,6.904724711907811
20230802093705980,6.96,6.95,6.904724711907811
20230802093706010,6.96,6.95,6.904724711907811
20230802093706050,6.96,6.95,6.904724711907811
20230802093706230,6.96,6.95,6.904724711907811
20230802093706240,6.96,6.95,6.904724711907811
20230802093706440,6.96,6.95,6.904724711907811
20230802093708090,6.96,6.95,6.904724711907811
20230802093708140,6.96,6.95,6.904724711907811
20230802093708230,6.96,6.95,6.904724711907811
20230802093708290,6.96,6.95,6.904724711907811
20230802093708330,6.96,6.95,6.904724711907811
20230802093708370,6.96,6.95,6.904724711907811
20230802093708660,6.96,6.95,6.904724711907811
20230802093708690,6.96,6.95,6.904724711907811
20230802093708750,6.96,6.95,6.904724711907811
20230802093708940,6.96,6.95,6.904724711907811
20230802093708970,6.96,6.95,6.904724711907811
20230802093709000,6.96,6.95,6.904724711907811
20230802093709070,6.96,6.95,6.904724711907811
20230802093709240,6.96,6.95,6.904724711907811
20230802093710860,6.96,6.95,6.904724711907811
20230802093710870,6.96,6.95,6.904724711907811
20230802093711030,6.96,6.95,6.904724711907811
20230802093711200,6.96,6.95,6.904724711907811
20230802093711210,6.96,6.95,6.904724711907811
20230802093711260,6.96,6.95,6.904724711907811
20230802093711470,6.96,6.95,6.904724711907811
20230802093711540,6.96,6.95,6.904724711907811
20230802093711590,6.96,6.95,6.904724711907811
20230802093711670,6.96,6.95,6.904724711907811
20230802093711830,6.96,6.95,6.904724711907811
20230802093711870,6.96,6.95,6.904724711907811
20230802093711990,6.96,6.95,6.904724711907811
20230802093712010,6.96,6.95,6.904724711907811
20230802093713520,6.96,6.95,6.904724711907811
20230802093713770,6.96,6.95,6.904724711907811
20230802093713780,6.96,6.95,6.904724711907811
20230802093713790,6.96,6.95,6.904724711907811
20230802093713860,6.96,6.95,6.904724711907811
20230802093713960,6.96,6.95,6.904724711907811
20230802093714280,6.96,6.95,6.904724711907811
20230802093714340,6.96,6.95,6.904724711907811
20230802093714350,6.96,6.95,6.904724711907811
20230802093714390,6.96,6.95,6.904724711907811
20230802093714420,6.96,6.95,6.904724711907811
20230802093714490,6.96,6.95,6.904724711907811
20230802093714510,6.96,6.95,6.904724711907811
20230802093714560,6.96,6.95,6.904724711907811
20230802093716230,6.96,6.95,6.904724711907811
20230802093716270,6.96,6.95,6.904724711907811
20230802093716300,6.96,6.95,6.904724711907811
20230802093716390,6.96,6.95,6.9065564397288535
20230802093716600,6.96,6.95,6.9065564397288535
20230802093716740,6.96,6.95,6.9065564397288535
20230802093716850,6.96,6.95,6.9065564397288535
20230802093716870,6.96,6.95,6.9065564397288535
20230802093716900,6.96,6.95,6.9065564397288535
20230802093716930,6.96,6.95,6.9065564397288535
20230802093717090,6.96,6.95,6.9065564397288535
20230802093717180,6.96,6.95,6.9065564397288535
20230802093717240,6.96,6.95,6.9065564397288535
20230802093717350,6.96,6.95,6.9065564397288535
20230802093718900,6.96,6.95,6.9065564397288535
20230802093719060,6.96,6.95,6.9065564397288535
20230802093719150,6.96,6.95,6.9065564397288535
20230802093719200,6.96,6.95,6.9065564397288535
20230802093719350,6.96,6.95,6.9065564397288535
20230802093719400,6.96,6.95,6.9065564397288535
20230802093719490,6.96,6.95,6.906657253794564
20230802093719590,6.96,6.95,6.906657253794564
20230802093719620,6.96,6.95,6.906657253794564
20230802093719750,6.96,6.95,6.906657253794564
20230802093719920,6.96,6.95,6.906657253794564
20230802093719950,6.96,6.95,6.906657253794564
20230802093720110,6.96,6.95,6.906657253794564
20230802093720130,6.96,6.95,6.906657253794564
20230802093721560,6.96,6.95,6.906657253794564
20230802093721670,6.96,6.95,6.906657253794564
20230802093721850,6.96,6.95,6.906657253794564
20230802093721880,6.96,6.95,6.906657253794564
20230802093722070,6.96,6.95,6.906657253794564
20230802093722110,6.96,6.95,6.906657253794564
20230802093722130,6.96,6.95,6.906657253794564
20230802093722160,6.96,6.95,6.906657253794564
20230802093722180,6.96,6.95,6.906657253794564
20230802093722250,6.96,6.95,6.906657253794564
20230802093722460,6.96,6.95,6.906657253794564
20230802093722540,6.96,6.95,6.906657253794564
20230802093722680,6.96,6.95,6.906657253794564
20230802093722740,6.96,6.95,6.906657253794564
20230802093724310,6.96,6.95,6.906657253794564
20230802093724370,6.96,6.95,6.906657253794564
20230802093724410,6.96,6.95,6.906657253794564
20230802093724440,6.96,6.95,6.906657253794564
20230802093724660,6.96,6.95,6.906657253794564
20230802093724730,6.96,6.95,6.906657253794564
20230802093724890,6.96,6.95,6.906899923874216
20230802093724980,6.96,6.95,6.906899923874216
20230802093725130,6.96,6.95,6.906899923874216
20230802093725270,6.96,6.95,6.906899923874216
20230802093725350,6.96,6.95,6.906899923874216
20230802093725360,6.96,6.95,6.906899923874216
20230802093725470,6.96,6.95,6.906899923874216
20230802093727170,6.96,6.95,6.906899923874216
20230802093727270,6.96,6.95,6.906899923874216
20230802093727290,6.96,6.95,6.906899923874216
20230802093727340,6.96,6.95,6.906899923874216
20230802093727550,6.96,6.95,6.906899923874216
20230802093727880,6.96,6.95,6.906899923874216
20230802093727920,6.96,6.95,6.906899923874216
20230802093727980,6.96,6.95,6.906899923874216
20230802093728000,6.96,6.95,6.906899923874216
20230802093728010,6.96,6.95,6.906899923874216
20230802093728210,6.96,6.95,6.906899923874216
20230802093729700,6.96,6.95,6.906899923874216
20230802093729780,6.96,6.95,6.906899923874216
20230802093729840,6.96,6.95,6.906899923874216
20230802093729880,6.96,6.95,6.906899923874216
20230802093729900,6.96,6.95,6.906899923874216
20230802093729960,6.96,6.95,6.906899923874216
20230802093729970,6.96,6.95,6.906899923874216
20230802093730000,6.96,6.95,6.906899923874216
20230802093730550,6.96,6.95,6.906899923874216
20230802093730710,6.96,6.95,6.906899923874216
20230802093730740,6.96,6.95,6.906899923874216
20230802093730890,6.96,6.95,6.906899923874216
20230802093732440,6.96,6.95,6.906899923874216
20230802093732480,6.96,6.95,6.906899923874216
20230802093732570,6.96,6.95,6.906899923874216
20230802093732780,6.96,6.95,6.906899923874216
20230802093732870,6.96,6.95,6.906899923874216
20230802093732930,6.96,6.95,6.906899923874216
20230802093733040,6.96,6.95,6.906899923874216
20230802093733070,6.96,6.95,6.906899923874216
20230802093733160,6.96,6.95,6.906899923874216
20230802093733170,6.96,6.95,6.906899923874216
20230802093733180,6.96,6.95,6.906899923874216
20230802093733200,6.96,6.95,6.906899923874216
20230802093733380,6.96,6.95,6.906899923874216
20230802093733480,6.96,6.95,6.906899923874216
20230802093733520,6.96,6.95,6.906899923874216
20230802093733600,6.96,6.95,6.907942476606005
20230802093735160,6.96,6.95,6.907942476606005
20230802093735300,6.96,6.95,6.907942476606005
20230802093735420,6.96,6.95,6.907942476606005
20230802093735470,6.96,6.95,6.907942476606005
20230802093735480,6.96,6.95,6.908034957020058
20230802093735660,6.96,6.95,6.908034957020058
20230802093735680,6.96,6.95,6.908034957020058
20230802093735730,6.96,6.95,6.90812356979405
20230802093735970,6.96,6.95,6.908171010516689
20230802093736000,6.96,6.95,6.908200616931338
20230802093736120,6.96,6.95,6.908200616931338
20230802093736130,6.96,6.95,6.90824200913242
20230802093736240,6.96,6.95,6.90824200913242
20230802093736270,6.96,6.95,6.90824200913242
20230802093736280,6.96,6.95,6.90824200913242
20230802093737780,6.96,6.95,6.90824200913242
20230802093737840,6.96,6.95,6.90824200913242
20230802093737880,6.96,6.95,6.90824200913242
20230802093737950,6.96,6.95,6.90824200913242
20230802093738320,6.96,6.95,6.90824200913242
20230802093738330,6.96,6.95,6.9083304843304845
20230802093738540,6.96,6.95,6.9083304843304845
20230802093738580,6.96,6.95,6.9083304843304845
20230802093738590,6.96,6.95,6.9083304843304845
20230802093738740,6.96,6.95,6.90859701830962
20230802093738750,6.96,6.95,6.90859701830962
20230802093738810,6.96,6.95,6.90859701830962
20230802093738960,6.96,6.95,6.90859701830962
20230802093739010,6.96,6.95,6.90859701830962
20230802093740480,6.96,6.95,6.90859701830962
20230802093740500,6.96,6.95,6.90859701830962
20230802093740530,6.96,6.95,6.90859701830962
20230802093740760,6.96,6.95,6.90859701830962
20230802093740810,6.96,6.95,6.90859701830962
20230802093740960,6.96,6.95,6.90859701830962
20230802093740970,6.96,6.95,6.90859701830962
20230802093741040,6.96,6.95,6.90859701830962
20230802093741610,6.96,6.95,6.908652321630804
20230802093741630,6.96,6.95,6.908652321630804
20230802093741670,6.96,6.95,6.908652321630804
20230802093741710,6.96,6.95,6.908652321630804
20230802093743310,6.96,6.95,6.908652321630804
20230802093743520,6.96,6.95,6.908654662816375
20230802093743580,6.96,6.95,6.908654662816375
20230802093743670,6.96,6.95,6.908748093328061
20230802093743690,6.96,6.95,6.9096022443197604
20230802093744020,6.96,6.95,6.9096022443197604
20230802093744250,6.96,6.95,6.909624673810449
20230802093744310,6.96,6.95,6.909624673810449
20230802093744320,6.96,6.95,6.909649833518313
20230802093744400,6.96,6.95,6.909649833518313
20230802093745930,6.96,6.95,6.909649833518313
20230802093745990,6.96,6.95,6.909649833518313
20230802093746010,6.96,6.95,6.909683340727596
20230802093746060,6.96,6.95,6.909683340727596
20230802093746080,6.96,6.95,6.909708441882379
20230802093746090,6.96,6.96,6.910037995594713
20230802093746100,6.96,6.96,6.910037995594713
20230802093746110,6.96,6.96,6.910037995594713
20230802093746120,6.96,6.96,6.910037995594713
20230802093746130,6.96,6.96,6.910037995594713
20230802093746140,6.96,6.96,6.910037995594713
20230802093746150,6.96,6.96,6.910037995594713
20230802093746160,6.96,6.96,6.910037995594713
20230802093746170,6.96,6.96,6.910037995594713
20230802093746180,6.96,6.96,6.910037995594713
20230802093746190,6.96,6.96,6.910037995594713
20230802093746200,6.96,6.96,6.910037995594713
20230802093746220,6.96,6.96,6.9100599955966535
20230802093746230,6.96,6.96,6.9100599955966535
20230802093746250,6.96,6.96,6.9100599955966535
20230802093746260,6.96,6.96,6.9100599955966535
20230802093746270,6.96,6.96,6.910065492570171
20230802093746340,6.96,6.96,6.910065492570171
20230802093746370,6.96,6.96,6.910065492570171
20230802093746380,6.96,6.96,6.910065492570171
20230802093746440,6.96,6.96,6.9100709883337
20230802093746520,6.96,6.96,6.910292554648551
20230802093746550,6.96,6.96,6.910292554648551
20230802093746710,6.96,6.96,6.910346959995622
20230802093746800,6.96,6.96,6.910346959995622
20230802093746810,6.96,6.96,6.910374118033146
20230802093746820,6.96,6.96,6.910374118033146
20230802093746970,6.96,6.96,6.910374118033146
20230802093747030,6.96,6.96,6.910374118033146
20230802093747100,6.96,6.96,6.910387685914261
20230802093747110,6.96,6.96,6.910501363884342
20230802093747130,6.96,6.96,6.910501363884342
20230802093748560,6.96,6.96,6.910501363884342
20230802093748570,6.96,6.96,6.910501363884342
20230802093748620,6.96,6.96,6.910512163194066
20230802093748650,6.96,6.96,6.910512163194066
20230802093748720,6.96,6.96,6.910512163194066
20230802093748750,6.96,6.96,6.910512163194066
20230802093748780,6.96,6.96,6.910512163194066
20230802093748810,6.96,6.96,6.911236530172414
20230802093748910,6.96,6.96,6.911236530172414
20230802093748930,6.96,6.96,6.911262857450589
20230802093748940,6.96,6.96,6.911262857450589
20230802093749000,6.96,6.96,6.911285460515692
20230802093749110,6.96,6.96,6.911285460515692
20230802093749120,6.96,6.96,6.911285460515692
20230802093749150,6.96,6.96,6.911285460515692
20230802093749200,6.96,6.96,6.911285460515692
20230802093749210,6.96,6.96,6.911285460515692
20230802093749230,6.96,6.96,6.911285460515692
20230802093749240,6.96,6.96,6.911285460515692
20230802093749260,6.96,6.96,6.911285460515692
20230802093749270,6.96,6.96,6.911285460515692
20230802093749280,6.96,6.96,6.911285460515692
20230802093749300,6.96,6.96,6.911390500752203
20230802093749330,6.96,6.96,6.911390500752203
20230802093749340,6.96,6.96,6.911390500752203
20230802093749370,6.96,6.96,6.911390500752203
20230802093749400,6.96,6.96,6.911390500752203
20230802093749410,6.96,6.96,6.911390500752203
20230802093749460,6.96,6.96,6.911390500752203
20230802093749480,6.96,6.96,6.911390500752203
20230802093749500,6.96,6.96,6.911390500752203
20230802093749530,6.96,6.96,6.911390500752203
20230802093749550,6.96,6.96,6.911390500752203
20230802093749590,6.96,6.96,6.911390500752203
20230802093749750,6.96,6.96,6.911434553849458
20230802093749820,6.96,6.96,6.911564574855429
20230802093751370,6.96,6.96,6.911564574855429
20230802093751380,6.96,6.96,6.911592721434306
20230802093751400,6.96,6.96,6.911592721434306
20230802093751420,6.96,6.96,6.911592721434306
20230802093751430,6.96,6.96,6.911620840911523
20230802093751610,6.96,6.96,6.911620840911523
20230802093751640,6.96,6.96,6.911620840911523
20230802093751740,6.96,6.96,6.911620840911523
20230802093751780,6.96,6.96,6.911639572192513
20230802093751800,6.96,6.96,6.9118968085106385
20230802093751810,6.96,6.96,6.9118968085106385
20230802093751870,6.96,6.96,6.9118968085106385
20230802093752060,6.96,6.96,6.91190607881721
20230802093752080,6.96,6.96,6.91190607881721
20230802093752090,6.96,6.96,6.91190607881721
20230802093752100,6.96,6.96,6.91190607881721
20230802093752110,6.96,6.96,6.91190607881721
20230802093752120,6.96,6.96,6.91190607881721
20230802093752130,6.96,6.96,6.91190607881721
20230802093752140,6.96,6.96,6.91190607881721
20230802093752170,6.96,6.96,6.91190607881721
20230802093752230,6.96,6.96,6.91190607881721
20230802093752310,6.96,6.96,6.91190607881721
20230802093752370,6.96,6.96,6.911924610558775
20230802093752400,6.96,6.96,6.911980134912626
20230802093752410,6.96,6.96,6.911998619444592
20230802093752430,6.96,6.96,6.911998619444592
20230802093752460,6.96,6.96,6.911998619444592
20230802093752490,6.96,6.96,6.911998619444592
20230802093752520,6.96,6.96,6.911998619444592
20230802093753960,6.96,6.96,6.912420536608508
20230802093753970,6.96,6.96,6.9124720876342955
20230802093754030,6.96,6.96,6.9124720876342955
20230802093754040,6.96,6.96,6.9124720876342955
20230802093754110,6.96,6.96,6.912490260082131
20230802093754130,6.96,6.96,6.912490260082131
20230802093754700,6.96,6.96,6.912490260082131
20230802093754770,6.96,6.96,6.912508421052632
20230802093754780,6.96,6.96,6.912547730500184
20230802093754790,6.96,6.96,6.9125658551974345
20230802093754830,6.96,6.96,6.9125658551974345
20230802093754840,6.96,6.96,6.9125658551974345
20230802093754970,6.96,6.96,6.9125658551974345
20230802093755140,6.96,6.96,6.9125658551974345
20230802093755150,6.96,6.96,6.9125658551974345
20230802093756660,6.96,6.96,6.9125658551974345
20230802093756700,6.96,6.96,6.912869246861924
20230802093756740,6.96,6.96,6.912869246861924
20230802093756760,6.96,6.96,6.912869246861924
20230802093756770,6.96,6.96,6.912869246861924
20230802093756830,6.96,6.96,6.912869246861924
20230802093756950,6.96,6.96,6.913160767191642
20230802093757070,6.96,6.96,6.913166675328725
20230802093757080,6.96,6.96,6.913166675328725
20230802093757100,6.96,6.96,6.913166675328725
20230802093757130,6.96,6.96,6.913193246753247
20230802093757140,6.96,6.96,6.913193246753247
20230802093757150,6.96,6.96,6.9132322865299765
20230802093757270,6.96,6.96,6.9132322865299765
20230802093757360,6.96,6.96,6.9132322865299765
20230802093757450,6.96,6.96,6.9132322865299765
20230802093757470,6.96,6.96,6.9132322865299765
20230802093757690,6.96,6.96,6.9132322865299765
20230802093757700,6.96,6.96,6.9132322865299765
20230802093757890,6.96,6.96,6.913326771653543
20230802093759510,6.96,6.96,6.913326771653543
20230802093759520,6.96,6.96,6.913326771653543
20230802093759560,6.96,6.96,6.913326771653543
20230802093759690,6.96,6.96,6.913564912642375
20230802093759900,6.96,6.96,6.913564912642375
20230802093800120,6.96,6.96,6.913564912642375
20230802093800160,6.96,6.96,6.913564912642375
20230802093800180,6.96,6.96,6.913564912642375
20230802093800190,6.96,6.96,6.913564912642375
20230802093800260,6.96,6.96,6.913721539805725
20230802093800300,6.96,6.96,6.91374755984794
20230802093800400,6.96,6.96,6.91374755984794
20230802093800410,6.96,6.96,6.91374755984794
20230802093800470,6.96,6.96,6.91374755984794
20230802093802060,6.96,6.96,6.91374755984794
20230802093802080,6.96,6.96,6.91374755984794
20230802093802160,6.96,6.96,6.914319637953829
20230802093802380,6.96,6.96,6.914319637953829
20230802093802400,6.96,6.96,6.914319637953829
20230802093802510,6.96,6.96,6.914319637953829
20230802093802540,6.96,6.96,6.914319637953829
20230802093802550,6.96,6.96,6.914319637953829
20230802093802700,6.96,6.96,6.914443937087773
20230802093802730,6.96,6.96,6.914443937087773
20230802093802740,6.96,6.96,6.914443937087773
20230802093802920,6.97,6.96,6.914443937087773
20230802093803020,6.97,6.96,6.914872130487313
20230802093803040,6.97,6.96,6.914872130487313
20230802093803100,6.97,6.96,6.914872130487313
20230802093803110,6.97,6.96,6.914872130487313
20230802093803230,6.97,6.96,6.914872130487313
20230802093803250,6.97,6.96,6.914872130487313
20230802093803300,6.97,6.96,6.914872130487313
20230802093804800,6.97,6.96,6.914872130487313
20230802093805020,6.97,6.96,6.915381047381546
20230802093805040,6.97,6.96,6.915381047381546
20230802093805240,6.97,6.96,6.91550696517413
20230802093805270,6.97,6.96,6.91550696517413
20230802093805320,6.97,6.96,6.91550696517413
20230802093805340,6.97,6.96,6.91550696517413
20230802093805380,6.97,6.96,6.91550696517413
20230802093805700,6.97,6.96,6.91550696517413
20230802093805810,6.97,6.96,6.915676760668087
20230802093807470,6.97,6.96,6.915676760668087
20230802093807700,6.97,6.96,6.915676760668087
20230802093807860,6.97,6.96,6.915676760668087
20230802093807910,6.97,6.96,6.915676760668087
20230802093808060,6.97,6.96,6.915676760668087
20230802093808280,6.97,6.96,6.915676760668087
20230802093808380,6.97,6.96,6.915676760668087
20230802093808470,6.97,6.96,6.915676760668087
20230802093808560,6.97,6.96,6.915676760668087
20230802093808590,6.97,6.96,6.915676760668087
20230802093808610,6.97,6.96,6.915676760668087
20230802093808660,6.97,6.96,6.915676760668087
