Timestamp,ask1,bid1,VWAP
20230804093000110,6.26,7.65,0.0
20230804093000120,6.26,7.65,0.0
20230804093000130,6.26,7.65,0.0
20230804093000140,6.26,7.65,0.0
20230804093000150,6.89,7.16,0.0
20230804093000160,6.89,7.16,0.0
20230804093000170,6.89,6.98,0.0
20230804093000180,6.92,6.96,6.96
20230804093000190,6.95,6.95,6.954157303370787
20230804093000200,6.95,6.96,6.954157303370787
20230804093000210,6.95,6.95,6.954497354497354
20230804093000220,6.95,6.95,6.954497354497354
20230804093000230,6.95,6.95,6.954497354497354
20230804093000240,6.95,6.95,6.954497354497354
20230804093000560,6.95,6.95,6.954497354497354
20230804093000570,6.95,6.95,6.954497354497354
20230804093000580,6.95,6.95,6.954497354497354
20230804093000590,6.95,6.95,6.954497354497354
20230804093000610,6.95,6.95,6.954497354497354
20230804093000630,6.95,6.95,6.954497354497354
20230804093000640,6.95,6.95,6.954497354497354
20230804093000650,6.95,6.95,6.954497354497354
20230804093000660,6.95,6.95,6.954497354497354
20230804093000670,6.95,6.95,6.954497354497354
20230804093000680,6.95,6.95,6.954497354497354
20230804093000690,6.95,6.95,6.954497354497354
20230804093000700,6.95,6.95,6.954497354497354
20230804093000710,6.95,6.95,6.954497354497354
20230804093000720,6.95,6.95,6.954497354497354
20230804093000730,6.95,6.95,6.953177966101695
20230804093000740,6.95,6.95,6.953177966101695
20230804093000760,6.94,6.95,6.952851239669421
20230804093000770,6.94,6.95,6.952851239669421
20230804093000780,6.94,6.95,6.952798353909465
20230804093000790,6.94,6.95,6.952798353909465
20230804093000800,6.94,6.95,6.952798353909465
20230804093000810,6.94,6.95,6.952798353909465
20230804093000820,6.94,6.95,6.952798353909465
20230804093000830,6.94,6.95,6.95244
20230804093000840,6.94,6.95,6.95244
20230804093000860,6.94,6.95,6.952292490118577
20230804093000870,6.94,6.95,6.952292490118577
20230804093000880,6.94,6.95,6.952292490118577
20230804093000890,6.94,6.95,6.952292490118577
20230804093000900,6.94,6.95,6.952292490118577
20230804093000910,6.95,6.95,6.951915708812261
20230804093000930,6.95,6.95,6.951915708812261
20230804093000950,6.95,6.95,6.951915708812261
20230804093000960,6.95,6.95,6.951915708812261
20230804093000970,6.95,6.95,6.951915708812261
20230804093001560,6.95,6.95,6.951915708812261
20230804093001600,6.95,6.95,6.951915708812261
20230804093001630,6.95,6.95,6.951915708812261
20230804093001650,6.95,6.95,6.951915708812261
20230804093001660,6.95,6.95,6.951915708812261
20230804093001690,6.95,6.95,6.951915708812261
20230804093001700,6.95,6.95,6.951915708812261
20230804093001710,6.95,6.95,6.951915708812261
20230804093001730,6.95,6.95,6.951915708812261
20230804093001740,6.95,6.95,6.951915708812261
20230804093001760,6.95,6.95,6.951915708812261
20230804093001770,6.95,6.95,6.951915708812261
20230804093001780,6.95,6.95,6.951915708812261
20230804093001790,6.95,6.95,6.951915708812261
20230804093001820,6.95,6.95,6.951915708812261
20230804093001850,6.95,6.95,6.951915708812261
20230804093001880,6.95,6.95,6.951915708812261
20230804093001890,6.95,6.95,6.951915708812261
20230804093001900,6.95,6.95,6.951915708812261
20230804093001910,6.95,6.95,6.951915708812261
20230804093001920,6.95,6.95,6.951915708812261
20230804093001930,6.95,6.95,6.951915708812261
20230804093001940,6.95,6.95,6.951915708812261
20230804093001950,6.95,6.95,6.951915708812261
20230804093001960,6.95,6.95,6.951915708812261
20230804093001970,6.95,6.95,6.951915708812261
20230804093001980,6.95,6.95,6.951915708812261
20230804093001990,6.95,6.95,6.951915708812261
20230804093002000,6.95,6.95,6.951915708812261
20230804093002010,6.95,6.95,6.951915708812261
20230804093002020,6.95,6.95,6.951915708812261
20230804093002030,6.95,6.95,6.951915708812261
20230804093002040,6.95,6.95,6.951915708812261
20230804093002050,6.95,6.95,6.951915708812261
20230804093002090,6.95,6.95,6.951915708812261
20230804093002110,6.95,6.95,6.951915708812261
20230804093002200,6.95,6.95,6.951915708812261
20230804093002210,6.95,6.95,6.951915708812261
20230804093003230,6.95,6.95,6.951915708812261
20230804093003250,6.95,6.95,6.951915708812261
20230804093003260,6.95,6.95,6.951915708812261
20230804093003270,6.95,6.95,6.951915708812261
20230804093003290,6.95,6.95,6.951915708812261
20230804093003310,6.95,6.95,6.951915708812261
20230804093003320,6.95,6.95,6.951915708812261
20230804093003370,6.95,6.95,6.951915708812261
20230804093003380,6.95,6.95,6.951915708812261
20230804093003400,6.95,6.95,6.951915708812261
20230804093003410,6.95,6.95,6.951915708812261
20230804093003420,6.95,6.95,6.951655629139073
20230804093003440,6.95,6.95,6.951655629139073
20230804093003450,6.95,6.95,6.951628664495114
20230804093003460,6.95,6.95,6.951628664495114
20230804093003480,6.95,6.95,6.951628664495114
20230804093003510,6.95,6.95,6.951628664495114
20230804093003540,6.95,6.95,6.951602564102564
20230804093003550,6.95,6.95,6.951602564102564
20230804093003590,6.95,6.95,6.951602564102564
20230804093003600,6.95,6.95,6.9515060240963855
20230804093003620,6.95,6.95,6.9515060240963855
20230804093003720,6.95,6.95,6.9515060240963855
20230804093003730,6.95,6.95,6.9515060240963855
20230804093003740,6.95,6.95,6.9515060240963855
20230804093003810,6.95,6.95,6.950854271356784
20230804093003820,6.95,6.95,6.950854271356784
20230804093003830,6.95,6.95,6.950833333333334
20230804093003850,6.95,6.95,6.950833333333334
20230804093003890,6.95,6.95,6.950833333333334
20230804093003980,6.95,6.95,6.950833333333334
20230804093003990,6.95,6.95,6.950833333333334
20230804093004010,6.95,6.95,6.950833333333334
20230804093004040,6.95,6.95,6.950833333333334
20230804093004050,6.95,6.95,6.950833333333334
20230804093004090,6.95,6.95,6.950833333333334
20230804093004100,6.95,6.95,6.950833333333334
20230804093004140,6.95,6.95,6.950833333333334
20230804093004150,6.95,6.93,6.950833333333334
20230804093004160,6.95,6.94,6.950833333333334
20230804093004200,6.95,6.94,6.950833333333334
20230804093004220,6.95,6.94,6.950833333333334
20230804093004250,6.95,6.94,6.950833333333334
20230804093005590,6.95,6.94,6.950833333333334
20230804093005610,6.95,6.94,6.950833333333334
20230804093005630,6.95,6.94,6.950833333333334
20230804093005640,6.95,6.94,6.950833333333334
20230804093005670,6.95,6.94,6.950833333333334
20230804093005700,6.95,6.94,6.950833333333334
20230804093005720,6.95,6.94,6.950833333333334
20230804093005740,6.95,6.94,6.950833333333334
20230804093005770,6.95,6.94,6.950833333333334
20230804093005790,6.95,6.94,6.950833333333334
20230804093005800,6.96,6.95,6.949511459589868
20230804093005810,6.96,6.95,6.949511459589868
20230804093005900,6.96,6.95,6.949511459589868
20230804093005910,6.96,6.95,6.949511459589868
20230804093005940,6.96,6.95,6.949538986909505
20230804093006010,6.96,6.95,6.949538986909505
20230804093006020,6.96,6.95,6.949538986909505
20230804093006030,6.96,6.95,6.949538986909505
20230804093006100,6.96,6.95,6.949538986909505
20230804093006160,6.96,6.95,6.949538986909505
20230804093006250,6.96,6.95,6.94955088118249
20230804093006310,6.96,6.95,6.949552154195011
20230804093006320,6.96,6.95,6.949552154195011
20230804093006380,6.96,6.95,6.949555680539932
20230804093006390,6.96,6.95,6.949555680539932
20230804093006430,6.96,6.95,6.949555680539932
20230804093006450,6.96,6.95,6.949555680539932
20230804093006530,6.96,6.95,6.949555680539932
20230804093006550,6.96,6.95,6.949555680539932
20230804093006570,6.96,6.95,6.949555680539932
20230804093006680,6.96,6.95,6.949555680539932
20230804093006830,6.96,6.95,6.949555680539932
20230804093006980,6.96,6.95,6.949555680539932
20230804093007050,6.96,6.95,6.949555680539932
20230804093007070,6.96,6.95,6.949555680539932
20230804093007080,6.96,6.95,6.949555680539932
20230804093007090,6.96,6.95,6.949555680539932
20230804093007100,6.96,6.95,6.949555680539932
20230804093007110,6.96,6.95,6.949559888579387
20230804093007120,6.96,6.95,6.949559888579387
20230804093007130,6.96,6.95,6.949559888579387
20230804093007150,6.96,6.95,6.949559888579387
20230804093007170,6.96,6.95,6.949559888579387
20230804093007180,6.96,6.95,6.949611973392461
20230804093007190,6.96,6.95,6.949611973392461
20230804093007210,6.96,6.95,6.949611973392461
20230804093007250,6.96,6.95,6.949663541092113
20230804093007260,6.96,6.95,6.949714599341383
20230804093007270,6.96,6.95,6.949714599341383
20230804093007290,6.96,6.95,6.949714599341383
20230804093007320,6.96,6.95,6.949714599341383
20230804093007360,6.96,6.95,6.949714599341383
20230804093007430,6.96,6.95,6.949714599341383
20230804093007440,6.96,6.95,6.949714599341383
20230804093007450,6.96,6.95,6.949714599341383
20230804093007460,6.96,6.95,6.949714599341383
20230804093007470,6.96,6.95,6.949714599341383
20230804093007480,6.96,6.95,6.949720394736842
20230804093007490,6.96,6.95,6.949720394736842
20230804093007520,6.96,6.95,6.949720394736842
20230804093010670,6.96,6.95,6.949720394736842
20230804093010810,6.96,6.95,6.949720394736842
20230804093010970,6.96,6.95,6.949720394736842
20230804093011080,6.96,6.95,6.949720394736842
20230804093011300,6.96,6.95,6.949720394736842
20230804093011370,6.96,6.95,6.949720394736842
20230804093011590,6.96,6.95,6.949720394736842
20230804093011640,6.96,6.95,6.949720394736842
20230804093011910,6.96,6.95,6.949720394736842
20230804093012280,6.96,6.95,6.949720394736842
20230804093012300,6.96,6.95,6.949720394736842
20230804093013050,6.96,6.95,6.949720394736842
20230804093013080,6.96,6.96,6.949720394736842
20230804093013090,6.96,6.96,6.949826086956522
20230804093013100,6.96,6.96,6.949826086956522
20230804093013270,6.96,6.96,6.950058729311265
20230804093013330,6.96,6.96,6.950058729311265
20230804093013580,6.96,6.96,6.950058729311265
20230804093013620,6.96,6.96,6.950058729311265
20230804093016930,6.96,6.96,6.950058729311265
20230804093016980,6.96,6.96,6.950122535961641
20230804093016990,6.97,6.97,6.950249336870026
20230804093017030,6.97,6.97,6.950249336870026
20230804093017070,6.97,6.97,6.950249336870026
20230804093017180,6.95,6.97,6.950249336870026
20230804093017250,6.97,6.97,6.951021144920062
20230804093017320,6.97,6.97,6.951331632653061
20230804093017370,6.97,6.98,6.95308908045977
20230804093017380,6.97,6.98,6.95308908045977
20230804093017400,6.97,6.98,6.95308908045977
20230804093017430,6.97,6.98,6.95308908045977
20230804093017490,6.97,6.98,6.95308908045977
20230804093017520,6.97,6.98,6.95308908045977
20230804093017530,6.97,6.98,6.95308908045977
20230804093017560,6.97,6.98,6.953585882352941
20230804093017580,6.97,6.98,6.953585882352941
20230804093017610,6.97,6.98,6.954225092250923
20230804093017650,6.97,6.98,6.954225092250923
20230804093017660,6.97,6.98,6.954225092250923
20230804093017680,6.97,6.98,6.954225092250923
20230804093017690,6.97,6.98,6.954225092250923
20230804093017710,6.97,6.98,6.954225092250923
20230804093017740,6.97,6.98,6.954225092250923
20230804093017750,6.97,6.98,6.954225092250923
20230804093017770,6.97,6.98,6.954225092250923
20230804093017780,6.97,6.98,6.954225092250923
20230804093017790,6.97,6.98,6.954225092250923
20230804093017800,6.97,6.98,6.954225092250923
20230804093017870,6.97,6.98,6.954225092250923
20230804093017960,6.97,6.98,6.954248847926268
20230804093018140,6.97,6.98,6.954248847926268
20230804093018230,6.97,6.98,6.954248847926268
20230804093018260,6.97,6.98,6.954248847926268
20230804093018560,6.97,6.98,6.954248847926268
20230804093018570,6.97,6.98,6.954248847926268
20230804093020330,6.97,6.98,6.954248847926268
20230804093020440,6.97,6.98,6.954248847926268
20230804093020520,6.97,6.98,6.954248847926268
20230804093020550,6.98,6.98,6.96680023923445
20230804093020560,6.99,6.99,6.969133942980097
20230804093020570,6.99,6.99,6.969451364961569
20230804093020590,6.99,6.99,6.969451364961569
20230804093020600,6.99,6.99,6.969451364961569
20230804093020610,6.99,6.99,6.969451364961569
20230804093020630,6.99,6.99,6.969451364961569
20230804093020640,6.99,6.99,6.969451364961569
20230804093020670,6.99,6.99,6.969451364961569
20230804093020690,6.99,6.99,6.969451364961569
20230804093020710,6.99,6.99,6.969451364961569
20230804093020720,6.99,6.99,6.970556832694764
20230804093020860,6.99,6.99,6.970556832694764
20230804093020880,6.99,6.99,6.970556832694764
20230804093020890,6.99,6.99,6.970556832694764
20230804093020900,6.99,6.99,6.970556832694764
20230804093020990,6.99,6.99,6.970556832694764
20230804093021000,6.99,6.99,6.970556832694764
20230804093021020,6.99,6.99,6.970556832694764
20230804093021040,6.99,6.99,6.970556832694764
20230804093021100,6.99,6.99,6.970556832694764
20230804093021140,6.99,6.99,6.970910926066112
20230804093021280,6.99,6.99,6.970910926066112
20230804093021330,7.0,6.99,6.970910926066112
20230804093022900,7.0,6.99,6.970910926066112
20230804093023010,7.0,6.99,6.970910926066112
20230804093023020,7.0,6.99,6.970910926066112
20230804093023040,7.0,6.99,6.970910926066112
20230804093023060,7.0,6.99,6.970910926066112
20230804093023130,7.0,6.99,6.970910926066112
20230804093023140,7.0,6.99,6.970910926066112
20230804093023210,7.0,6.99,6.970910926066112
20230804093023330,7.0,6.99,6.970910926066112
20230804093023430,7.0,6.99,6.970910926066112
20230804093023550,7.0,6.99,6.970910926066112
20230804093023560,7.0,6.99,6.970910926066112
20230804093023580,7.0,6.99,6.970910926066112
20230804093023590,7.0,6.99,6.972291816654668
20230804093023720,7.0,6.99,6.972291816654668
20230804093023900,7.0,6.99,6.972291816654668
20230804093024020,7.0,6.99,6.972291816654668
20230804093024080,7.0,6.99,6.972291816654668
20230804093024120,7.0,6.99,6.972291816654668
20230804093025670,7.01,6.99,6.978491058122206
20230804093025690,7.01,6.99,6.982587844970593
20230804093025700,7.01,6.99,6.98272591262717
20230804093025710,7.01,6.99,6.982904945217649
20230804093025720,7.01,7.0,6.983010594467333
20230804093025730,7.01,7.0,6.983010594467333
20230804093025740,7.01,7.0,6.983010594467333
20230804093025750,7.01,7.0,6.983010594467333
20230804093025760,7.01,7.0,6.983010594467333
20230804093025770,7.01,7.0,6.983010594467333
20230804093025780,7.01,7.0,6.983010594467333
20230804093025790,7.01,7.0,6.983010594467333
20230804093025810,7.01,7.0,6.983780643332861
20230804093025890,7.01,7.0,6.983780643332861
20230804093025940,7.01,7.0,6.983780643332861
20230804093026000,7.01,7.0,6.983780643332861
20230804093026020,7.01,7.0,6.983780643332861
20230804093026040,7.01,7.0,6.983780643332861
20230804093026070,7.01,7.0,6.983780643332861
20230804093026080,7.01,7.0,6.983780643332861
20230804093026090,7.01,7.0,6.983780643332861
20230804093026120,7.01,7.0,6.983780643332861
20230804093026140,7.01,7.0,6.983780643332861
20230804093026250,7.01,7.0,6.983780643332861
20230804093026310,7.01,7.0,6.983780643332861
20230804093026380,7.01,7.0,6.983780643332861
20230804093026420,7.01,7.0,6.983780643332861
20230804093026740,7.01,7.0,6.983780643332861
20230804093026750,7.0,7.0,6.983780643332861
20230804093028350,7.0,7.0,6.983787535410765
20230804093028360,7.0,7.0,6.983787535410765
20230804093028370,7.0,7.0,6.983805885681947
20230804093028400,7.01,7.0,6.983805885681947
20230804093028540,7.01,7.0,6.983805885681947
20230804093028610,7.01,7.0,6.983805885681947
20230804093028680,7.01,7.0,6.983805885681947
20230804093028740,7.01,7.0,6.983805885681947
20230804093028750,7.01,7.0,6.983805885681947
20230804093028760,7.01,7.0,6.983805885681947
20230804093028800,7.01,7.0,6.984307116104869
20230804093028830,7.01,7.0,6.984307116104869
20230804093028910,7.01,7.0,6.984307116104869
20230804093028920,7.01,7.0,6.984307116104869
20230804093029060,7.01,7.0,6.984307116104869
20230804093029330,7.01,7.0,6.984307116104869
20230804093030970,7.01,7.0,6.984307116104869
20230804093031000,7.01,7.02,6.984307116104869
20230804093031030,7.01,7.02,6.984307116104869
20230804093031040,7.01,7.02,6.984307116104869
20230804093031050,7.01,7.02,6.984307116104869
20230804093031090,7.01,7.02,6.984307116104869
20230804093031100,7.01,7.02,6.984307116104869
20230804093031180,7.01,7.02,6.984307116104869
20230804093031290,7.01,7.02,6.984307116104869
20230804093031420,7.01,7.02,6.984307116104869
20230804093031680,7.01,7.02,6.984307116104869
20230804093031740,7.02,7.02,6.984307116104869
20230804093031790,7.02,7.02,6.984307116104869
20230804093031930,7.02,7.03,6.984307116104869
20230804093032050,7.02,7.03,6.984307116104869
20230804093032070,7.02,7.03,6.984307116104869
20230804093032130,7.02,7.03,6.984307116104869
20230804093032140,7.02,7.03,6.984307116104869
20230804093032150,7.02,7.03,6.984307116104869
20230804093032170,7.02,7.03,6.984307116104869
20230804093032190,7.02,7.03,6.984307116104869
20230804093032210,7.05,7.02,6.993091563189045
20230804093032220,7.05,7.03,6.993091563189045
20230804093034090,7.04,7.03,6.993091563189045
20230804093034100,7.04,7.03,6.993091563189045
20230804093034130,7.04,7.03,6.993091563189045
20230804093034140,7.04,7.03,6.993091563189045
20230804093034160,7.04,7.03,6.993091563189045
20230804093034170,7.04,7.03,6.993091563189045
20230804093034180,7.04,7.03,6.993091563189045
20230804093034210,7.04,7.03,6.993091563189045
20230804093034240,7.04,7.03,6.993091563189045
20230804093034250,7.04,7.03,6.993931380371595
20230804093034290,7.04,7.03,6.993936630955095
20230804093034300,7.04,7.03,6.993941880341881
20230804093034310,7.04,7.03,6.993941880341881
20230804093034330,7.04,7.03,6.9940204778157
20230804093034340,7.04,7.03,6.9940204778157
20230804093034350,7.04,7.03,6.994036165131354
20230804093034380,7.04,7.03,6.994036165131354
20230804093034400,7.04,7.03,6.994192451547093
20230804093034550,7.04,7.03,6.994394229685563
20230804093034570,7.04,7.03,6.994394229685563
20230804093034630,7.04,7.03,6.994394229685563
20230804093036400,7.04,7.03,6.99449167791273
20230804093036770,7.04,7.03,6.99449167791273
20230804093036900,7.04,7.03,6.99449167791273
20230804093037100,7.04,7.03,6.99449167791273
20230804093037130,7.04,7.03,6.99449167791273
20230804093037150,7.04,7.03,6.99449167791273
20230804093037200,7.04,7.03,6.99449167791273
20230804093037210,7.04,7.03,6.99449167791273
20230804093037360,7.04,7.03,6.99449167791273
20230804093037430,7.04,7.03,6.99449167791273
20230804093037460,7.04,7.03,6.99449167791273
20230804093037590,7.04,7.03,6.99449167791273
20230804093039240,7.04,7.03,6.99449167791273
20230804093039310,7.04,7.03,6.99449167791273
20230804093039620,7.04,7.03,6.99449167791273
20230804093039730,7.04,7.03,6.99449167791273
20230804093039800,7.04,7.03,6.99449167791273
20230804093040070,7.04,7.03,6.99449167791273
20230804093040100,7.04,7.03,6.99460141271443
20230804093040120,7.04,7.03,6.994606502242153
20230804093040130,7.04,7.03,6.9946319327731095
20230804093040150,7.04,7.03,6.9946370154604525
20230804093040300,7.04,7.03,6.9946370154604525
20230804093041760,7.04,7.03,6.9946370154604525
20230804093041860,7.04,7.03,6.9946370154604525
20230804093042090,7.04,7.03,6.9946370154604525
20230804093042220,7.04,7.03,6.9946370154604525
20230804093042450,7.04,7.03,6.9946370154604525
20230804093042740,7.04,7.03,6.9946370154604525
20230804093044670,7.04,7.03,6.9946370154604525
20230804093044720,7.04,7.03,6.9946370154604525
20230804093044770,7.04,7.03,6.9946370154604525
20230804093044790,7.04,7.03,6.9946370154604525
20230804093045040,7.04,7.03,6.9946370154604525
20230804093045080,7.04,7.03,6.9946370154604525
20230804093045110,7.04,7.03,6.9946370154604525
20230804093045270,7.04,7.03,6.9946370154604525
20230804093045300,7.04,7.02,6.9946370154604525
20230804093045440,7.04,7.02,6.9946370154604525
20230804093045540,7.04,7.02,6.995191938155715
20230804093045600,7.04,7.02,6.995191938155715
20230804093045630,7.04,7.03,6.995191938155715
20230804093045730,7.04,7.03,6.995191938155715
20230804093047190,7.04,7.03,6.995191938155715
20230804093047730,7.04,7.03,6.995191938155715
20230804093047920,7.04,7.03,6.995191938155715
20230804093048180,7.04,7.03,6.995191938155715
20230804093048370,7.04,7.03,6.995191938155715
20230804093048400,7.04,7.03,6.995191938155715
20230804093048420,7.04,7.03,6.995191938155715
20230804093049890,7.04,7.03,6.995191938155715
20230804093049930,7.04,7.03,6.995191938155715
20230804093050040,7.04,7.03,6.995191938155715
20230804093050060,7.04,7.03,6.995191938155715
20230804093050210,7.03,7.02,6.995274741018294
20230804093050220,7.03,7.02,6.995274741018294
20230804093050270,7.03,7.02,6.995274741018294
20230804093050370,7.03,7.02,6.995274741018294
20230804093050420,7.03,7.02,6.995274741018294
20230804093050750,7.03,7.02,6.995274741018294
20230804093050790,7.03,7.02,6.995274741018294
20230804093050800,7.03,7.02,6.995274741018294
20230804093050840,7.03,7.02,6.995274741018294
20230804093051120,7.04,7.02,6.995531451701127
20230804093052590,7.04,7.02,6.995531451701127
20230804093052760,7.04,7.02,6.995531451701127
20230804093052850,7.04,7.02,6.995531451701127
20230804093052870,7.04,7.02,6.995767884322679
20230804093052880,7.04,7.02,6.995767884322679
20230804093052890,7.04,7.02,6.995767884322679
20230804093052900,7.04,7.02,6.995767884322679
20230804093052990,7.04,7.02,6.995767884322679
20230804093053000,7.04,7.02,6.995767884322679
20230804093053050,7.04,7.03,6.995772692683987
20230804093053060,7.04,7.03,6.995772692683987
20230804093053220,7.04,7.03,6.995772692683987
20230804093053250,7.04,7.03,6.995772692683987
20230804093053360,7.04,7.03,6.995772692683987
20230804093053470,7.04,7.03,6.995772692683987
20230804093053540,7.04,7.03,6.995772692683987
20230804093053680,7.04,7.03,6.995772692683987
20230804093053810,7.04,7.03,6.995772692683987
20230804093055440,7.04,7.03,6.995772692683987
20230804093055490,7.04,7.03,6.995772692683987
20230804093055650,7.04,7.02,6.995772692683987
20230804093055670,7.04,7.02,6.995929701039861
20230804093056010,7.04,7.02,6.995929701039861
20230804093056450,7.04,7.02,6.995948787353832
20230804093056460,7.04,7.02,6.995948787353832
20230804093058000,7.04,7.02,6.995948787353832
20230804093058080,7.04,7.02,6.9959678571428565
20230804093058150,7.04,7.02,6.9959678571428565
20230804093058230,7.04,7.02,6.995996430889033
20230804093058270,7.04,7.02,6.996024967574578
20230804093058310,7.04,7.02,6.996024967574578
20230804093058330,7.04,7.02,6.996024967574578
20230804093058380,7.04,7.02,6.996024967574578
20230804093058470,7.04,7.02,6.996024967574578
20230804093058480,7.04,7.02,6.996024967574578
20230804093058560,7.04,7.02,6.996024967574578
20230804093058820,7.04,7.02,6.996024967574578
20230804093058870,7.04,7.02,6.996024967574578
20230804093059060,7.04,7.02,6.996029720090781
20230804093059070,7.04,7.02,6.996029720090781
20230804093059220,7.04,7.02,6.996029720090781
20230804093100730,7.04,7.02,6.996029720090781
20230804093100780,7.04,7.02,6.996029720090781
20230804093100860,7.04,7.02,6.996029720090781
20230804093100870,7.04,7.02,6.996029720090781
20230804093100880,7.04,7.02,6.996029720090781
20230804093100970,7.04,7.02,6.996029720090781
20230804093100990,7.04,7.02,6.996072446555819
20230804093101040,7.04,7.02,6.996072446555819
20230804093101140,7.04,7.02,6.996072446555819
20230804093101150,7.04,7.02,6.996072446555819
20230804093101190,7.04,7.02,6.996213601635639
20230804093101240,7.04,7.02,6.996213601635639
20230804093101300,7.04,7.02,6.996213601635639
20230804093101340,7.04,7.02,6.996213601635639
20230804093101460,7.04,7.02,6.996213601635639
20230804093101470,7.04,7.02,6.996213601635639
20230804093101510,7.04,7.02,6.996213601635639
20230804093101660,7.04,7.02,6.996213601635639
20230804093103400,7.04,7.02,6.996213601635639
20230804093103500,7.04,7.02,6.996213601635639
20230804093103540,7.04,7.02,6.996213601635639
20230804093103800,7.04,7.02,6.996213601635639
20230804093103830,7.04,7.02,6.996213601635639
20230804093103900,7.04,7.02,6.996213601635639
20230804093104120,7.03,7.02,6.996213601635639
20230804093104130,7.03,7.02,6.996213601635639
20230804093104150,7.04,7.02,6.996498075689544
20230804093104190,7.04,7.02,6.996539891060557
20230804093104230,7.04,7.02,6.997319383259912
20230804093104300,7.04,7.02,6.997319383259912
20230804093104360,7.04,7.02,6.997319383259912
20230804093104450,7.04,7.02,6.997705332086062
20230804093104490,7.04,7.02,6.997705332086062
20230804093104590,7.04,7.02,6.997705332086062
20230804093106360,7.04,7.02,6.997705332086062
20230804093106530,7.04,7.02,6.997705332086062
20230804093106550,7.04,7.02,6.997705332086062
20230804093106900,7.04,7.02,6.997705332086062
20230804093106950,7.04,7.02,6.997705332086062
20230804093106960,7.04,7.02,6.997705332086062
20230804093107090,7.04,7.03,6.997705332086062
20230804093107100,7.04,7.03,6.997725459644749
20230804093107120,7.04,7.03,6.997725459644749
20230804093107190,7.04,7.03,6.997734240315713
20230804093107250,7.04,7.03,6.997738629283489
20230804093108910,7.04,7.03,6.997738629283489
20230804093109040,7.04,7.03,6.997738629283489
20230804093109070,7.04,7.03,6.997738629283489
20230804093109170,7.04,7.03,6.997738629283489
20230804093109250,7.04,7.03,6.997738629283489
20230804093109260,7.04,7.03,6.997772095435685
20230804093109690,7.04,7.03,6.997772095435685
20230804093109700,7.04,7.03,6.997772095435685
20230804093109810,7.04,7.03,6.997772095435685
20230804093109850,7.04,7.03,6.997772095435685
20230804093111660,7.04,7.03,6.997772095435685
20230804093111720,7.04,7.03,6.997772095435685
20230804093111740,7.04,7.03,6.997772095435685
20230804093111750,7.04,7.03,6.997772095435685
20230804093111790,7.04,7.03,6.997772095435685
20230804093111810,7.04,7.03,6.997793986521514
20230804093111830,7.04,7.03,6.997793986521514
20230804093111850,7.04,7.03,6.997793986521514
20230804093111910,7.04,7.03,6.997793986521514
20230804093111960,7.04,7.03,6.997793986521514
20230804093111970,7.04,7.03,6.997846432639536
20230804093112090,7.04,7.03,6.997846432639536
20230804093112100,7.04,7.03,6.997846432639536
20230804093112150,7.04,7.03,6.997846432639536
20230804093112190,7.04,7.03,6.997846432639536
20230804093112240,7.04,7.03,6.997846432639536
20230804093112260,7.04,7.03,6.997846432639536
20230804093112410,7.04,7.03,6.997846432639536
20230804093112510,7.04,7.03,6.997846432639536
20230804093112590,7.04,7.03,6.997846432639536
20230804093112600,7.04,7.03,6.997846432639536
20230804093112620,7.04,7.03,6.997890038274542
20230804093112660,7.04,7.03,6.997890038274542
20230804093112720,7.04,7.03,6.997893359536615
20230804093114290,7.04,7.03,6.997893359536615
20230804093114300,7.04,7.03,6.997958587214706
20230804093114360,7.04,7.03,6.997958587214706
20230804093114400,7.04,7.03,6.997958587214706
20230804093114460,7.04,7.03,6.997958587214706
20230804093114580,7.04,7.03,6.997978429146454
20230804093114600,7.04,7.03,7.000918890382031
20230804093114610,7.04,7.03,7.000918890382031
20230804093114630,7.04,7.03,7.000918890382031
20230804093114770,7.04,7.03,7.000918890382031
20230804093114790,7.04,7.03,7.000918890382031
20230804093114970,7.04,7.03,7.000918890382031
20230804093114990,7.04,7.03,7.000918890382031
20230804093115000,7.04,7.03,7.000918890382031
20230804093115030,7.04,7.03,7.000918890382031
20230804093115180,7.04,7.03,7.000918890382031
20230804093115390,7.04,7.03,7.000918890382031
20230804093115410,7.04,7.03,7.000918890382031
20230804093116930,7.04,7.03,7.000918890382031
20230804093116990,7.04,7.03,7.000918890382031
20230804093117040,7.04,7.03,7.000918890382031
20230804093117170,7.04,7.03,7.00096070161986
20230804093117240,7.04,7.03,7.00096070161986
20230804093117350,7.04,7.03,7.00096070161986
20230804093117430,7.04,7.03,7.000994349741429
20230804093117510,7.04,7.03,7.000994349741429
20230804093117880,7.04,7.03,7.000994349741429
20230804093118030,7.04,7.03,7.001005456634118
20230804093118050,7.04,7.03,7.0010940064897875
20230804093118060,7.04,7.03,7.001426698113208
20230804093119710,7.04,7.03,7.0014965225563905
20230804093119810,7.04,7.03,7.0014965225563905
20230804093119870,7.04,7.03,7.0014965225563905
20230804093119910,7.03,7.03,7.0014965225563905
20230804093120030,7.03,7.03,7.0014965225563905
20230804093120150,7.03,7.03,7.0014965225563905
20230804093120160,7.03,7.03,7.0014965225563905
20230804093120390,7.03,7.03,7.0014965225563905
20230804093120600,7.03,7.03,7.0014965225563905
20230804093120630,7.03,7.03,7.0014965225563905
20230804093120680,7.03,7.03,7.0014965225563905
20230804093120730,7.03,7.03,7.0014965225563905
20230804093120750,7.03,7.03,7.0014965225563905
20230804093120800,7.03,7.03,7.0014965225563905
20230804093122280,7.03,7.03,7.0014965225563905
20230804093122350,7.03,7.03,7.0014965225563905
20230804093122380,7.03,7.03,7.0014965225563905
20230804093122440,7.03,7.03,7.0014965225563905
20230804093122450,7.03,7.03,7.0014965225563905
20230804093122500,7.03,7.03,7.0014965225563905
20230804093122520,7.03,7.03,7.0014965225563905
20230804093122530,7.03,7.03,7.0014965225563905
20230804093122560,7.03,7.03,7.0014965225563905
20230804093122580,7.03,7.03,7.0014965225563905
20230804093122650,7.03,7.03,7.0014965225563905
20230804093122760,7.03,7.03,7.0014965225563905
20230804093122870,7.03,7.03,7.0014965225563905
20230804093123030,7.03,7.03,7.0014965225563905
20230804093123230,7.03,7.03,7.0014965225563905
20230804093123240,7.03,7.03,7.0014965225563905
20230804093123300,7.03,7.03,7.0014965225563905
20230804093123360,7.03,7.03,7.0014965225563905
20230804093123430,7.03,7.03,7.0014965225563905
20230804093123480,7.03,7.03,7.0014965225563905
20230804093125040,7.03,7.03,7.0014965225563905
20230804093125170,7.03,7.03,7.0014965225563905
20230804093125190,7.03,7.03,7.0014965225563905
20230804093125250,7.03,7.03,7.0014965225563905
20230804093125310,7.03,7.03,7.0014965225563905
20230804093125340,7.03,7.03,7.0014965225563905
20230804093125430,7.03,7.03,7.00168717326363
20230804093125580,7.03,7.03,7.00168717326363
20230804093125650,7.03,7.03,7.00168717326363
20230804093125730,7.03,7.03,7.00168717326363
20230804093125910,7.03,7.03,7.00168717326363
20230804093125950,7.03,7.03,7.00168717326363
20230804093126020,7.03,7.03,7.00168717326363
20230804093127680,7.03,7.03,7.00168717326363
20230804093127690,7.02,7.03,7.00168717326363
20230804093127830,7.02,7.03,7.00168717326363
20230804093127890,7.02,7.03,7.00168717326363
20230804093127980,7.02,7.03,7.00168717326363
20230804093128090,7.02,7.03,7.00168717326363
20230804093128120,7.02,7.03,7.00168717326363
20230804093128130,7.02,7.03,7.00168717326363
20230804093128140,7.02,7.03,7.00168717326363
20230804093128150,7.02,7.03,7.00168717326363
20230804093128160,7.02,7.03,7.00168717326363
20230804093128170,7.02,7.03,7.00168717326363
20230804093128190,7.03,7.03,7.00168717326363
20230804093128210,7.03,7.03,7.00168717326363
20230804093128420,7.03,7.03,7.00168717326363
20230804093128650,7.03,7.03,7.00168717326363
20230804093130520,7.03,7.03,7.00168717326363
20230804093130530,7.03,7.03,7.00168717326363
20230804093130840,7.03,7.03,7.00168717326363
20230804093131100,7.03,7.03,7.00168717326363
20230804093131190,7.03,7.03,7.00168717326363
20230804093131250,7.03,7.03,7.00168717326363
20230804093131270,7.03,7.03,7.00168717326363
20230804093131370,7.03,7.03,7.001763671875
20230804093131400,7.03,7.03,7.001763671875
20230804093131450,7.03,7.03,7.001763671875
20230804093131560,7.03,7.03,7.001763671875
20230804093131570,7.02,7.03,7.001763671875
20230804093133080,7.02,7.03,7.001763671875
20230804093133090,7.02,7.03,7.001765203645155
20230804093133120,7.02,7.03,7.001765203645155
20230804093133140,7.02,7.03,7.0017872202099
20230804093133170,7.02,7.03,7.0017872202099
20230804093133260,7.02,7.03,7.0017872202099
20230804093133340,7.02,7.03,7.001810870976718
20230804093133420,7.02,7.03,7.001810870976718
20230804093133610,7.02,7.03,7.001810870976718
20230804093133720,7.02,7.03,7.001810870976718
20230804093133880,7.02,7.03,7.001810870976718
20230804093133990,7.02,7.03,7.001826042632066
20230804093134110,7.02,7.03,7.001826042632066
20230804093134130,7.02,7.03,7.001826042632066
20230804093134140,7.02,7.03,7.001826042632066
20230804093134150,7.02,7.03,7.001826042632066
20230804093134180,7.02,7.03,7.001919878296146
20230804093134230,7.02,7.03,7.001919878296146
20230804093135890,7.02,7.03,7.001919878296146
20230804093135920,7.02,7.03,7.001919878296146
20230804093136050,7.02,7.03,7.001919878296146
20230804093136280,7.02,7.03,7.001919878296146
20230804093136290,7.02,7.03,7.001927321296979
20230804093136340,7.02,7.03,7.001927321296979
20230804093136370,7.02,7.03,7.001927321296979
20230804093136440,7.02,7.03,7.001927321296979
20230804093136560,7.02,7.03,7.001927321296979
20230804093136730,7.02,7.03,7.001927321296979
20230804093136760,7.02,7.03,7.001927321296979
20230804093136820,7.02,7.03,7.001927321296979
20230804093136890,7.02,7.03,7.001927321296979
20230804093136900,7.02,7.03,7.001927321296979
20230804093136970,7.02,7.03,7.001927321296979
20230804093138660,7.02,7.03,7.001962213845729
20230804093138720,7.02,7.03,7.001962213845729
20230804093138930,7.02,7.03,7.001962213845729
20230804093138950,7.02,7.03,7.001962213845729
20230804093139050,7.02,7.03,7.001962213845729
20230804093139190,7.02,7.03,7.001962213845729
20230804093139210,7.02,7.03,7.001962213845729
20230804093139250,7.02,7.03,7.001962213845729
20230804093139260,7.02,7.03,7.001962213845729
20230804093139340,7.02,7.03,7.001962213845729
20230804093139400,7.02,7.03,7.001962213845729
20230804093139440,7.02,7.03,7.001962952748666
20230804093139450,7.02,7.03,7.001963691515765
20230804093139530,7.02,7.03,7.001963691515765
20230804093139670,7.02,7.03,7.001963691515765
20230804093141300,7.02,7.03,7.001963691515765
20230804093141380,7.02,7.03,7.001963691515765
20230804093141420,7.02,7.03,7.001963691515765
20230804093141430,7.02,7.03,7.001978600293901
20230804093141510,7.02,7.03,7.001978600293901
20230804093141840,7.02,7.03,7.001978600293901
20230804093141910,7.02,7.03,7.001978600293901
20230804093141940,7.02,7.03,7.001978600293901
20230804093142020,7.02,7.03,7.001978600293901
20230804093142030,7.02,7.03,7.001978600293901
20230804093142040,7.02,7.03,7.001978600293901
20230804093142190,7.02,7.03,7.001978600293901
20230804093142210,7.02,7.03,7.001978600293901
20230804093142220,7.02,7.03,7.001978600293901
20230804093142370,7.02,7.03,7.001978600293901
20230804093142380,7.02,7.03,7.00201164283095
20230804093142400,7.02,7.03,7.00201164283095
20230804093142420,7.02,7.03,7.00201164283095
20230804093143940,7.02,7.01,7.002115725660514
20230804093143950,7.02,7.01,7.002115725660514
20230804093143960,7.02,7.01,7.002262741964127
20230804093143970,7.02,7.01,7.002335561614918
20230804093143980,7.01,7.01,7.002335561614918
20230804093144050,7.01,7.01,7.002335561614918
20230804093144060,7.01,7.01,7.002335561614918
20230804093144100,7.01,7.01,7.002335561614918
20230804093144180,7.01,7.01,7.002335561614918
20230804093144260,7.01,7.01,7.002335561614918
20230804093144320,7.01,7.01,7.002335561614918
20230804093144410,7.01,7.01,7.002335561614918
20230804093144530,7.01,7.01,7.002335561614918
20230804093144570,7.01,7.01,7.002335561614918
20230804093144640,7.01,7.01,7.002376465441819
20230804093144690,7.01,7.01,7.002376465441819
20230804093145050,7.01,7.01,7.002376465441819
20230804093145060,7.01,7.01,7.002376465441819
20230804093145070,7.01,7.01,7.002376465441819
20230804093145090,7.01,7.01,7.002376465441819
20230804093146560,7.01,7.01,7.002376465441819
20230804093146570,7.01,7.01,7.002376465441819
20230804093146720,7.01,7.01,7.002374803287288
20230804093146770,7.01,7.01,7.002374803287288
20230804093146800,7.01,7.01,7.002376136363636
20230804093146880,7.01,7.01,7.002376136363636
20230804093147000,7.01,7.01,7.002376136363636
20230804093147010,7.01,7.01,7.002376136363636
20230804093147130,7.01,7.01,7.002376136363636
20230804093147160,7.01,7.01,7.002376136363636
20230804093147240,7.01,7.01,7.002376136363636
20230804093147430,7.01,7.01,7.002376136363636
20230804093147660,7.01,7.01,7.002376136363636
20230804093147730,7.01,7.01,7.002376136363636
20230804093147760,7.01,7.01,7.002376136363636
20230804093149300,7.01,7.01,7.002376136363636
20230804093149410,7.01,7.01,7.002376136363636
20230804093149440,7.01,7.01,7.002376136363636
20230804093149520,7.01,7.01,7.002376136363636
20230804093149600,7.01,7.01,7.002376136363636
20230804093149730,7.01,7.01,7.002376136363636
20230804093149740,7.01,7.01,7.002376136363636
20230804093149750,7.01,7.01,7.002376136363636
20230804093149830,7.01,7.01,7.002376136363636
20230804093149850,7.01,7.01,7.002376136363636
20230804093149860,7.01,7.01,7.002376136363636
20230804093149900,7.01,7.01,7.002376136363636
20230804093149960,7.01,7.01,7.002376136363636
20230804093149990,7.01,7.01,7.002376136363636
20230804093150060,7.01,7.01,7.002376136363636
20230804093150070,7.01,7.01,7.002376136363636
20230804093150150,7.01,7.01,7.002376136363636
20230804093150200,7.01,7.01,7.002376136363636
20230804093150220,7.01,7.01,7.002376136363636
20230804093150280,7.01,7.01,7.002376136363636
20230804093150350,7.01,7.01,7.002376136363636
20230804093152160,7.01,7.01,7.002376136363636
20230804093152170,6.99,7.01,7.002376136363636
20230804093152180,6.99,7.01,7.002376136363636
20230804093152230,6.99,7.01,7.002376136363636
20230804093152350,6.99,7.01,7.002376136363636
20230804093152570,6.99,7.01,7.002376136363636
20230804093152590,6.99,7.01,7.002376136363636
20230804093152650,6.99,7.01,7.002376136363636
20230804093153010,6.99,7.01,7.002376136363636
20230804093153130,6.99,7.01,7.002376136363636
20230804093155090,6.99,7.01,7.002376136363636
20230804093155180,6.99,7.01,7.002376136363636
20230804093155320,6.99,7.01,7.002376136363636
20230804093155330,6.99,7.01,7.002376136363636
20230804093155470,6.99,7.01,7.002376136363636
20230804093155560,6.99,7.01,7.002376136363636
20230804093155600,6.99,7.01,7.002376136363636
20230804093155660,6.99,7.01,7.002376136363636
20230804093155750,6.99,7.01,7.002376136363636
20230804093155880,6.99,7.01,7.002376136363636
20230804093157360,6.99,7.01,7.002376136363636
20230804093157370,6.99,7.01,7.002376136363636
20230804093157410,6.99,7.01,7.002376136363636
20230804093157490,6.99,7.01,7.002376136363636
20230804093157550,6.99,7.01,7.002376136363636
20230804093157580,6.99,7.01,7.002376136363636
20230804093157590,6.99,7.01,7.002376136363636
20230804093157640,6.99,7.01,7.002376136363636
20230804093157830,6.99,7.01,7.002376136363636
20230804093157920,6.99,7.01,7.002376136363636
20230804093157930,6.99,7.01,7.002376136363636
20230804093158080,6.99,7.01,7.002376136363636
20230804093158110,6.99,7.01,7.002376136363636
20230804093158130,6.99,7.01,7.002376136363636
20230804093158180,6.99,7.01,7.002376136363636
20230804093158240,6.99,7.01,7.002376136363636
20230804093158290,6.99,7.01,7.002376136363636
20230804093158390,6.99,7.01,7.002376136363636
20230804093200090,6.99,7.01,7.002376136363636
20230804093200240,6.99,7.01,7.002376136363636
20230804093200340,6.99,7.01,7.002376136363636
20230804093200750,6.99,7.01,7.002376136363636
20230804093200760,6.99,7.01,7.002376136363636
20230804093200830,6.99,7.01,7.002376136363636
20230804093200960,6.99,7.01,7.002118044855333
20230804093201090,6.99,7.01,7.002085904778186
20230804093201100,6.99,7.01,7.002085904778186
20230804093201150,6.99,7.01,7.002085904778186
20230804093201160,6.99,7.01,7.002085904778186
20230804093201190,6.99,7.01,7.002085904778186
20230804093202760,6.99,7.01,7.002085904778186
20230804093202770,6.99,7.01,7.002085904778186
20230804093202890,6.99,7.01,7.002085904778186
20230804093203120,6.99,7.01,7.002085904778186
20230804093203150,6.99,7.01,7.002085904778186
20230804093203200,6.99,7.01,7.002085904778186
20230804093203340,6.99,7.01,7.002085904778186
20230804093203370,6.99,7.01,7.002085904778186
20230804093203440,6.99,7.01,7.002085904778186
20230804093203480,6.99,7.01,7.002085904778186
20230804093203490,6.99,7.01,7.002085904778186
20230804093203520,6.99,7.01,7.002085904778186
20230804093203530,6.99,7.01,7.002085904778186
20230804093203550,6.99,7.01,7.002085904778186
20230804093203620,6.99,7.01,7.002085904778186
20230804093203650,6.99,7.01,7.002085904778186
20230804093203680,6.99,7.01,7.002085904778186
20230804093203730,6.99,7.01,7.002085904778186
20230804093203750,6.99,7.01,7.002085904778186
20230804093203760,6.99,7.01,7.002085904778186
20230804093203790,6.99,7.01,7.002085904778186
20230804093203800,6.99,7.01,7.002085904778186
20230804093203890,6.99,7.01,7.002085904778186
20230804093203940,6.99,7.01,7.002085904778186
20230804093203970,6.99,7.01,7.002085904778186
20230804093205450,6.99,7.01,7.002085904778186
20230804093205550,6.99,7.01,7.002085904778186
20230804093205600,6.99,7.01,7.002085904778186
20230804093205960,6.99,7.01,7.002085904778186
20230804093205980,6.99,7.01,7.002085904778186
20230804093206020,6.99,7.01,7.002085904778186
20230804093206170,6.99,7.01,7.002085904778186
20230804093206230,6.99,7.01,7.002085904778186
20230804093206270,6.99,7.01,7.002085904778186
20230804093206330,6.99,7.01,7.002085904778186
20230804093206480,6.99,7.01,7.002085904778186
20230804093206540,6.99,7.01,7.002085904778186
20230804093208190,6.99,7.01,7.002085904778186
20230804093208420,6.99,7.01,7.002085904778186
20230804093208500,6.99,7.01,7.002085904778186
20230804093208610,6.99,7.01,7.002085904778186
20230804093208620,6.99,7.01,7.002085904778186
20230804093208650,6.99,7.01,7.002085904778186
20230804093208730,6.99,7.01,7.002085904778186
20230804093208860,6.99,7.01,7.002085904778186
20230804093208930,6.99,7.01,7.002085904778186
20230804093208970,6.99,7.01,7.002085904778186
20230804093209020,6.98,7.01,7.002085904778186
20230804093209280,6.98,7.01,7.002085904778186
20230804093209320,6.98,7.01,7.002085904778186
20230804093209350,6.99,7.01,7.002085904778186
20230804093209370,6.99,7.01,7.002085904778186
20230804093209380,6.99,7.01,7.002085904778186
20230804093211100,6.99,7.01,7.002085904778186
20230804093211170,6.99,7.01,7.002085904778186
20230804093211230,6.99,7.01,7.002085904778186
20230804093211450,6.99,7.01,7.00177670148248
20230804093211550,6.99,7.01,7.00177670148248
20230804093211760,6.99,7.01,7.00177670148248
20230804093211800,6.99,7.01,7.00177670148248
20230804093213670,6.98,7.01,7.00177670148248
20230804093213730,6.98,7.01,7.00177670148248
20230804093213860,6.98,7.01,7.00177670148248
20230804093213940,6.98,7.01,7.00177670148248
20230804093213980,6.98,7.01,7.00177670148248
20230804093214100,6.98,7.01,7.00177670148248
20230804093214150,6.98,7.01,7.00177670148248
20230804093214260,6.98,7.01,7.00177670148248
20230804093214380,6.98,7.01,7.00177670148248
20230804093214390,6.98,7.01,7.00177670148248
20230804093214440,6.98,7.01,7.00177670148248
20230804093214530,6.98,7.01,7.00177670148248
20230804093214760,6.98,7.01,7.00177670148248
20230804093216670,6.98,7.01,7.00177670148248
20230804093216880,6.98,7.01,7.00177670148248
20230804093216940,6.98,7.01,7.00177670148248
20230804093217090,6.98,7.01,7.00177670148248
20230804093217270,6.98,7.01,7.00177670148248
20230804093217330,6.99,7.01,7.00177670148248
20230804093217350,6.99,7.01,7.00177670148248
20230804093217410,6.99,7.01,7.00177670148248
20230804093217450,6.99,7.01,7.00177670148248
20230804093219130,6.99,7.01,7.00177670148248
20230804093219210,6.99,7.01,7.00177670148248
20230804093219230,6.99,7.01,7.00177670148248
20230804093219270,6.99,6.99,7.001420987038884
20230804093219400,6.99,6.99,7.001420987038884
20230804093219520,6.99,6.99,7.001420987038884
20230804093219530,6.99,6.99,7.001420987038884
20230804093219720,6.99,6.99,7.001420987038884
20230804093219970,6.99,6.99,7.001420987038884
20230804093220100,6.99,6.99,7.00132695652174
20230804093221770,6.99,6.99,7.00132695652174
20230804093221850,6.99,6.99,7.00132695652174
20230804093221990,6.99,6.99,7.00132695652174
20230804093222100,6.99,6.99,7.00132695652174
20230804093222110,6.99,6.99,7.00132695652174
20230804093222160,6.98,6.99,7.00132695652174
20230804093222200,6.98,6.99,7.00132695652174
20230804093222210,6.98,6.99,7.00132695652174
20230804093222220,6.98,6.99,7.00132695652174
20230804093222420,6.98,6.99,7.00132695652174
20230804093222470,6.98,6.99,7.00132695652174
20230804093222510,6.98,6.99,7.001231778786629
20230804093222580,6.98,6.99,7.001231778786629
20230804093222610,6.98,6.99,7.001231778786629
20230804093222650,6.98,6.99,7.001231778786629
20230804093222830,6.98,6.99,7.001231778786629
20230804093222870,6.98,6.99,7.001231778786629
20230804093224520,6.98,6.99,7.001231778786629
20230804093224530,6.98,6.99,7.001231778786629
20230804093224690,6.98,6.99,7.001231778786629
20230804093224860,6.97,6.99,7.001231778786629
20230804093225060,6.97,6.99,7.001231778786629
20230804093225080,6.98,6.99,7.0010490364903655
20230804093225090,6.98,6.99,7.0010490364903655
20230804093225110,6.98,6.99,7.001046490652674
20230804093225190,6.98,6.99,7.001046490652674
20230804093225200,6.98,6.99,7.00081655408155
20230804093225210,6.98,6.99,7.00081655408155
20230804093225300,6.98,6.99,7.00081655408155
20230804093225350,6.98,6.99,7.00081655408155
20230804093225600,6.98,6.99,7.00081655408155
20230804093227120,6.98,6.99,7.00081655408155
20230804093227190,6.98,6.99,7.000814046223959
20230804093227210,6.98,6.99,7.000814046223959
20230804093227360,6.98,6.99,7.000814046223959
20230804093227440,6.98,6.99,7.000814046223959
20230804093227490,6.98,6.99,7.000814046223959
20230804093227500,6.98,6.99,7.000814046223959
20230804093227540,6.98,6.99,7.000793998048146
20230804093227630,6.98,6.99,7.000793998048146
20230804093227720,6.98,6.99,7.000793998048146
20230804093227730,6.98,6.99,7.000793998048146
20230804093227780,6.98,6.99,7.000793998048146
20230804093227870,6.98,6.99,7.000699028340081
20230804093228050,6.98,6.99,7.000699028340081
20230804093228060,6.98,6.99,7.000699028340081
20230804093228070,6.98,6.99,7.000699028340081
20230804093228080,6.98,6.99,7.000699028340081
20230804093228090,6.98,6.99,7.000699028340081
20230804093228100,6.98,6.99,7.000699028340081
20230804093228180,6.98,6.99,7.000699028340081
20230804093228200,6.98,6.99,7.000699028340081
20230804093228210,6.98,6.99,7.000699028340081
20230804093229780,6.98,6.99,7.000699028340081
20230804093230270,6.98,6.99,7.000699028340081
20230804093230440,6.98,6.99,7.000699028340081
20230804093230470,6.97,6.99,7.000689088554315
20230804093230480,6.97,6.99,7.000689088554315
20230804093230930,6.97,6.99,7.000689088554315
20230804093232460,6.97,6.99,7.000689088554315
20230804093232550,6.97,6.99,7.000689088554315
20230804093232600,6.97,6.99,7.000689088554315
20230804093232880,6.97,6.99,7.000689088554315
20230804093232980,6.97,6.99,7.000689088554315
20230804093233310,6.97,6.99,7.000689088554315
20230804093233390,6.97,6.99,7.000689088554315
20230804093233500,6.97,6.99,7.000689088554315
20230804093233550,6.97,6.99,7.000689088554315
20230804093233690,6.97,6.99,7.000689088554315
20230804093235200,6.97,6.99,7.000689088554315
20230804093235230,6.97,6.99,7.000689088554315
20230804093235290,6.97,6.99,7.000689088554315
20230804093235370,6.97,6.99,7.000689088554315
20230804093235580,6.98,6.99,7.000291866410994
20230804093235980,6.98,6.99,7.000291866410994
20230804093236050,6.98,6.99,7.000291866410994
20230804093236260,6.98,6.99,7.000291866410994
20230804093236290,6.98,6.99,7.000291866410994
20230804093236340,6.98,6.99,7.000291866410994
20230804093237980,6.98,6.99,7.000291866410994
20230804093237990,6.98,6.99,7.000291866410994
20230804093238030,6.98,6.99,7.000291866410994
20230804093238040,6.98,6.99,7.000291866410994
20230804093238060,6.98,6.99,7.000291866410994
20230804093238390,6.98,6.99,7.000291866410994
20230804093238530,6.98,6.99,7.000291866410994
20230804093239000,6.98,6.99,7.000291866410994
20230804093239010,6.98,6.99,7.000291866410994
20230804093239050,6.98,6.99,7.000291866410994
20230804093239060,6.98,6.99,7.000291866410994
20230804093240620,6.98,6.99,7.000291866410994
20230804093240720,6.98,6.99,7.000291866410994
20230804093240810,6.98,6.99,7.000291866410994
20230804093241160,6.98,6.99,7.000291866410994
20230804093241500,6.98,6.99,7.000291866410994
20230804093241510,6.98,6.99,7.000291866410994
20230804093241560,6.98,6.99,7.000291866410994
20230804093241740,6.98,6.99,7.000291866410994
20230804093243450,6.98,6.99,7.000291866410994
20230804093243780,6.98,6.99,7.000291866410994
20230804093243900,6.98,6.99,7.000291866410994
20230804093244170,6.98,6.99,7.000291866410994
20230804093244210,6.98,6.99,7.000291866410994
20230804093244280,6.98,6.99,7.000291866410994
20230804093244470,6.98,6.99,7.000291866410994
20230804093246040,6.98,6.99,7.000291866410994
20230804093246050,6.98,6.99,7.000196192448622
20230804093246060,6.98,6.99,7.000196192448622
20230804093246140,6.98,6.99,7.000196192448622
20230804093246150,6.98,6.99,7.000196192448622
20230804093246270,6.98,6.99,7.000196192448622
20230804093246370,6.99,6.99,7.000154451510334
20230804093246460,6.99,6.99,7.000154451510334
20230804093246500,6.98,6.99,7.000154451510334
20230804093246760,6.98,6.99,7.000154451510334
20230804093246800,6.98,6.99,7.000154451510334
20230804093246940,6.98,6.99,7.000154451510334
20230804093247020,6.98,6.99,7.000154451510334
20230804093248850,6.98,6.99,7.000154451510334
20230804093248970,6.98,6.99,7.000154451510334
20230804093249180,6.98,6.99,7.000154451510334
20230804093249230,6.98,6.99,7.000154451510334
20230804093249290,6.98,6.99,7.000154451510334
20230804093249480,6.98,6.99,7.000154451510334
20230804093249570,6.98,6.99,7.000154451510334
20230804093249790,6.98,6.99,7.000154451510334
20230804093251380,6.98,6.99,7.000154451510334
20230804093251420,6.98,6.99,7.000070721469867
20230804093251430,6.98,6.99,7.000070721469867
20230804093251490,6.98,6.99,7.000070721469867
20230804093251560,6.98,6.99,7.000070721469867
20230804093251660,6.98,6.99,7.000070721469867
20230804093251830,6.98,6.99,7.000070721469867
20230804093251920,6.98,6.99,7.00004692569439
20230804093251980,6.98,6.99,7.00004692569439
20230804093252080,6.98,6.99,7.00004692569439
20230804093252090,6.98,6.99,7.000042171057838
20230804093252130,6.98,6.99,7.000039794303798
20230804093252160,6.98,6.99,7.000020793801392
20230804093252290,6.98,6.99,7.000020793801392
20230804093252370,6.98,6.99,7.000020793801392
20230804093254150,6.97,6.99,7.000020793801392
20230804093254180,6.97,6.99,7.000020793801392
20230804093254350,6.97,6.99,7.000020793801392
20230804093254370,6.97,6.99,7.000020793801392
20230804093254440,6.97,6.99,7.000020793801392
20230804093254530,6.97,6.99,7.000020793801392
20230804093254580,6.97,6.99,7.000020793801392
20230804093254710,6.97,6.99,7.000020793801392
20230804093254750,6.97,6.99,7.000020793801392
20230804093254830,6.97,6.99,7.000020793801392
20230804093254880,6.97,6.99,7.000020793801392
20230804093255010,6.97,6.99,7.000020793801392
20230804093255020,6.98,6.99,7.000020793801392
20230804093255240,6.98,6.99,7.000020793801392
20230804093255300,6.98,6.99,6.99996866614049
20230804093255320,6.98,6.99,6.99996866614049
20230804093256820,6.97,6.99,6.99996866614049
20230804093256860,6.97,6.98,6.99995684418146
20230804093257000,6.97,6.98,6.99995684418146
20230804093257160,6.98,6.98,6.99994739332755
20230804093257490,6.98,6.98,6.99994739332755
20230804093257500,6.98,6.98,6.99994739332755
20230804093257900,6.98,6.98,6.99994739332755
20230804093257920,6.98,6.98,6.99994739332755
20230804093257990,6.97,6.98,6.999918301425984
20230804093259500,6.97,6.98,6.999918301425984
20230804093259530,6.97,6.98,6.999918301425984
20230804093259560,6.97,6.98,6.999918301425984
20230804093259680,6.97,6.98,6.999918301425984
20230804093259810,6.97,6.98,6.999918301425984
20230804093259840,6.97,6.98,6.999918301425984
20230804093259850,6.97,6.98,6.999918301425984
20230804093300120,6.97,6.98,6.999894749271826
20230804093300170,6.97,6.98,6.999894749271826
20230804093300190,6.97,6.98,6.999894749271826
20230804093300330,6.97,6.98,6.999894749271826
20230804093302200,6.97,6.98,6.999894749271826
20230804093302390,6.97,6.98,6.999894749271826
20230804093302400,6.97,6.98,6.999894749271826
20230804093302630,6.98,6.98,6.999838527356936
20230804093302640,6.98,6.98,6.999838527356936
20230804093302780,6.98,6.98,6.999822966507177
20230804093302920,6.98,6.98,6.999822966507177
20230804093302960,6.98,6.98,6.999822966507177
20230804093303100,6.98,6.98,6.999822966507177
20230804093304910,6.98,6.98,6.999822966507177
20230804093304970,6.98,6.98,6.999822966507177
20230804093305360,6.98,6.98,6.999822966507177
20230804093305590,6.98,6.98,6.999822966507177
20230804093305690,6.98,6.98,6.999822966507177
20230804093305700,6.98,6.98,6.999551764340122
20230804093305930,6.97,6.98,6.999551764340122
20230804093305940,6.97,6.98,6.999551764340122
20230804093305990,6.97,6.98,6.999549467630373
20230804093306000,6.98,6.98,6.99954257964258
20230804093306010,6.98,6.98,6.999541061300599
20230804093306020,6.98,6.98,6.999541061300599
20230804093306030,6.98,6.98,6.999541061300599
20230804093306040,6.98,6.98,6.999541061300599
20230804093306050,6.98,6.98,6.999541061300599
20230804093306060,6.98,6.98,6.999541061300599
20230804093306070,6.98,6.98,6.999541061300599
20230804093306100,6.98,6.98,6.999541061300599
20230804093307760,6.98,6.98,6.999541061300599
20230804093307870,6.98,6.98,6.999541061300599
20230804093307890,6.98,6.98,6.999541061300599
20230804093308260,6.98,6.98,6.999541061300599
20230804093308720,6.98,6.98,6.999541061300599
20230804093308740,6.98,6.98,6.999541061300599
20230804093310350,6.98,6.98,6.999541061300599
20230804093310410,6.98,6.98,6.999541061300599
20230804093310520,6.98,6.98,6.999541061300599
20230804093310550,6.98,6.98,6.999541061300599
20230804093310560,6.98,6.98,6.999541061300599
20230804093310600,6.98,6.98,6.999541061300599
20230804093310720,6.98,6.98,6.99945655204461
20230804093310780,6.98,6.98,6.999375520592319
20230804093311070,6.98,6.98,6.999375520592319
20230804093311480,6.98,6.98,6.999375520592319
20230804093313020,6.98,6.98,6.999375520592319
20230804093313190,6.98,6.98,6.999375520592319
20230804093313210,6.98,6.98,6.999375520592319
20230804093313300,6.98,6.98,6.999375520592319
20230804093313450,6.98,6.98,6.999375520592319
20230804093313470,6.98,6.98,6.999375520592319
20230804093313500,6.98,6.98,6.999375520592319
20230804093313560,6.98,6.98,6.999355293573741
20230804093313600,6.98,6.98,6.999315109573241
20230804093313780,6.98,6.98,6.999315109573241
20230804093313880,6.98,6.98,6.999315109573241
20230804093314050,6.98,6.98,6.999315109573241
20230804093314090,6.98,6.98,6.999315109573241
20230804093314100,6.98,6.98,6.999315109573241
20230804093314110,6.98,6.98,6.999315109573241
20230804093315680,6.98,6.98,6.999315109573241
20230804093315700,6.97,6.96,6.999033813114005
20230804093315880,6.97,6.96,6.999033813114005
20230804093316090,6.97,6.96,6.999033813114005
20230804093316170,6.97,6.96,6.999033813114005
20230804093316310,6.97,6.96,6.99895663071548
20230804093316350,6.97,6.96,6.99895663071548
20230804093316410,6.97,6.96,6.998923678021395
20230804093316600,6.97,6.96,6.998923678021395
20230804093316780,6.97,6.96,6.998901751193997
20230804093318390,6.97,6.96,6.998901751193997
20230804093318490,6.97,6.96,6.998890800242498
20230804093318500,6.97,6.96,6.998890800242498
20230804093319170,6.97,6.96,6.998890800242498
20230804093319190,6.97,6.96,6.998890800242498
20230804093319250,6.97,6.96,6.998890800242498
20230804093319280,6.97,6.96,6.998890800242498
20230804093319440,6.97,6.96,6.998890800242498
20230804093319560,6.97,6.96,6.998890800242498
20230804093321150,6.97,6.96,6.998890800242498
20230804093321250,6.97,6.96,6.998890800242498
20230804093321430,6.97,6.96,6.998890800242498
20230804093321590,6.97,6.96,6.998890800242498
20230804093321790,6.97,6.96,6.998890800242498
20230804093321900,6.97,6.96,6.998890800242498
20230804093321940,6.97,6.96,6.998890800242498
20230804093322000,6.97,6.96,6.998890800242498
20230804093322150,6.97,6.96,6.998880530303031
20230804093322160,6.97,6.96,6.998878342549808
20230804093322170,6.97,6.96,6.998873968037568
20230804093322280,6.97,6.96,6.998873968037568
20230804093323900,6.97,6.96,6.998873968037568
20230804093323960,6.97,6.96,6.998656919491845
20230804093323990,6.97,6.96,6.998656919491845
20230804093324180,6.97,6.96,6.998656919491845
20230804093324210,6.97,6.96,6.998656919491845
20230804093324240,6.97,6.96,6.998656919491845
20230804093324610,6.97,6.96,6.998656919491845
20230804093324640,6.97,6.96,6.998656919491845
20230804093324650,6.97,6.96,6.998656919491845
20230804093324660,6.97,6.96,6.998656919491845
20230804093324810,6.97,6.96,6.998639696491624
20230804093326720,6.97,6.96,6.998639696491624
20230804093326780,6.97,6.96,6.998639696491624
20230804093326820,6.97,6.96,6.998639696491624
20230804093326870,6.97,6.96,6.998639696491624
20230804093327230,6.97,6.96,6.998639696491624
20230804093327290,6.97,6.96,6.998639696491624
20230804093327450,6.97,6.96,6.998639696491624
20230804093329260,6.97,6.96,6.99861819683207
20230804093329290,6.97,6.96,6.99861819683207
20230804093329460,6.97,6.96,6.99861819683207
20230804093329470,6.97,6.96,6.99861819683207
20230804093329800,6.97,6.96,6.99861819683207
20230804093329930,6.97,6.96,6.99861819683207
20230804093331940,6.97,6.96,6.998500449034577
20230804093332220,6.97,6.96,6.998500449034577
20230804093332360,6.97,6.96,6.998500449034577
20230804093332410,6.97,6.96,6.998500449034577
20230804093332420,6.97,6.96,6.998500449034577
20230804093332540,6.97,6.96,6.998500449034577
20230804093332730,6.97,6.96,6.998500449034577
20230804093332860,6.97,6.96,6.998500449034577
20230804093332910,6.97,6.96,6.998500449034577
20230804093332960,6.97,6.96,6.998500449034577
20230804093333090,6.97,6.96,6.998500449034577
20230804093334570,6.97,6.96,6.998500449034577
20230804093334620,6.97,6.96,6.998500449034577
20230804093334740,6.97,6.96,6.998500449034577
20230804093335520,6.97,6.96,6.998500449034577
20230804093337470,6.97,6.96,6.998500449034577
20230804093337550,6.97,6.96,6.998500449034577
20230804093337690,6.97,6.96,6.998500449034577
20230804093338050,6.97,6.96,6.998500449034577
20230804093338240,6.97,6.96,6.998500449034577
20230804093338490,6.97,6.96,6.998500449034577
20230804093339950,6.97,6.96,6.998500449034577
20230804093341080,6.97,6.96,6.998500449034577
20230804093341150,6.97,6.96,6.998500449034577
20230804093342740,6.97,6.96,6.998500449034577
20230804093342750,6.97,6.96,6.998500449034577
20230804093343030,6.97,6.96,6.998500449034577
20230804093343230,6.97,6.96,6.998500449034577
20230804093343540,6.97,6.96,6.998500449034577
20230804093343770,6.97,6.96,6.998500449034577
20230804093345430,6.97,6.96,6.998500449034577
20230804093345770,6.97,6.96,6.998500449034577
20230804093346090,6.97,6.96,6.998500449034577
20230804093346540,6.97,6.96,6.998500449034577
20230804093348150,6.97,6.96,6.998500449034577
20230804093348400,6.97,6.96,6.998500449034577
20230804093348860,6.97,6.96,6.998500449034577
20230804093349210,6.97,6.96,6.998500449034577
20230804093349220,6.97,6.96,6.998300439086106
20230804093349280,6.97,6.96,6.998300439086106
20230804093349300,6.97,6.96,6.998300439086106
20230804093350890,6.97,6.96,6.998300439086106
20230804093351070,6.97,6.97,6.998300439086106
20230804093351250,6.97,6.97,6.998300439086106
20230804093351340,6.97,6.97,6.998273240692577
20230804093351350,6.97,6.97,6.998273240692577
20230804093351510,6.97,6.97,6.998273240692577
20230804093351740,6.97,6.97,6.998273240692577
20230804093351830,6.97,6.97,6.998273240692577
20230804093351940,6.97,6.97,6.998273240692577
20230804093351960,6.97,6.97,6.998273240692577
20230804093353470,6.97,6.97,6.998273240692577
20230804093353840,6.97,6.97,6.998273240692577
20230804093353860,6.97,6.97,6.998273240692577
20230804093353980,6.97,6.97,6.998261027773653
20230804093354040,6.97,6.97,6.998258316008316
20230804093354090,6.97,6.97,6.998258316008316
20230804093354100,6.97,6.97,6.998258316008316
20230804093354240,6.97,6.97,6.998258316008316
20230804093354250,6.97,6.97,6.998258316008316
20230804093354280,6.97,6.97,6.998258316008316
20230804093356450,6.97,6.97,6.998258316008316
20230804093356460,6.97,6.97,6.998258316008316
20230804093356490,6.97,6.97,6.998258316008316
20230804093356640,6.97,6.97,6.998258316008316
20230804093356870,6.97,6.97,6.998258316008316
20230804093356930,6.97,6.96,6.998258316008316
20230804093356950,6.97,6.96,6.998258316008316
20230804093356960,6.97,6.96,6.998202918950956
20230804093356970,6.97,6.97,6.998202918950956
20230804093356980,6.97,6.97,6.998202918950956
20230804093357000,6.97,6.97,6.998202918950956
20230804093357020,6.97,6.97,6.998202918950956
20230804093357030,6.97,6.97,6.998202918950956
20230804093357060,6.97,6.97,6.998202918950956
20230804093357240,6.97,6.97,6.998202918950956
20230804093357260,6.97,6.97,6.998202918950956
20230804093357270,6.97,6.97,6.998202918950956
20230804093357320,6.97,6.97,6.998202918950956
20230804093358850,6.97,6.97,6.998202918950956
20230804093358930,6.97,6.97,6.998202918950956
20230804093359110,6.97,6.97,6.998202918950956
20230804093359190,6.97,6.97,6.998202918950956
20230804093359220,6.97,6.97,6.998202918950956
20230804093359290,6.97,6.97,6.998202918950956
20230804093359310,6.97,6.97,6.998202918950956
20230804093359380,6.97,6.97,6.998202918950956
20230804093359550,6.97,6.97,6.998202918950956
20230804093359650,6.97,6.97,6.998202918950956
20230804093359850,6.97,6.97,6.998202918950956
20230804093401850,6.97,6.97,6.998202918950956
20230804093401900,6.97,6.97,6.998202918950956
20230804093402240,6.97,6.97,6.998202918950956
20230804093402300,6.97,6.96,6.998154966006504
20230804093402340,6.97,6.96,6.998154966006504
20230804093402350,6.97,6.96,6.998059581676242
20230804093402360,6.97,6.96,6.998057515280949
20230804093402370,6.97,6.96,6.998055449189986
20230804093402380,6.97,6.96,6.998055449189986
20230804093402440,6.97,6.96,6.997950745063496
20230804093402450,6.97,6.96,6.997950745063496
20230804093402460,6.97,6.96,6.997948693482091
20230804093402620,6.97,6.96,6.997948693482091
20230804093402710,6.97,6.96,6.997948693482091
20230804093404390,6.97,6.96,6.997948693482091
20230804093404510,6.97,6.96,6.997948693482091
20230804093404550,6.97,6.96,6.997948693482091
20230804093404680,6.97,6.96,6.997936390315481
20230804093404730,6.97,6.96,6.997936390315481
20230804093404770,6.97,6.96,6.997936390315481
20230804093405110,6.97,6.96,6.997936390315481
20230804093405160,6.97,6.96,6.997936390315481
20230804093405300,6.97,6.96,6.99791590909091
20230804093406970,6.97,6.96,6.99791590909091
20230804093406990,6.97,6.96,6.99791590909091
20230804093407130,6.97,6.96,6.9979138626200434
20230804093407170,6.97,6.96,6.9979138626200434
20230804093407390,6.97,6.96,6.9979138626200434
20230804093407420,6.97,6.97,6.9979138626200434
20230804093407520,6.97,6.97,6.9979138626200434
20230804093407820,6.97,6.97,6.9979138626200434
20230804093407920,6.97,6.97,6.9979138626200434
20230804093408010,6.97,6.97,6.9979138626200434
20230804093408020,6.97,6.97,6.9972893586528135
20230804093408030,6.97,6.97,6.9972893586528135
20230804093409650,6.97,6.97,6.9972893586528135
20230804093409660,6.97,6.97,6.9972893586528135
20230804093409790,6.97,6.97,6.9972893586528135
20230804093409860,6.97,6.97,6.997191931453053
20230804093410160,6.97,6.97,6.997174762821885
20230804093410330,6.97,6.97,6.997174762821885
20230804093410410,6.97,6.97,6.997113725211459
20230804093410420,6.97,6.97,6.997113725211459
20230804093410460,6.97,6.97,6.997075235999716
20230804093410490,6.97,6.97,6.997075235999716
20230804093410600,6.97,6.97,6.997075235999716
20230804093410610,6.97,6.97,6.996990943182623
20230804093410840,6.97,6.97,6.996990943182623
20230804093410860,6.97,6.97,6.996990943182623
20230804093412350,6.97,6.97,6.996990943182623
20230804093412450,6.97,6.97,6.996990943182623
20230804093412620,6.97,6.97,6.996990943182623
20230804093412630,6.97,6.97,6.996990943182623
20230804093412650,6.97,6.97,6.996990943182623
20230804093412660,6.97,6.97,6.996989741049951
20230804093412680,6.97,6.97,6.996989741049951
20230804093412880,6.97,6.97,6.996989741049951
20230804093412890,6.97,6.97,6.996989741049951
20230804093413170,6.97,6.97,6.996989741049951
20230804093413220,6.97,6.97,6.996989741049951
20230804093413380,6.97,6.97,6.996925077530308
20230804093413440,6.97,6.97,6.996860904367365
20230804093415360,6.97,6.97,6.996807797298244
20230804093415400,6.97,6.97,6.996786648025166
20230804093415500,6.97,6.97,6.996786648025166
20230804093415570,6.97,6.97,6.996786648025166
20230804093415600,6.97,6.97,6.996786648025166
20230804093415670,6.97,6.97,6.996786648025166
20230804093416060,6.97,6.97,6.996786648025166
20230804093416160,6.97,6.97,6.996786648025166
20230804093416180,6.97,6.97,6.996786648025166
20230804093418360,6.97,6.97,6.996786648025166
20230804093418470,6.97,6.97,6.996786648025166
20230804093418520,6.97,6.97,6.996786648025166
20230804093418610,6.97,6.97,6.996786648025166
20230804093418700,6.97,6.97,6.996786648025166
20230804093418800,6.97,6.97,6.996786648025166
20230804093420480,6.97,6.97,6.996786648025166
20230804093420490,6.97,6.97,6.996786648025166
20230804093420520,6.97,6.97,6.996786648025166
20230804093420640,6.97,6.97,6.996786648025166
20230804093420650,6.97,6.97,6.996786648025166
20230804093420910,6.97,6.97,6.996786648025166
20230804093421040,6.97,6.97,6.996786648025166
20230804093421220,6.97,6.97,6.996786648025166
20230804093421320,6.97,6.97,6.996786648025166
20230804093423220,6.97,6.97,6.996743178170145
20230804093423370,6.97,6.97,6.996743178170145
20230804093423420,6.97,6.97,6.996743178170145
20230804093423440,6.97,6.97,6.996743178170145
20230804093423540,6.97,6.97,6.996743178170145
20230804093423810,6.97,6.97,6.996743178170145
20230804093424000,6.97,6.97,6.996743178170145
20230804093425910,6.97,6.97,6.996743178170145
20230804093426210,6.97,6.97,6.996743178170145
20230804093426250,6.97,6.97,6.996743178170145
20230804093426350,6.97,6.97,6.996743178170145
20230804093426370,6.97,6.97,6.996743178170145
20230804093426390,6.97,6.97,6.996743178170145
20230804093426400,6.97,6.97,6.996743178170145
20230804093426590,6.97,6.97,6.996743178170145
20230804093426840,6.97,6.97,6.996743178170145
20230804093429140,6.97,6.97,6.996743178170145
20230804093429230,6.97,6.97,6.996743178170145
20230804093429640,6.97,6.97,6.996743178170145
20230804093431250,6.97,6.97,6.9966719793986645
20230804093431400,6.97,6.97,6.9966719793986645
20230804093431500,6.97,6.97,6.9966719793986645
20230804093431960,6.97,6.97,6.9966719793986645
20230804093432130,6.97,6.97,6.9966719793986645
20230804093432320,6.97,6.97,6.9966719793986645
20230804093434080,6.97,6.97,6.9966719793986645
20230804093434140,6.97,6.97,6.9966719793986645
20230804093434150,6.97,6.97,6.9966719793986645
20230804093434190,6.97,6.97,6.9966719793986645
20230804093434330,6.97,6.97,6.9966719793986645
20230804093434430,6.97,6.97,6.9966719793986645
20230804093434470,6.97,6.97,6.9966719793986645
20230804093434510,6.97,6.97,6.9966719793986645
20230804093434580,6.97,6.97,6.9966719793986645
20230804093434600,6.97,6.97,6.9966719793986645
20230804093434660,6.97,6.97,6.9966719793986645
20230804093434800,6.97,6.97,6.9966719793986645
20230804093434810,6.97,6.97,6.9966719793986645
20230804093435180,6.97,6.97,6.9966719793986645
20230804093437020,6.97,6.97,6.9966719793986645
20230804093437060,6.97,6.97,6.9966719793986645
20230804093437070,6.97,6.97,6.9965990978487165
20230804093437150,6.97,6.97,6.9965990978487165
20230804093437240,6.97,6.97,6.9965990978487165
20230804093437290,6.97,6.97,6.9965990978487165
20230804093437430,6.97,6.97,6.9965990978487165
20230804093437550,6.97,6.97,6.9965990978487165
20230804093437780,6.97,6.97,6.9965990978487165
20230804093439390,6.97,6.97,6.9965990978487165
20230804093439400,6.97,6.97,6.9965990978487165
20230804093439450,6.97,6.97,6.9965990978487165
20230804093439500,6.97,6.97,6.9965990978487165
20230804093439690,6.97,6.97,6.9965990978487165
20230804093439750,6.97,6.97,6.9965990978487165
20230804093439760,6.97,6.97,6.9965990978487165
20230804093440050,6.97,6.97,6.9965990978487165
20230804093440080,6.97,6.97,6.996548090229727
20230804093440130,6.97,6.97,6.996548090229727
20230804093440390,6.97,6.97,6.996548090229727
20230804093440420,6.97,6.97,6.996548090229727
20230804093440590,6.97,6.97,6.996548090229727
20230804093442060,6.97,6.97,6.996548090229727
20230804093442130,6.97,6.97,6.996544416770445
20230804093442630,6.97,6.97,6.996544416770445
20230804093442940,6.97,6.97,6.996544416770445
20230804093443210,6.97,6.97,6.996544416770445
20230804093443230,6.97,6.97,6.996544416770445
20230804093443270,6.97,6.97,6.996544416770445
20230804093444760,6.97,6.97,6.996524230902178
20230804093444950,6.97,6.97,6.996524230902178
20230804093444980,6.97,6.97,6.996524230902178
20230804093445120,6.97,6.97,6.996524230902178
20230804093445140,6.97,6.97,6.996524230902178
20230804093445340,6.97,6.97,6.996524230902178
20230804093445870,6.97,6.97,6.996524230902178
20230804093445940,6.97,6.97,6.996524230902178
20230804093447530,6.97,6.97,6.996524230902178
20230804093448020,6.97,6.97,6.996524230902178
20230804093448150,6.97,6.97,6.9965150656530755
20230804093448160,6.97,6.97,6.9965150656530755
20230804093448270,6.97,6.97,6.9965150656530755
20230804093448290,6.97,6.97,6.9965150656530755
20230804093448650,6.97,6.97,6.9965150656530755
20230804093450260,6.97,6.97,6.9965150656530755
20230804093450440,6.97,6.97,6.9965150656530755
20230804093450480,6.97,6.97,6.9965150656530755
20230804093450530,6.97,6.97,6.9965150656530755
20230804093451070,6.97,6.97,6.9965150656530755
20230804093451080,6.97,6.97,6.9965150656530755
20230804093451150,6.97,6.97,6.996511401326701
20230804093451270,6.97,6.97,6.996511401326701
20230804093452920,6.97,6.97,6.996511401326701
20230804093453170,6.97,6.97,6.996511401326701
20230804093453180,6.97,6.97,6.996511401326701
20230804093453520,6.97,6.97,6.996511401326701
20230804093455560,6.97,6.97,6.996511401326701
20230804093455590,6.97,6.97,6.9961732041749105
20230804093455690,6.97,6.97,6.9961732041749105
20230804093455990,6.97,6.97,6.9961732041749105
20230804093456060,6.97,6.97,6.9961732041749105
20230804093456430,6.97,6.97,6.9961732041749105
20230804093456620,6.97,6.97,6.9961732041749105
20230804093458290,6.97,6.97,6.9961732041749105
20230804093458550,6.97,6.97,6.9961732041749105
20230804093458590,6.98,6.97,6.9961732041749105
20230804093458840,6.98,6.97,6.9961732041749105
20230804093458930,6.98,6.97,6.9961732041749105
20230804093458970,6.98,6.97,6.9961732041749105
20230804093459020,6.98,6.97,6.9961732041749105
20230804093459070,6.98,6.97,6.9961732041749105
20230804093459200,6.98,6.97,6.9961732041749105
20230804093459250,6.98,6.97,6.9961732041749105
20230804093459320,6.98,6.97,6.9961732041749105
20230804093459350,6.99,6.97,6.9961732041749105
20230804093501090,6.99,6.97,6.9961732041749105
20230804093501310,6.99,6.97,6.9961732041749105
20230804093501380,6.99,6.97,6.9961732041749105
20230804093501440,6.99,6.97,6.9961732041749105
20230804093501450,6.99,6.97,6.9961732041749105
20230804093501660,6.99,6.97,6.9961732041749105
20230804093501820,6.99,6.97,6.9961732041749105
20230804093503660,6.99,6.97,6.9961732041749105
20230804093503880,6.99,6.97,6.9961732041749105
20230804093504000,6.98,6.97,6.9961732041749105
20230804093504010,6.99,6.97,6.9961732041749105
20230804093504350,6.99,6.97,6.9961732041749105
20230804093504370,6.99,6.97,6.996063643757625
20230804093504510,6.99,6.97,6.996063643757625
20230804093504720,6.99,6.97,6.996063643757625
20230804093506410,6.99,6.97,6.996063643757625
20230804093506490,6.99,6.97,6.996063643757625
20230804093506590,6.99,6.97,6.996063643757625
20230804093506980,6.98,6.97,6.996063643757625
20230804093507230,6.98,6.97,6.996063643757625
20230804093507330,6.98,6.97,6.996063643757625
20230804093507340,6.98,6.97,6.996063643757625
20230804093507550,6.98,6.97,6.996063643757625
20230804093509280,6.98,6.97,6.996063643757625
20230804093509290,6.98,6.97,6.996063643757625
20230804093509380,6.99,6.97,6.996063643757625
20230804093509730,6.99,6.97,6.996063643757625
20230804093510110,6.99,6.97,6.996063643757625
20230804093510220,6.98,6.97,6.996063643757625
20230804093512650,6.98,6.97,6.996063643757625
20230804093512700,6.98,6.97,6.996063643757625
20230804093512790,6.98,6.97,6.996063643757625
20230804093515460,6.98,6.97,6.99593337367218
20230804093517240,6.98,6.97,6.99593337367218
20230804093517290,6.98,6.97,6.99593337367218
20230804093517400,6.98,6.97,6.99593337367218
20230804093517450,6.98,6.97,6.99593337367218
20230804093518020,6.98,6.97,6.99593337367218
20230804093518040,6.98,6.97,6.99593337367218
20230804093518300,6.98,6.97,6.99593337367218
20230804093519890,6.98,6.97,6.99593337367218
20230804093519990,6.98,6.97,6.99593337367218
20230804093520070,6.98,6.97,6.99593337367218
20230804093520750,6.98,6.97,6.99593337367218
20230804093521020,6.98,6.97,6.99593337367218
20230804093521090,6.98,6.97,6.99593337367218
20230804093521100,6.98,6.97,6.99593337367218
20230804093522840,6.98,6.97,6.99593337367218
20230804093522890,6.98,6.97,6.99593337367218
20230804093522970,6.98,6.97,6.99593337367218
20230804093523180,6.98,6.97,6.99593337367218
20230804093523290,6.98,6.97,6.99593337367218
20230804093523460,6.98,6.97,6.99593337367218
20230804093523730,6.98,6.97,6.99593337367218
20230804093525740,6.98,6.97,6.995905263864644
20230804093525750,6.98,6.97,6.995905263864644
20230804093525890,6.98,6.97,6.995905263864644
20230804093525920,6.98,6.97,6.995905263864644
20230804093526240,6.98,6.97,6.995905263864644
20230804093526310,6.98,6.97,6.995905263864644
20230804093526420,6.98,6.97,6.995825502008032
20230804093527930,6.98,6.97,6.995825502008032
20230804093528100,6.98,6.97,6.995546778785672
20230804093528170,6.98,6.97,6.995546778785672
20230804093528270,6.98,6.97,6.995546778785672
20230804093528640,6.98,6.97,6.995546778785672
20230804093528710,6.98,6.97,6.995546778785672
20230804093528720,6.98,6.97,6.995546778785672
20230804093528910,6.98,6.97,6.995546778785672
20230804093531150,6.98,6.97,6.995546778785672
20230804093531170,6.98,6.97,6.995546778785672
20230804093531210,6.98,6.97,6.995546778785672
20230804093531500,6.98,6.97,6.995546778785672
20230804093531530,6.98,6.97,6.995546778785672
20230804093531630,6.98,6.97,6.995546778785672
20230804093531700,6.99,6.97,6.995546778785672
20230804093533640,6.99,6.97,6.995546778785672
20230804093533700,6.99,6.97,6.995546778785672
20230804093533790,6.98,6.97,6.995546778785672
20230804093534000,6.98,6.97,6.995546778785672
20230804093534200,6.99,6.97,6.995546778785672
20230804093536120,6.98,6.97,6.995546778785672
20230804093536690,6.98,6.97,6.995208447221138
20230804093536820,6.98,6.97,6.995208447221138
20230804093536920,6.98,6.97,6.995208447221138
20230804093537090,6.98,6.97,6.995208447221138
20230804093537200,6.98,6.97,6.995208447221138
20230804093537230,6.98,6.97,6.995208447221138
20230804093538810,6.98,6.97,6.995208447221138
20230804093538850,6.98,6.97,6.995208447221138
20230804093539040,6.98,6.97,6.995208447221138
20230804093539050,6.98,6.97,6.995208447221138
20230804093539090,6.98,6.97,6.995208447221138
20230804093539230,6.98,6.97,6.995208447221138
20230804093539300,6.98,6.97,6.995208447221138
20230804093539350,6.97,6.97,6.995208447221138
20230804093539420,6.97,6.97,6.995208447221138
20230804093539990,6.97,6.97,6.995208447221138
20230804093541550,6.97,6.97,6.995208447221138
20230804093542420,6.97,6.97,6.995189352574103
20230804093542520,6.97,6.97,6.995189352574103
20230804093542670,6.97,6.97,6.995189352574103
20230804093544220,6.97,6.97,6.995189352574103
20230804093544440,6.97,6.97,6.995181168367016
20230804093544530,6.97,6.97,6.995181168367016
20230804093544820,6.97,6.97,6.995181168367016
20230804093544840,6.97,6.97,6.995181168367016
20230804093545030,6.98,6.97,6.995181168367016
20230804093546910,6.98,6.97,6.995181168367016
20230804093546920,6.99,6.97,6.995181168367016
20230804093546930,6.99,6.97,6.994906080520641
20230804093546950,6.99,6.97,6.994904178628389
20230804093547140,6.99,6.97,6.994895626115787
20230804093547150,6.99,6.97,6.994880445859873
20230804093547270,6.99,6.97,6.994880445859873
20230804093547280,6.99,6.97,6.994880445859873
20230804093547330,6.99,6.97,6.994880445859873
20230804093547350,6.99,6.97,6.994880445859873
20230804093547410,6.99,6.97,6.994880445859873
20230804093547570,6.99,6.97,6.994880445859873
20230804093547580,6.99,6.97,6.994880445859873
20230804093547620,6.99,6.97,6.994880445859873
20230804093547630,6.99,6.97,6.994880445859873
20230804093547780,6.99,6.97,6.994208052058627
20230804093547850,6.99,6.97,6.994191653505043
20230804093547870,6.99,6.99,6.994181316013112
20230804093547890,6.99,6.99,6.994181316013112
20230804093547900,6.99,6.99,6.994181316013112
20230804093547920,6.99,6.99,6.994131563029277
20230804093548000,6.99,6.99,6.99412729031868
20230804093548010,6.99,6.99,6.994117899444042
20230804093548060,6.99,6.99,6.994109373112695
20230804093549980,6.99,6.99,6.994109373112695
20230804093550330,6.99,6.99,6.994109373112695
20230804093550370,6.99,6.99,6.994109373112695
20230804093550440,6.99,6.99,6.994109373112695
20230804093550460,6.99,6.99,6.994098630632805
20230804093550490,6.99,6.99,6.994098630632805
20230804093550690,6.99,6.98,6.994096406607983
20230804093550770,6.99,6.98,6.994096406607983
20230804093552270,6.99,6.98,6.994096406607983
20230804093552350,6.99,6.98,6.994096406607983
20230804093552440,6.99,6.98,6.994096406607983
20230804093552620,6.99,6.98,6.994096406607983
20230804093552950,6.99,6.97,6.994096406607983
20230804093553180,6.99,6.97,6.994038953244104
20230804093553320,7.0,6.97,6.994036046302406
20230804093553370,7.0,6.98,6.994036046302406
20230804093555110,7.0,6.98,6.994025664034458
20230804093555160,7.0,6.98,6.994017012893983
20230804093555650,7.0,6.98,6.994017012893983
20230804093555680,7.0,6.98,6.994017012893983
20230804093555950,7.0,6.98,6.994017012893983
20230804093556140,7.0,6.97,6.994017012893983
20230804093557670,7.0,6.97,6.994017012893983
20230804093557730,7.0,6.97,6.994017012893983
20230804093557960,7.0,6.97,6.994017012893983
20230804093558120,7.0,6.97,6.994017012893983
20230804093558300,7.0,6.98,6.994017012893983
20230804093558440,7.0,6.98,6.994017012893983
20230804093558560,7.0,6.98,6.994017012893983
20230804093558810,7.0,6.98,6.994017012893983
20230804093600580,7.0,6.98,6.994017012893983
20230804093600610,7.0,6.98,6.994017012893983
20230804093600630,7.0,6.98,6.994017012893983
20230804093600840,7.0,6.98,6.994017012893983
20230804093600860,7.0,6.98,6.994017012893983
20230804093600880,7.0,6.98,6.994017012893983
20230804093600950,7.0,6.98,6.994017012893983
20230804093601030,7.0,6.98,6.994017012893983
20230804093601110,7.0,6.98,6.994017012893983
20230804093601170,7.0,6.98,6.994017012893983
20230804093601370,7.0,6.98,6.994017012893983
20230804093601500,7.0,6.98,6.994017012893983
20230804093603290,7.0,6.98,6.994017012893983
20230804093603320,7.0,6.98,6.994017012893983
20230804093603650,7.0,6.98,6.994017012893983
20230804093603700,7.0,6.98,6.994017012893983
20230804093603790,7.0,6.98,6.994017012893983
20230804093603910,7.0,6.98,6.994017012893983
20230804093603990,7.0,6.98,6.994017012893983
20230804093604130,7.0,6.98,6.994017012893983
20230804093604260,7.0,6.98,6.994017012893983
20230804093604290,7.0,6.98,6.994017012893983
20230804093605930,7.0,6.98,6.994017012893983
20230804093606070,7.0,6.98,6.994017012893983
20230804093606340,7.0,6.98,6.994017012893983
20230804093606510,7.0,6.98,6.994017012893983
20230804093606520,7.0,6.98,6.994017012893983
20230804093606860,7.0,6.98,6.994017012893983
20230804093608780,6.99,6.98,6.994017012893983
20230804093608920,7.0,6.98,6.994017012893983
20230804093609350,7.0,6.98,6.994017012893983
20230804093609370,7.0,6.98,6.994017012893983
20230804093611180,7.0,6.98,6.994017012893983
20230804093611200,7.0,6.98,6.994017012893983
20230804093611400,7.0,6.98,6.994017012893983
20230804093611600,7.0,6.98,6.994017012893983
20230804093611890,7.0,6.98,6.994017012893983
20230804093611900,7.0,6.98,6.994017012893983
20230804093611930,7.0,6.98,6.994017012893983
20230804093612220,6.99,6.98,6.994017012893983
20230804093612230,6.99,6.98,6.994017012893983
20230804093612380,6.99,6.98,6.994017012893983
20230804093613930,7.0,6.98,6.994017012893983
20230804093614690,7.0,6.98,6.994017012893983
20230804093614740,7.0,6.98,6.994017012893983
20230804093614820,7.0,6.98,6.994017012893983
20230804093614880,7.0,6.98,6.994017012893983
20230804093614930,7.0,6.98,6.994017012893983
20230804093616810,7.0,6.98,6.994017012893983
20230804093616950,7.0,6.98,6.994017012893983
20230804093616960,7.0,6.98,6.994017012893983
20230804093617040,6.99,6.98,6.994017012893983
20230804093617340,6.99,6.98,6.994017012893983
20230804093617390,6.99,6.98,6.994017012893983
20230804093617580,6.99,6.98,6.994017012893983
20230804093617720,6.99,6.98,6.994017012893983
20230804093617730,6.99,6.98,6.993927443121538
20230804093619270,6.99,6.98,6.993927443121538
20230804093619290,6.99,6.98,6.993927443121538
20230804093619440,6.99,6.98,6.993927443121538
20230804093620030,6.99,6.98,6.993927443121538
20230804093620050,6.99,6.98,6.993927443121538
20230804093620120,6.99,6.98,6.993927443121538
20230804093620320,6.99,6.98,6.993927443121538
20230804093622060,6.99,6.98,6.993927443121538
20230804093622090,6.99,6.98,6.993927443121538
20230804093622130,6.99,6.98,6.993926054678294
20230804093622220,6.99,6.98,6.993926054678294
20230804093622300,6.99,6.98,6.993926054678294
20230804093622310,6.99,6.98,6.993926054678294
20230804093622710,6.99,6.98,6.993926054678294
20230804093622740,6.99,6.98,6.993926054678294
20230804093622860,7.0,6.98,6.993923131295282
20230804093622890,6.99,6.98,6.993923131295282
20230804093622940,6.99,6.98,6.993923131295282
20230804093623120,6.99,6.98,6.993923131295282
20230804093623190,6.99,6.98,6.993923131295282
20230804093624740,7.0,6.98,6.993923131295282
20230804093624760,7.0,6.98,6.993923131295282
20230804093624820,7.0,6.97,6.993848894348895
20230804093624850,7.0,6.97,6.993848894348895
20230804093624990,7.0,6.97,6.993848894348895
20230804093625030,7.0,6.97,6.993848894348895
20230804093625100,7.0,6.99,6.993848894348895
20230804093625120,7.0,6.99,6.993848894348895
20230804093625270,6.99,6.99,6.993848894348895
20230804093625620,6.99,6.99,6.993848894348895
20230804093625690,6.99,6.99,6.993848894348895
20230804093625840,6.99,6.99,6.993848894348895
20230804093625860,6.99,6.99,6.993848894348895
20230804093627330,6.99,6.99,6.993848894348895
20230804093627520,6.99,6.99,6.993848894348895
20230804093627550,6.99,6.99,6.993848894348895
20230804093627580,6.99,6.99,6.993848894348895
20230804093628110,7.0,6.99,6.993848894348895
20230804093628140,7.0,6.99,6.993848894348895
20230804093630020,6.99,6.99,6.993848894348895
20230804093630310,6.99,6.99,6.993848894348895
20230804093630390,6.99,6.99,6.993848894348895
20230804093630540,7.0,6.99,6.993848894348895
20230804093630730,7.0,6.99,6.993848894348895
20230804093630800,7.0,6.99,6.993848894348895
20230804093630840,7.0,6.99,6.993848894348895
20230804093630940,7.0,6.99,6.993848894348895
20230804093631040,6.99,6.99,6.993848894348895
20230804093631110,6.99,6.99,6.993848894348895
20230804093632750,7.0,6.99,6.993848894348895
20230804093633070,7.0,6.99,6.993848894348895
20230804093633180,7.0,6.99,6.993848894348895
20230804093633370,6.99,6.99,6.993848894348895
20230804093633390,6.99,6.99,6.993848894348895
20230804093633460,6.99,6.99,6.993848894348895
20230804093633490,6.99,6.99,6.993848894348895
20230804093633600,6.99,6.99,6.993848894348895
20230804093633880,6.99,6.99,6.993848894348895
20230804093635500,6.99,6.99,6.993848894348895
20230804093635710,6.99,6.99,6.993848894348895
20230804093635800,6.99,6.99,6.993848894348895
20230804093636130,6.99,6.99,6.993848894348895
20230804093636150,7.0,6.99,6.993827781013396
20230804093636350,7.0,6.98,6.993827781013396
20230804093638390,7.0,6.98,6.993827781013396
20230804093638410,7.0,6.98,6.993827781013396
20230804093638500,7.0,6.98,6.993827781013396
20230804093638610,7.0,6.98,6.993827781013396
20230804093638670,7.0,6.98,6.9938131236945935
20230804093638710,7.0,6.98,6.9938131236945935
20230804093638980,6.99,6.98,6.9938131236945935
20230804093639250,6.99,6.98,6.9938131236945935
20230804093640980,6.99,6.98,6.9938131236945935
20230804093641250,6.99,6.98,6.9938131236945935
20230804093641800,6.99,6.98,6.9938131236945935
20230804093642070,6.99,6.98,6.9938131236945935
20230804093643840,7.0,6.98,6.9938131236945935
20230804093644010,7.0,6.98,6.9938131236945935
20230804093644060,7.0,6.98,6.9938131236945935
20230804093644140,7.0,6.98,6.9938131236945935
20230804093644240,7.0,6.98,6.9938131236945935
20230804093644320,7.0,6.98,6.9938131236945935
20230804093644600,7.0,6.98,6.9938131236945935
20230804093644610,7.0,6.98,6.9938131236945935
20230804093644620,7.0,6.98,6.9938131236945935
20230804093644660,7.0,6.98,6.9938131236945935
20230804093646250,7.0,6.98,6.9938131236945935
20230804093646270,7.0,6.98,6.9938131236945935
20230804093646320,7.0,6.98,6.9938131236945935
20230804093646380,7.0,6.98,6.9938131236945935
20230804093646570,7.0,6.98,6.9938131236945935
20230804093646700,7.0,6.98,6.9938131236945935
20230804093646810,7.0,6.98,6.9938131236945935
20230804093646840,7.0,6.98,6.9938131236945935
20230804093647140,7.0,6.98,6.9938131236945935
20230804093647300,7.0,6.98,6.9938131236945935
20230804093647480,7.0,6.98,6.9938131236945935
20230804093648950,6.99,6.98,6.9938131236945935
20230804093648980,6.99,6.98,6.9938131236945935
20230804093649000,7.0,6.98,6.9938131236945935
20230804093649010,7.0,6.98,6.9938131236945935
20230804093649060,7.0,6.98,6.9938131236945935
20230804093649110,7.0,6.98,6.9938131236945935
20230804093649340,7.0,6.98,6.9938131236945935
20230804093649520,7.0,6.98,6.9938131236945935
20230804093649650,7.0,6.98,6.9938131236945935
20230804093649690,7.0,6.98,6.9938131236945935
20230804093649730,7.0,6.98,6.9938131236945935
20230804093651700,7.0,6.98,6.9938131236945935
20230804093651730,7.0,6.98,6.9938131236945935
20230804093651760,7.0,6.98,6.9938131236945935
20230804093651950,7.0,6.98,6.993735206931936
20230804093652000,7.0,6.98,6.993735206931936
20230804093652060,7.0,6.98,6.993735206931936
20230804093652090,7.0,6.98,6.993735206931936
20230804093652230,7.0,6.98,6.993735206931936
20230804093652330,7.0,6.98,6.993735206931936
20230804093652490,6.99,6.98,6.993735206931936
20230804093652600,6.99,6.98,6.993735206931936
20230804093654350,6.99,6.98,6.993735206931936
20230804093654610,6.99,6.98,6.993735206931936
20230804093655040,6.99,6.98,6.993735206931936
20230804093655050,6.99,6.98,6.993735206931936
20230804093655120,6.99,6.98,6.993735206931936
20230804093655220,6.99,6.98,6.993735206931936
20230804093655330,6.99,6.98,6.993735206931936
20230804093655470,6.99,6.98,6.993735206931936
20230804093655540,6.99,6.98,6.993735206931936
20230804093655550,6.99,6.98,6.993735206931936
20230804093657140,6.99,6.98,6.993735206931936
20230804093657260,6.99,6.98,6.993735206931936
20230804093657300,6.99,6.98,6.993735206931936
20230804093657330,6.99,6.98,6.993718192154634
20230804093657530,6.99,6.98,6.993718192154634
20230804093657560,6.99,6.98,6.993718192154634
20230804093658090,6.99,6.98,6.993718192154634
20230804093658130,6.99,6.98,6.993718192154634
20230804093658150,6.99,6.98,6.993718192154634
20230804093658190,6.99,6.98,6.993718192154634
20230804093659940,6.99,6.98,6.993718192154634
20230804093700080,6.99,6.98,6.993718192154634
20230804093700230,6.99,6.98,6.993718192154634
20230804093700300,6.99,6.98,6.993718192154634
20230804093700340,6.99,6.98,6.993718192154634
20230804093700370,6.99,6.98,6.993718192154634
20230804093702620,6.99,6.98,6.993713823262154
20230804093702810,6.99,6.98,6.993713823262154
20230804093702840,6.99,6.98,6.993713823262154
20230804093702930,6.99,6.98,6.993713823262154
20230804093702990,6.99,6.98,6.993713823262154
20230804093703070,6.99,6.98,6.993713823262154
20230804093703210,6.99,6.98,6.993713823262154
20230804093703230,6.99,6.98,6.993692050351554
20230804093703510,6.99,6.98,6.993692050351554
20230804093705130,6.99,6.98,6.993692050351554
20230804093705160,6.99,6.98,6.993692050351554
20230804093705190,6.99,6.98,6.993692050351554
20230804093705200,6.99,6.98,6.993692050351554
20230804093705230,6.99,6.98,6.993692050351554
20230804093705240,6.99,6.98,6.993692050351554
20230804093705250,6.99,6.97,6.993663384824309
20230804093705270,6.99,6.97,6.993663384824309
20230804093705480,6.99,6.97,6.993663384824309
20230804093705540,6.99,6.97,6.993663384824309
20230804093706000,6.99,6.97,6.993663384824309
20230804093706010,6.99,6.97,6.993236474264101
20230804093706020,6.98,6.97,6.993236474264101
20230804093706030,6.98,6.97,6.993236474264101
20230804093706070,6.98,6.97,6.993236474264101
20230804093706310,6.98,6.97,6.993236474264101
20230804093706320,6.98,6.97,6.993225599737102
20230804093707840,6.98,6.97,6.993225599737102
20230804093707860,6.98,6.97,6.993225599737102
20230804093707950,6.98,6.97,6.993225599737102
20230804093708110,6.98,6.97,6.993225599737102
20230804093708140,6.98,6.97,6.993225599737102
20230804093708490,6.98,6.97,6.993225599737102
20230804093708600,6.98,6.97,6.993225599737102
20230804093710740,6.98,6.97,6.993225599737102
20230804093710760,6.98,6.97,6.993225599737102
20230804093710830,6.98,6.97,6.993225599737102
20230804093710910,6.98,6.97,6.993225599737102
20230804093710920,6.98,6.97,6.993225599737102
20230804093711020,6.98,6.97,6.993225599737102
20230804093711040,6.98,6.97,6.993225599737102
20230804093711080,6.98,6.97,6.993225599737102
20230804093711090,6.98,6.97,6.993225599737102
20230804093711680,6.98,6.97,6.993225599737102
20230804093713310,6.98,6.97,6.993225599737102
20230804093713500,6.98,6.97,6.993225599737102
20230804093713530,6.98,6.97,6.993225599737102
20230804093713650,6.98,6.97,6.993225599737102
20230804093713850,6.98,6.97,6.993225599737102
20230804093714230,6.98,6.97,6.993225599737102
20230804093714240,6.98,6.97,6.993225599737102
20230804093714270,6.98,6.97,6.993225599737102
20230804093714280,6.98,6.97,6.993225599737102
20230804093716120,6.98,6.97,6.993225599737102
20230804093716130,6.98,6.97,6.993225599737102
20230804093716150,6.98,6.98,6.9932002951948835
20230804093716170,6.98,6.98,6.9932002951948835
20230804093716410,6.98,6.98,6.9932002951948835
20230804093716500,6.98,6.98,6.9932002951948835
20230804093716630,6.98,6.97,6.993198852145396
20230804093716720,6.98,6.97,6.993198852145396
20230804093716790,6.98,6.97,6.993198852145396
20230804093716800,6.98,6.97,6.993196688162641
20230804093716870,6.98,6.97,6.993196688162641
20230804093716900,6.98,6.97,6.993196688162641
20230804093716920,6.98,6.97,6.993193083101131
20230804093716950,6.98,6.97,6.993193083101131
20230804093717020,6.98,6.98,6.993193083101131
20230804093717050,6.98,6.98,6.993193083101131
20230804093718760,6.98,6.98,6.993193083101131
20230804093719030,6.98,6.97,6.9931875409478055
20230804093719190,6.98,6.97,6.9931875409478055
20230804093719250,6.98,6.97,6.9931875409478055
20230804093719420,6.98,6.97,6.993179228292311
20230804093719640,6.98,6.97,6.993179228292311
20230804093721560,6.98,6.97,6.993179228292311
20230804093721920,6.98,6.97,6.993179228292311
20230804093721990,6.98,6.97,6.993179228292311
20230804093722040,6.98,6.97,6.993179228292311
20230804093722150,6.98,6.97,6.993179228292311
20230804093722200,6.98,6.97,6.993179228292311
20230804093724030,6.98,6.97,6.993179228292311
20230804093724220,6.98,6.97,6.993179228292311
20230804093724740,6.98,6.97,6.993044631236443
20230804093724760,6.98,6.97,6.993044631236443
20230804093724800,6.98,6.97,6.993044631236443
20230804093724870,6.98,6.97,6.993020623579085
20230804093724930,6.98,6.97,6.993020623579085
20230804093725050,6.98,6.97,6.993020623579085
20230804093726890,6.98,6.97,6.993020623579085
20230804093726920,6.98,6.97,6.993020623579085
20230804093726950,6.98,6.97,6.993020623579085
20230804093727020,6.98,6.98,6.993020623579085
20230804093727080,6.98,6.98,6.993020623579085
20230804093727170,6.98,6.98,6.993020623579085
20230804093727180,6.98,6.97,6.993017795326699
20230804093727200,6.98,6.97,6.993017795326699
20230804093727210,6.98,6.97,6.993017795326699
20230804093727280,6.98,6.97,6.993017795326699
20230804093727360,6.98,6.97,6.993017795326699
20230804093727610,6.98,6.96,6.992576953684546
20230804093727640,6.98,6.97,6.992576953684546
20230804093727650,6.98,6.97,6.992576953684546
20230804093727780,6.98,6.97,6.992576953684546
20230804093727840,6.98,6.97,6.992576953684546
20230804093727890,6.98,6.97,6.992576953684546
20230804093729570,6.98,6.97,6.992576953684546
20230804093729760,6.98,6.97,6.992576953684546
20230804093730310,6.98,6.97,6.992576953684546
20230804093730410,6.98,6.97,6.992526758774019
20230804093730440,6.98,6.97,6.992526758774019
20230804093730610,6.98,6.97,6.992526758774019
20230804093730640,6.98,6.97,6.992526758774019
20230804093732490,6.98,6.97,6.992526758774019
20230804093732510,6.98,6.97,6.992526758774019
20230804093732750,6.98,6.97,6.992526758774019
20230804093732770,6.98,6.97,6.992526758774019
20230804093732800,6.98,6.97,6.992526758774019
20230804093732870,6.98,6.97,6.992526758774019
20230804093732880,6.98,6.97,6.992517748505529
20230804093733030,6.98,6.97,6.992517748505529
20230804093733270,6.98,6.97,6.992517748505529
20230804093733280,6.98,6.97,6.992517748505529
20230804093735080,6.98,6.97,6.992517748505529
20230804093735100,6.98,6.97,6.992517748505529
20230804093735350,6.98,6.97,6.992517748505529
20230804093735440,6.98,6.97,6.992517748505529
20230804093735490,6.98,6.96,6.992478772837681
20230804093735630,6.98,6.96,6.992478772837681
20230804093735750,6.98,6.96,6.992478772837681
20230804093735800,6.98,6.97,6.992478772837681
20230804093735990,6.98,6.97,6.992478772837681
20230804093737590,6.98,6.97,6.992478772837681
20230804093737610,6.98,6.97,6.992478772837681
20230804093737660,6.98,6.97,6.992478772837681
20230804093737690,6.98,6.97,6.992478772837681
20230804093738300,6.98,6.97,6.992478772837681
20230804093738500,6.98,6.97,6.992478772837681
20230804093738540,6.98,6.97,6.992478772837681
20230804093738560,6.98,6.97,6.992478772837681
20230804093738710,6.98,6.97,6.992478772837681
20230804093738750,6.98,6.97,6.992478772837681
20230804093740320,6.98,6.97,6.992478772837681
20230804093740540,6.98,6.97,6.992478772837681
20230804093740610,6.98,6.97,6.992478772837681
20230804093740790,6.98,6.97,6.992478772837681
20230804093740870,6.98,6.97,6.992478772837681
20230804093740890,6.98,6.97,6.992478772837681
20230804093740980,6.98,6.97,6.992478772837681
20230804093740990,6.98,6.97,6.992478772837681
20230804093741120,6.98,6.97,6.992478772837681
20230804093741420,6.98,6.97,6.992478772837681
20230804093741460,6.98,6.97,6.992478772837681
20230804093741470,6.98,6.97,6.992478772837681
20230804093742990,6.98,6.97,6.992478772837681
20230804093743320,6.98,6.97,6.992478772837681
20230804093743680,6.98,6.97,6.992478772837681
20230804093744040,6.98,6.97,6.992478772837681
20230804093744050,6.98,6.97,6.992478772837681
20230804093744070,6.98,6.97,6.992478772837681
20230804093745620,6.98,6.97,6.992478772837681
20230804093745700,6.98,6.97,6.992478772837681
20230804093746170,6.98,6.97,6.992381483810123
20230804093746180,6.98,6.97,6.992381483810123
20230804093746220,6.98,6.97,6.992381483810123
20230804093746330,6.98,6.97,6.992381483810123
20230804093746680,6.98,6.97,6.992381483810123
20230804093746700,6.98,6.97,6.992369170374248
20230804093746750,6.98,6.97,6.992369170374248
20230804093746810,6.98,6.97,6.992369170374248
20230804093746850,6.98,6.97,6.992367875647669
20230804093748360,6.98,6.97,6.992367875647669
20230804093748770,6.98,6.97,6.992367875647669
20230804093748980,6.98,6.97,6.992367875647669
20230804093748990,6.98,6.97,6.992367875647669
20230804093749150,6.98,6.97,6.992367875647669
20230804093749370,6.98,6.97,6.992367875647669
20230804093749420,6.98,6.97,6.992367875647669
20230804093751370,6.98,6.97,6.99235882014539
20230804093751540,6.98,6.97,6.992353005750131
20230804093753770,6.98,6.97,6.992353005750131
20230804093754130,6.98,6.97,6.992353005750131
20230804093754140,6.98,6.97,6.992353005750131
20230804093754450,6.98,6.97,6.992351068833952
20230804093754650,6.98,6.97,6.992351068833952
20230804093754710,6.98,6.97,6.992351068833952
20230804093754830,6.98,6.97,6.992351068833952
20230804093756550,6.98,6.97,6.992338815789474
20230804093756870,6.98,6.97,6.992338815789474
20230804093757220,6.98,6.97,6.992338815789474
20230804093757380,6.98,6.97,6.992338815789474
20230804093757510,6.98,6.97,6.992338815789474
20230804093757550,6.98,6.97,6.992338815789474
20230804093757560,6.98,6.97,6.992325944085125
20230804093759560,6.98,6.97,6.992318876088204
20230804093759720,6.98,6.97,6.992318876088204
20230804093759740,6.98,6.97,6.992318876088204
20230804093759780,6.98,6.97,6.992318876088204
20230804093800110,6.98,6.97,6.992318876088204
20230804093801870,6.98,6.97,6.992318876088204
20230804093802170,6.98,6.97,6.992318876088204
20230804093802330,6.98,6.97,6.992318876088204
20230804093802950,6.98,6.97,6.992313460836939
20230804093804550,6.98,6.97,6.992312298071913
20230804093804570,6.98,6.97,6.992312298071913
20230804093804800,6.98,6.97,6.992312298071913
20230804093804820,6.98,6.97,6.992312298071913
20230804093804880,6.98,6.97,6.992312298071913
20230804093807230,6.98,6.97,6.992312298071913
20230804093807280,6.98,6.97,6.992312298071913
20230804093807320,6.98,6.97,6.992312298071913
20230804093807620,6.98,6.97,6.992312298071913
20230804093807640,6.98,6.97,6.992312298071913
20230804093809930,6.98,6.97,6.992312298071913
20230804093809940,6.98,6.97,6.992312298071913
20230804093810040,6.98,6.97,6.992312298071913
20230804093810050,6.98,6.97,6.992312298071913
20230804093810100,6.98,6.97,6.992312298071913
20230804093810210,6.98,6.97,6.992312298071913
20230804093810260,6.98,6.97,6.992312298071913
20230804093810560,6.98,6.97,6.992312298071913
20230804093810730,6.98,6.97,6.992312298071913
20230804093810740,6.99,6.97,6.992233542238567
20230804093810830,6.99,6.97,6.992233542238567
20230804093810840,6.98,6.97,6.992233542238567
20230804093810890,6.98,6.97,6.992233542238567
20230804093811000,6.98,6.97,6.992233542238567
20230804093812670,6.98,6.97,6.992233542238567
20230804093812760,6.98,6.97,6.992233542238567
20230804093812920,6.99,6.97,6.992231641636458
20230804093813040,6.98,6.97,6.992231641636458
20230804093813090,6.98,6.97,6.992229108418764
20230804093813100,6.98,6.96,6.992188898651094
20230804093813690,6.98,6.96,6.992188898651094
20230804093813780,6.98,6.96,6.992188898651094
20230804093813830,6.98,6.96,6.992188898651094
20230804093815390,6.98,6.96,6.992188898651094
20230804093815630,6.98,6.96,6.992188898651094
20230804093815800,6.98,6.96,6.992188898651094
20230804093815810,6.99,6.96,6.992115548921715
20230804093816190,6.99,6.96,6.992115548921715
20230804093816220,6.99,6.96,6.992115548921715
20230804093816410,6.99,6.96,6.992115548921715
20230804093816480,6.99,6.96,6.992115548921715
20230804093816540,6.99,6.97,6.992113055112438
20230804093818030,6.98,6.97,6.992113055112438
20230804093818090,6.98,6.97,6.992113055112438
20230804093818210,6.98,6.97,6.992113055112438
20230804093818500,6.98,6.97,6.992113055112438
20230804093818670,6.98,6.97,6.992113055112438
20230804093818770,6.98,6.97,6.992113055112438
20230804093818790,6.98,6.97,6.992113055112438
20230804093819000,6.98,6.97,6.992113055112438
20230804093819010,6.98,6.97,6.992113055112438
20230804093819080,6.98,6.97,6.992113055112438
20230804093819120,6.98,6.97,6.992113055112438
20230804093819210,6.98,6.97,6.992113055112438
20230804093821030,6.98,6.97,6.992113055112438
20230804093821740,6.98,6.96,6.992113055112438
20230804093821840,6.98,6.97,6.992113055112438
20230804093824320,6.98,6.96,6.992113055112438
20230804093826260,6.98,6.96,6.992113055112438
20230804093827070,6.98,6.96,6.992113055112438
20230804093827290,6.98,6.96,6.992113055112438
20230804093827340,6.98,6.96,6.992113055112438
20230804093829040,6.98,6.96,6.992113055112438
20230804093829290,6.98,6.96,6.992113055112438
20230804093829530,6.98,6.96,6.992113055112438
20230804093829700,6.98,6.96,6.992113055112438
20230804093829750,6.98,6.96,6.992113055112438
20230804093831920,6.98,6.97,6.992113055112438
20230804093832190,6.98,6.97,6.992113055112438
20230804093832310,6.98,6.97,6.992113055112438
20230804093834630,6.98,6.97,6.992113055112438
20230804093834990,6.98,6.97,6.992113055112438
20230804093835090,6.98,6.97,6.992113055112438
20230804093837260,6.98,6.97,6.992113055112438
20230804093837330,6.98,6.97,6.992113055112438
20230804093837570,6.98,6.97,6.992113055112438
20230804093837690,6.98,6.97,6.992113055112438
20230804093837860,6.98,6.97,6.992113055112438
20230804093840080,6.98,6.97,6.992113055112438
20230804093840210,6.98,6.97,6.992113055112438
20230804093840580,6.98,6.97,6.992113055112438
20230804093840710,6.98,6.97,6.992113055112438
20230804093842400,6.98,6.97,6.992113055112438
20230804093843060,6.98,6.97,6.992113055112438
20230804093843540,6.98,6.97,6.992113055112438
20230804093845020,6.98,6.97,6.992113055112438
20230804093845420,6.98,6.97,6.992113055112438
20230804093845660,6.98,6.97,6.992113055112438
20230804093845950,6.98,6.96,6.991947263630795
20230804093846110,6.98,6.96,6.991947263630795
20230804093846130,6.98,6.96,6.991947263630795
20230804093846250,6.98,6.96,6.991947263630795
20230804093846270,6.98,6.96,6.991947263630795
20230804093847820,6.98,6.96,6.991947263630795
20230804093848330,6.98,6.96,6.991947263630795
20230804093848530,6.98,6.97,6.991947263630795
20230804093848800,6.98,6.97,6.991947263630795
20230804093850410,6.98,6.97,6.991947263630795
20230804093850460,6.98,6.97,6.991947263630795
20230804093850530,6.98,6.96,6.991747307206069
