Timestamp,ask1,bid1,VWAP
20230609093000100,5.81,7.1,0.0
20230609093000110,5.81,7.1,0.0
20230609093000120,5.81,7.1,0.0
20230609093000130,5.93,7.09,6.44
20230609093000150,6.19,6.78,6.4372727272727275
20230609093000160,6.19,6.78,6.4372727272727275
20230609093000170,6.19,6.78,6.4372727272727275
20230609093000180,6.27,6.78,6.4372727272727275
20230609093000190,6.27,6.78,6.4372727272727275
20230609093000210,6.27,6.78,6.4372727272727275
20230609093000230,6.27,6.78,6.4372727272727275
20230609093000240,6.27,6.78,6.4372727272727275
20230609093000250,6.27,6.78,6.4372727272727275
20230609093000600,6.27,6.78,6.4372727272727275
20230609093000630,6.27,6.78,6.4372727272727275
20230609093000650,6.27,6.78,6.4372727272727275
20230609093000660,6.27,6.5,6.4372727272727275
20230609093000670,6.27,6.5,6.4372727272727275
20230609093000690,6.27,6.5,6.4372727272727275
20230609093000700,6.27,6.5,6.4372727272727275
20230609093000740,6.27,6.5,6.4372727272727275
20230609093000750,6.27,6.5,6.4372727272727275
20230609093000760,6.27,6.5,6.4372727272727275
20230609093000770,6.27,6.5,6.4372727272727275
20230609093000790,6.27,6.5,6.4372727272727275
20230609093000840,6.27,6.5,6.4372727272727275
20230609093000870,6.42,6.45,6.439862700228833
20230609093000880,6.42,6.45,6.439862700228833
20230609093000900,6.42,6.45,6.439862700228833
20230609093000910,6.42,6.45,6.439863636363636
20230609093000920,6.42,6.45,6.439863636363636
20230609093000930,6.42,6.45,6.439863636363636
20230609093000980,6.42,6.45,6.439774774774775
20230609093001000,6.42,6.45,6.439774774774775
20230609093001010,6.42,6.45,6.439774774774775
20230609093001020,6.42,6.45,6.439774774774775
20230609093001780,6.42,6.45,6.439774774774775
20230609093001790,6.42,6.45,6.439774774774775
20230609093001800,6.42,6.45,6.439774774774775
20230609093001850,6.42,6.45,6.439774774774775
20230609093001860,6.42,6.45,6.439774774774775
20230609093001870,6.42,6.45,6.439774774774775
20230609093001900,6.42,6.45,6.439774774774775
20230609093001910,6.42,6.45,6.439774774774775
20230609093001950,6.42,6.45,6.439774774774775
20230609093001970,6.42,6.45,6.439774774774775
20230609093002000,6.42,6.45,6.439774774774775
20230609093002010,6.42,6.45,6.4397995991983965
20230609093002050,6.42,6.45,6.4397995991983965
20230609093002080,6.42,6.45,6.4397995991983965
20230609093002090,6.42,6.45,6.4397995991983965
20230609093002110,6.42,6.45,6.4397995991983965
20230609093002140,6.42,6.45,6.4397995991983965
20230609093002180,6.42,6.45,6.4397995991983965
20230609093002280,6.42,6.45,6.4397995991983965
20230609093002290,6.42,6.45,6.4397995991983965
20230609093002300,6.42,6.45,6.4397995991983965
20230609093002320,6.42,6.45,6.4397995991983965
20230609093002380,6.42,6.45,6.4397995991983965
20230609093002400,6.42,6.45,6.4397995991983965
20230609093002450,6.42,6.45,6.4397995991983965
20230609093002500,6.42,6.45,6.4397995991983965
20230609093002520,6.42,6.45,6.4397995991983965
20230609093002530,6.42,6.45,6.4397995991983965
20230609093002540,6.42,6.45,6.4397995991983965
20230609093002550,6.42,6.45,6.4397995991983965
20230609093002600,6.42,6.45,6.4397995991983965
20230609093004030,6.42,6.45,6.4397995991983965
20230609093004040,6.42,6.45,6.4397995991983965
20230609093004060,6.42,6.45,6.4397995991983965
20230609093004120,6.42,6.45,6.4397995991983965
20230609093004130,6.42,6.45,6.4397995991983965
20230609093004140,6.42,6.45,6.4397995991983965
20230609093004230,6.42,6.45,6.4397995991983965
20230609093004350,6.42,6.45,6.4397995991983965
20230609093004380,6.42,6.45,6.4397995991983965
20230609093004390,6.42,6.45,6.4397995991983965
20230609093004420,6.42,6.45,6.4397995991983965
20230609093004450,6.42,6.45,6.4397995991983965
20230609093004530,6.42,6.45,6.4397995991983965
20230609093004590,6.42,6.45,6.4397995991983965
20230609093004630,6.42,6.45,6.4397995991983965
20230609093004640,6.42,6.45,6.4397995991983965
20230609093004730,6.42,6.45,6.4397995991983965
20230609093004770,6.42,6.45,6.4397995991983965
20230609093005000,6.42,6.45,6.4397995991983965
20230609093005020,6.42,6.45,6.4397995991983965
20230609093005030,6.42,6.45,6.4397995991983965
20230609093005060,6.42,6.45,6.4397995991983965
20230609093005180,6.42,6.45,6.4397995991983965
20230609093005250,6.42,6.45,6.440141732283465
20230609093005390,6.42,6.45,6.440141732283465
20230609093005410,6.42,6.45,6.440141732283465
20230609093005420,6.42,6.45,6.440141732283465
20230609093005440,6.42,6.45,6.440141732283465
20230609093009110,6.42,6.45,6.440141732283465
20230609093009240,6.42,6.45,6.440141732283465
20230609093009680,6.42,6.45,6.440141732283465
20230609093009760,6.42,6.45,6.440141732283465
20230609093009950,6.42,6.45,6.440141732283465
20230609093010100,6.42,6.45,6.440141732283465
20230609093010370,6.42,6.45,6.4401255886970175
20230609093010560,6.42,6.45,6.4401255886970175
20230609093010880,6.42,6.45,6.4401255886970175
20230609093011230,6.42,6.45,6.4401255886970175
20230609093014740,6.42,6.45,6.4401255886970175
20230609093015150,6.42,6.45,6.4401255886970175
20230609093015400,6.42,6.45,6.4401255886970175
20230609093017180,6.42,6.45,6.4401255886970175
20230609093017850,6.42,6.45,6.4401255886970175
20230609093018340,6.42,6.45,6.437284946236559
20230609093020170,6.42,6.45,6.437284946236559
20230609093020230,6.42,6.45,6.437010582010582
20230609093020910,6.42,6.45,6.437010582010582
20230609093020970,6.42,6.45,6.437010582010582
20230609093021090,6.42,6.45,6.4366149870801035
20230609093021140,6.42,6.45,6.4366149870801035
20230609093022690,6.42,6.45,6.4366149870801035
20230609093022810,6.42,6.45,6.4366149870801035
20230609093022960,6.42,6.45,6.4366149870801035
20230609093023180,6.42,6.45,6.4366149870801035
20230609093023590,6.42,6.45,6.4366149870801035
20230609093025550,6.42,6.45,6.436472819216182
20230609093025580,6.42,6.45,6.436472819216182
20230609093025590,6.42,6.45,6.436472819216182
20230609093026170,6.42,6.45,6.436456494325347
20230609093026380,6.42,6.45,6.436456494325347
20230609093028090,6.42,6.45,6.436456494325347
20230609093028180,6.42,6.45,6.435397008055236
20230609093028300,6.42,6.45,6.435397008055236
20230609093028340,6.42,6.45,6.435397008055236
20230609093028400,6.42,6.45,6.435397008055236
20230609093028710,6.42,6.45,6.435397008055236
20230609093029160,6.42,6.45,6.435397008055236
20230609093029170,6.42,6.45,6.435397008055236
20230609093030750,6.42,6.45,6.435397008055236
20230609093031050,6.42,6.45,6.435397008055236
20230609093031090,6.42,6.45,6.435397008055236
20230609093031160,6.42,6.45,6.435397008055236
20230609093033770,6.42,6.45,6.435397008055236
20230609093033920,6.42,6.45,6.435397008055236
20230609093034120,6.42,6.45,6.435397008055236
20230609093034130,6.42,6.45,6.435397008055236
20230609093034260,6.42,6.45,6.435397008055236
20230609093034380,6.42,6.45,6.435397008055236
20230609093034490,6.42,6.45,6.435078475336323
20230609093036150,6.42,6.45,6.435078475336323
20230609093036480,6.42,6.45,6.435078475336323
20230609093036770,6.42,6.45,6.435078475336323
20230609093036790,6.42,6.45,6.435078475336323
20230609093036970,6.42,6.45,6.435078475336323
20230609093037220,6.43,6.45,6.430390561432058
20230609093039140,6.43,6.45,6.430390561432058
20230609093039930,6.43,6.45,6.430390561432058
20230609093041550,6.43,6.45,6.430390561432058
20230609093042150,6.43,6.45,6.430390561432058
20230609093042360,6.43,6.45,6.430390561432058
20230609093042660,6.42,6.45,6.43
20230609093042670,6.43,6.45,6.429937743190662
20230609093042680,6.43,6.45,6.429937743190662
20230609093042720,6.43,6.45,6.429937743190662
20230609093042730,6.43,6.45,6.429937743190662
20230609093044500,6.43,6.45,6.429937743190662
20230609093044660,6.43,6.45,6.429937743190662
20230609093045090,6.43,6.45,6.429937743190662
20230609093045450,6.43,6.45,6.429937743190662
20230609093047200,6.43,6.45,6.429937743190662
20230609093047510,6.42,6.45,6.429937743190662
20230609093047670,6.42,6.45,6.429937743190662
20230609093047930,6.42,6.45,6.429937743190662
20230609093047940,6.42,6.45,6.429937743190662
20230609093048070,6.42,6.45,6.429937743190662
20230609093049840,6.42,6.45,6.429318181818182
20230609093049860,6.42,6.45,6.429318181818182
20230609093050300,6.42,6.45,6.427637215528782
20230609093052340,6.42,6.45,6.427637215528782
20230609093052440,6.42,6.45,6.427637215528782
20230609093052450,6.42,6.45,6.427637215528782
20230609093052540,6.42,6.45,6.427637215528782
20230609093052850,6.42,6.45,6.4267422810333965
20230609093052980,6.42,6.45,6.4267422810333965
20230609093053170,6.42,6.45,6.426729559748428
20230609093055170,6.42,6.45,6.426729559748428
20230609093055780,6.42,6.45,6.426729559748428
20230609093055880,6.42,6.45,6.426729559748428
20230609093056000,6.42,6.45,6.426695869837297
20230609093057780,6.42,6.45,6.426695869837297
20230609093057950,6.42,6.45,6.426695869837297
20230609093058730,6.42,6.45,6.426695869837297
20230609093100490,6.42,6.45,6.426695869837297
20230609093100500,6.42,6.45,6.426695869837297
20230609093100710,6.42,6.45,6.426695869837297
20230609093100720,6.42,6.45,6.426695869837297
20230609093100750,6.42,6.45,6.426695869837297
20230609093101120,6.42,6.45,6.426695869837297
20230609093101190,6.42,6.45,6.426695869837297
20230609093101280,6.42,6.45,6.426695869837297
20230609093101370,6.42,6.45,6.426695869837297
20230609093101560,6.42,6.45,6.426695869837297
20230609093103450,6.42,6.45,6.426451226810293
20230609093103470,6.42,6.45,6.4263976261127596
20230609093103520,6.42,6.45,6.4263976261127596
20230609093103640,6.42,6.45,6.4263976261127596
20230609093103750,6.42,6.45,6.4263976261127596
20230609093103770,6.42,6.45,6.426344908769865
20230609093103970,6.42,6.45,6.426344908769865
20230609093104030,6.42,6.45,6.426344908769865
20230609093104290,6.42,6.45,6.426344908769865
20230609093106270,6.42,6.45,6.426344908769865
20230609093106380,6.42,6.45,6.426344908769865
20230609093106680,6.42,6.45,6.426344908769865
20230609093106720,6.42,6.45,6.426344908769865
20230609093106790,6.42,6.45,6.426344908769865
20230609093106990,6.42,6.45,6.426344908769865
20230609093107010,6.42,6.45,6.426263800116211
20230609093107050,6.42,6.45,6.426263800116211
20230609093108540,6.42,6.45,6.426263800116211
20230609093108570,6.42,6.45,6.426263800116211
20230609093108900,6.42,6.45,6.426263800116211
20230609093108920,6.42,6.45,6.426184738955823
20230609093109400,6.42,6.45,6.426184738955823
20230609093109640,6.42,6.45,6.4261564820102794
20230609093109680,6.42,6.45,6.4260392156862745
20230609093109690,6.42,6.45,6.4260324566312255
20230609093109730,6.42,6.45,6.4260324566312255
20230609093111270,6.42,6.45,6.4260324566312255
20230609093111340,6.42,6.45,6.426063298167684
20230609093112050,6.42,6.45,6.426063298167684
20230609093112160,6.42,6.45,6.426063298167684
20230609093112240,6.42,6.45,6.426063298167684
20230609093112380,6.42,6.45,6.426063298167684
20230609093114180,6.42,6.45,6.426063298167684
20230609093114850,6.42,6.45,6.426063298167684
20230609093116820,6.42,6.45,6.426063298167684
20230609093116880,6.42,6.45,6.426063298167684
20230609093119640,6.42,6.45,6.426063298167684
20230609093120030,6.42,6.45,6.426063298167684
20230609093120170,6.42,6.45,6.426063298167684
20230609093120180,6.42,6.45,6.426063298167684
20230609093120280,6.42,6.42,6.426063298167684
20230609093120380,6.42,6.42,6.426063298167684
20230609093120430,6.42,6.42,6.426063298167684
20230609093120440,6.42,6.42,6.42598013591218
20230609093120470,6.42,6.42,6.42598013591218
20230609093120480,6.42,6.42,6.42598013591218
20230609093120520,6.42,6.42,6.42598013591218
20230609093122010,6.42,6.42,6.42598013591218
20230609093122410,6.42,6.42,6.42598013591218
20230609093122890,6.42,6.42,6.425984334203656
20230609093122930,6.42,6.42,6.425984334203656
20230609093123080,6.42,6.42,6.425984334203656
20230609093123170,6.42,6.42,6.425854156042836
20230609093124970,6.42,6.42,6.425854156042836
20230609093125140,6.42,6.42,6.425854156042836
20230609093125480,6.42,6.42,6.425854156042836
20230609093125880,6.42,6.42,6.425854156042836
20230609093127430,6.42,6.42,6.425854156042836
20230609093127590,6.42,6.42,6.425854156042836
20230609093127670,6.42,6.41,6.425697270471464
20230609093127680,6.42,6.42,6.425671936758893
20230609093127720,6.42,6.42,6.425671936758893
20230609093127740,6.42,6.42,6.425671936758893
20230609093127750,6.42,6.42,6.425671936758893
20230609093127800,6.42,6.42,6.425671936758893
20230609093128010,6.42,6.42,6.425671936758893
20230609093128140,6.42,6.41,6.425671936758893
20230609093128150,6.42,6.41,6.425671936758893
20230609093128190,6.42,6.42,6.425671936758893
20230609093128230,6.42,6.42,6.425671936758893
20230609093130200,6.42,6.42,6.425671936758893
20230609093130300,6.42,6.42,6.425671936758893
20230609093130410,6.42,6.42,6.425735150925024
20230609093130490,6.42,6.42,6.425735150925024
20230609093130600,6.44,6.43,6.42592936802974
20230609093130610,6.44,6.43,6.42592936802974
20230609093130620,6.44,6.43,6.42592936802974
20230609093130690,6.44,6.43,6.425944444444444
20230609093130740,6.44,6.43,6.425944444444444
20230609093130900,6.44,6.43,6.425957544993078
20230609093130920,6.44,6.43,6.425976113918236
20230609093131080,6.44,6.43,6.425976113918236
20230609093131090,6.44,6.43,6.425976113918236
20230609093131110,6.44,6.43,6.425976113918236
20230609093131130,6.44,6.43,6.425976113918236
20230609093131140,6.44,6.43,6.425976113918236
20230609093132970,6.44,6.43,6.425976113918236
20230609093133140,6.44,6.43,6.425976113918236
20230609093133430,6.44,6.43,6.425976113918236
20230609093133780,6.44,6.43,6.425976113918236
20230609093133810,6.44,6.43,6.425976113918236
20230609093135500,6.44,6.43,6.425976113918236
20230609093136310,6.44,6.43,6.425976113918236
20230609093136740,6.44,6.43,6.425976113918236
20230609093138760,6.44,6.43,6.425976113918236
20230609093138870,6.44,6.43,6.425976113918236
20230609093139160,6.44,6.43,6.425976113918236
20230609093141270,6.44,6.43,6.425976113918236
20230609093141400,6.44,6.43,6.425976113918236
20230609093143630,6.44,6.43,6.425976113918236
20230609093143690,6.44,6.43,6.425976113918236
20230609093143730,6.44,6.43,6.425976113918236
20230609093143860,6.44,6.43,6.425976113918236
20230609093144090,6.44,6.43,6.425976113918236
20230609093144300,6.44,6.43,6.425987173614292
20230609093144310,6.44,6.43,6.425987173614292
20230609093146570,6.44,6.43,6.425987173614292
20230609093146740,6.44,6.43,6.426045146726862
20230609093147000,6.44,6.43,6.426045146726862
20230609093147100,6.44,6.43,6.426054054054054
20230609093147490,6.44,6.43,6.426054054054054
20230609093149090,6.44,6.43,6.426055830706889
20230609093149110,6.44,6.43,6.426055830706889
20230609093149420,6.44,6.43,6.426055830706889
20230609093149730,6.44,6.43,6.426110124333926
20230609093149780,6.44,6.43,6.426110124333926
20230609093149800,6.44,6.43,6.426110124333926
20230609093149830,6.44,6.43,6.426111850865513
20230609093149980,6.44,6.43,6.426111850865513
20230609093150010,6.44,6.43,6.426111850865513
20230609093150050,6.44,6.43,6.4261609907120745
20230609093152250,6.44,6.43,6.426336244541485
20230609093152290,6.43,6.43,6.426399141630902
20230609093152300,6.44,6.43,6.4264658803706824
20230609093152330,6.44,6.43,6.4264658803706824
20230609093152340,6.44,6.43,6.4264658803706824
20230609093152360,6.44,6.43,6.4264658803706824
20230609093152510,6.44,6.43,6.4264658803706824
20230609093152520,6.44,6.43,6.4264658803706824
20230609093152550,6.44,6.44,6.426853518821604
20230609093152560,6.44,6.44,6.426853518821604
20230609093152710,6.44,6.44,6.426864268192968
20230609093152730,6.44,6.44,6.426864268192968
20230609093152750,6.44,6.44,6.426869636289334
20230609093152760,6.44,6.44,6.426869636289334
20230609093152780,6.44,6.43,6.426884176182708
20230609093152790,6.44,6.43,6.426884176182708
20230609093152830,6.44,6.43,6.426884176182708
20230609093152840,6.44,6.43,6.426884176182708
20230609093152850,6.44,6.43,6.426884176182708
20230609093152890,6.44,6.43,6.426884176182708
20230609093154430,6.44,6.43,6.426884176182708
20230609093154930,6.44,6.43,6.426884176182708
20230609093155220,6.44,6.43,6.426884176182708
20230609093155260,6.44,6.43,6.426884176182708
20230609093157170,6.43,6.43,6.426884176182708
20230609093157220,6.43,6.43,6.426884176182708
20230609093157230,6.43,6.43,6.426884176182708
20230609093157470,6.43,6.43,6.426884176182708
20230609093157580,6.43,6.43,6.426884176182708
20230609093157620,6.44,6.43,6.426884176182708
20230609093157700,6.44,6.43,6.426884176182708
20230609093157930,6.43,6.43,6.426884176182708
20230609093157990,6.43,6.43,6.426884176182708
20230609093200130,6.43,6.43,6.426888438133874
20230609093200140,6.43,6.43,6.426888438133874
20230609093202800,6.43,6.43,6.426888438133874
20230609093202840,6.43,6.43,6.426888438133874
20230609093203150,6.43,6.43,6.426888438133874
20230609093203380,6.43,6.43,6.426888438133874
20230609093203640,6.43,6.43,6.426888438133874
20230609093203740,6.43,6.43,6.426888438133874
20230609093205580,6.43,6.43,6.426888438133874
20230609093206140,6.43,6.43,6.426888438133874
20230609093208420,6.43,6.43,6.426888438133874
20230609093210730,6.43,6.43,6.426888438133874
20230609093210830,6.43,6.43,6.426888438133874
20230609093210970,6.43,6.43,6.426888438133874
20230609093211040,6.43,6.43,6.426896690879742
20230609093211180,6.43,6.43,6.426912535268037
20230609093213280,6.43,6.43,6.426912535268037
20230609093213450,6.43,6.43,6.426912535268037
20230609093214040,6.43,6.43,6.426912535268037
20230609093214060,6.43,6.43,6.426929859719439
20230609093214120,6.43,6.43,6.426929859719439
20230609093214530,6.43,6.43,6.426942115768463
20230609093216210,6.43,6.43,6.426942115768463
20230609093216530,6.43,6.43,6.426942115768463
20230609093216750,6.43,6.43,6.4270210234034115
20230609093216790,6.43,6.43,6.427051840126633
20230609093216810,6.43,6.43,6.427051840126633
20230609093216830,6.43,6.43,6.427051840126633
20230609093216880,6.43,6.43,6.427051840126633
20230609093216970,6.44,6.43,6.427051840126633
20230609093217020,6.43,6.43,6.427051840126633
20230609093217040,6.43,6.43,6.427051840126633
20230609093217100,6.43,6.43,6.427051840126633
20230609093218870,6.43,6.43,6.427051840126633
20230609093218970,6.43,6.43,6.427051840126633
20230609093219340,6.43,6.43,6.426987577639752
20230609093221810,6.43,6.43,6.426989914662529
20230609093221930,6.43,6.43,6.426989914662529
20230609093221960,6.43,6.43,6.426989914662529
20230609093222070,6.43,6.43,6.426999226604795
20230609093222290,6.43,6.43,6.426999226604795
20230609093222490,6.43,6.43,6.426999226604795
20230609093222580,6.43,6.43,6.427007327419977
20230609093224100,6.43,6.43,6.427007327419977
20230609093224290,6.43,6.43,6.427007327419977
20230609093224480,6.43,6.43,6.427007327419977
20230609093224540,6.43,6.43,6.427007327419977
20230609093224670,6.43,6.43,6.427007327419977
20230609093224780,6.43,6.43,6.427007327419977
20230609093224790,6.43,6.43,6.427007327419977
20230609093225070,6.43,6.43,6.427007327419977
20230609093225340,6.43,6.43,6.427018824433346
20230609093227000,6.43,6.43,6.427018824433346
20230609093227020,6.43,6.43,6.427018824433346
20230609093227040,6.43,6.43,6.427018824433346
20230609093227060,6.43,6.43,6.427
20230609093227170,6.43,6.43,6.427
20230609093227220,6.43,6.43,6.427
20230609093227600,6.43,6.43,6.427
20230609093227760,6.43,6.43,6.427
20230609093227890,6.43,6.43,6.427
20230609093229800,6.43,6.43,6.427
20230609093230110,6.43,6.43,6.426824803884946
20230609093230220,6.43,6.43,6.426824803884946
20230609093230590,6.43,6.43,6.426841322928279
20230609093230600,6.43,6.43,6.426844840386043
20230609093232260,6.43,6.43,6.426844840386043
20230609093232460,6.43,6.43,6.426844840386043
20230609093232480,6.43,6.43,6.426888642249352
20230609093233200,6.43,6.43,6.426888642249352
20230609093233440,6.43,6.43,6.426888642249352
20230609093235200,6.43,6.43,6.426888642249352
20230609093235540,6.43,6.43,6.426888642249352
20230609093237650,6.43,6.43,6.426888642249352
20230609093237950,6.43,6.43,6.426888642249352
20230609093238180,6.43,6.43,6.426888642249352
20230609093238280,6.43,6.43,6.426888642249352
20230609093238660,6.43,6.43,6.426888642249352
20230609093240410,6.43,6.43,6.426888642249352
20230609093240440,6.43,6.43,6.426888642249352
20230609093240460,6.43,6.43,6.426888642249352
20230609093240730,6.43,6.43,6.426888642249352
20230609093241180,6.43,6.43,6.426888642249352
20230609093242980,6.43,6.43,6.427004723534315
20230609093243000,6.43,6.43,6.427004723534315
20230609093243010,6.43,6.43,6.427004723534315
20230609093243020,6.43,6.43,6.427004723534315
20230609093243040,6.43,6.43,6.427004723534315
20230609093243100,6.43,6.43,6.427004723534315
20230609093243750,6.43,6.43,6.427004723534315
20230609093243850,6.43,6.43,6.427004723534315
20230609093246140,6.43,6.43,6.427000833101916
20230609093246270,6.43,6.43,6.427000833101916
20230609093246350,6.43,6.43,6.4269583218327355
20230609093246360,6.43,6.43,6.4269583218327355
20230609093246720,6.43,6.43,6.4269583218327355
20230609093248400,6.43,6.42,6.4269583218327355
20230609093248700,6.43,6.42,6.4269583218327355
20230609093249460,6.42,6.42,6.4269583218327355
20230609093249500,6.42,6.42,6.4269583218327355
20230609093249580,6.42,6.42,6.4269583218327355
20230609093251800,6.42,6.42,6.4269583218327355
20230609093254180,6.42,6.42,6.4269583218327355
20230609093254260,6.42,6.42,6.4269583218327355
20230609093254970,6.42,6.42,6.4269583218327355
20230609093257170,6.42,6.42,6.4269583218327355
20230609093257420,6.42,6.42,6.4269583218327355
20230609093257460,6.42,6.42,6.4269583218327355
20230609093259250,6.42,6.42,6.4269583218327355
20230609093259300,6.42,6.42,6.4269583218327355
20230609093300100,6.42,6.42,6.4269583218327355
20230609093300110,6.42,6.42,6.426907443010162
20230609093300140,6.42,6.42,6.426907443010162
20230609093300270,6.42,6.42,6.426907443010162
20230609093300320,6.42,6.42,6.426907443010162
20230609093300370,6.42,6.42,6.426867831785909
20230609093300440,6.42,6.42,6.426867831785909
20230609093301990,6.42,6.42,6.426867831785909
20230609093302040,6.42,6.42,6.426867831785909
20230609093302120,6.42,6.42,6.426867831785909
20230609093302150,6.42,6.42,6.426867831785909
20230609093302400,6.42,6.42,6.426867831785909
20230609093302720,6.42,6.42,6.426867831785909
20230609093302780,6.42,6.42,6.426609488072903
20230609093302940,6.42,6.42,6.426609488072903
20230609093303000,6.42,6.42,6.426609488072903
20230609093305030,6.42,6.42,6.426609488072903
20230609093305260,6.42,6.42,6.42661311914324
20230609093305310,6.42,6.42,6.42661311914324
20230609093305380,6.42,6.42,6.42661311914324
20230609093305520,6.42,6.42,6.42661311914324
20230609093305770,6.42,6.42,6.42661311914324
20230609093307290,6.42,6.42,6.42661311914324
20230609093308130,6.42,6.42,6.42661311914324
20230609093310390,6.42,6.42,6.42661311914324
20230609093311100,6.42,6.42,6.42661311914324
20230609093311140,6.42,6.42,6.42661311914324
20230609093313240,6.42,6.42,6.42661311914324
20230609093313380,6.42,6.42,6.42661311914324
20230609093313540,6.42,6.42,6.42661311914324
20230609093316030,6.42,6.42,6.42661311914324
20230609093316170,6.42,6.42,6.42661311914324
20230609093316220,6.42,6.42,6.42661311914324
20230609093316490,6.42,6.42,6.42661311914324
20230609093318840,6.42,6.42,6.42661311914324
20230609093318940,6.44,6.42,6.427514298284206
20230609093319010,6.44,6.42,6.427514298284206
20230609093319020,6.44,6.42,6.427514298284206
20230609093319090,6.43,6.42,6.427514298284206
20230609093319100,6.43,6.42,6.427514298284206
20230609093319250,6.43,6.42,6.427514298284206
20230609093321290,6.43,6.42,6.427514298284206
20230609093321560,6.43,6.42,6.427514298284206
20230609093322020,6.43,6.42,6.427514298284206
20230609093323630,6.43,6.42,6.427514298284206
20230609093323880,6.43,6.42,6.427522473141855
20230609093323910,6.43,6.42,6.427484729493892
20230609093324340,6.42,6.42,6.427484729493892
20230609093324400,6.42,6.42,6.427484729493892
20230609093324430,6.42,6.42,6.427484729493892
20230609093326180,6.42,6.42,6.427484729493892
20230609093326590,6.42,6.42,6.427407167530225
20230609093326890,6.42,6.42,6.427407167530225
20230609093327170,6.42,6.42,6.427375322441961
20230609093327330,6.42,6.42,6.427375322441961
20230609093327390,6.42,6.42,6.427364241253488
20230609093330020,6.42,6.42,6.427364241253488
20230609093330120,6.42,6.42,6.427364241253488
20230609093331660,6.42,6.42,6.427364241253488
20230609093332020,6.42,6.42,6.427364241253488
20230609093332100,6.42,6.42,6.427364241253488
20230609093332750,6.42,6.42,6.427364241253488
20230609093334790,6.42,6.42,6.427364241253488
20230609093335000,6.42,6.42,6.427364241253488
20230609093335170,6.42,6.42,6.427364241253488
20230609093335270,6.42,6.42,6.427364241253488
20230609093335520,6.42,6.42,6.427364241253488
20230609093337070,6.42,6.42,6.427364241253488
20230609093340070,6.42,6.42,6.427364241253488
20230609093340090,6.42,6.42,6.427364241253488
20230609093340520,6.42,6.42,6.427364241253488
20230609093343420,6.42,6.42,6.4273307626392455
20230609093343590,6.42,6.42,6.4273307626392455
20230609093345160,6.42,6.42,6.4273307626392455
20230609093345740,6.42,6.42,6.427308515190415
20230609093346120,6.42,6.42,6.427308515190415
20230609093346200,6.42,6.42,6.427308515190415
20230609093347930,6.42,6.42,6.427308515190415
20230609093348270,6.42,6.42,6.427308515190415
20230609093348410,6.42,6.42,6.427308515190415
20230609093348480,6.42,6.42,6.427125317527519
20230609093350590,6.42,6.42,6.427125317527519
20230609093350720,6.42,6.42,6.427125317527519
20230609093351400,6.42,6.42,6.427125317527519
20230609093351530,6.42,6.42,6.427125317527519
20230609093351540,6.42,6.42,6.427125317527519
20230609093351720,6.42,6.42,6.427121693121693
20230609093353520,6.42,6.42,6.427121693121693
20230609093353720,6.42,6.42,6.427121693121693
20230609093353770,6.42,6.41,6.42707471506965
20230609093353790,6.42,6.41,6.42707471506965
20230609093353960,6.42,6.41,6.42707471506965
20230609093355910,6.42,6.41,6.42707471506965
20230609093355990,6.42,6.41,6.42707471506965
20230609093356340,6.42,6.41,6.42707471506965
20230609093356800,6.42,6.41,6.42707471506965
20230609093356840,6.42,6.41,6.42707471506965
20230609093356990,6.42,6.41,6.42674601531774
20230609093357080,6.42,6.41,6.42674601531774
20230609093358600,6.42,6.41,6.42674601531774
20230609093358680,6.42,6.41,6.42674601531774
20230609093359020,6.42,6.41,6.42674601531774
20230609093359050,6.42,6.41,6.42674601531774
20230609093359090,6.42,6.41,6.42674601531774
20230609093359230,6.42,6.41,6.42674601531774
20230609093359520,6.42,6.41,6.42674601531774
20230609093359610,6.42,6.41,6.42674601531774
20230609093359690,6.42,6.41,6.42674601531774
20230609093401320,6.42,6.41,6.42674601531774
20230609093401460,6.42,6.41,6.42674601531774
20230609093402150,6.42,6.41,6.42674601531774
20230609093402200,6.42,6.41,6.426694845360824
20230609093402280,6.42,6.41,6.426694845360824
20230609093402470,6.42,6.41,6.426694845360824
20230609093404100,6.42,6.41,6.426694845360824
20230609093404860,6.42,6.41,6.426470707892595
20230609093404990,6.42,6.41,6.426470707892595
20230609093405190,6.42,6.41,6.42628269115592
20230609093406830,6.42,6.41,6.42628269115592
20230609093407100,6.42,6.41,6.426241570805236
20230609093407250,6.42,6.41,6.426241570805236
20230609093407730,6.42,6.41,6.4261887835703
20230609093409450,6.42,6.41,6.4261887835703
20230609093409800,6.42,6.42,6.4261887835703
20230609093410000,6.42,6.41,6.4261354737666405
20230609093410170,6.42,6.41,6.4261354737666405
20230609093410210,6.42,6.41,6.426125879593433
20230609093410240,6.42,6.41,6.426125879593433
20230609093410280,6.42,6.41,6.426125879593433
20230609093410330,6.42,6.41,6.426122926829268
20230609093410340,6.42,6.41,6.426122926829268
20230609093412340,6.42,6.41,6.426128969413599
20230609093412440,6.42,6.42,6.426128969413599
20230609093412490,6.42,6.42,6.426128969413599
20230609093412840,6.42,6.42,6.426128969413599
20230609093412990,6.42,6.42,6.426128969413599
20230609093415430,6.42,6.42,6.426128969413599
20230609093417850,6.42,6.42,6.426137998056365
20230609093417880,6.42,6.42,6.426137998056365
20230609093418300,6.42,6.42,6.426146237393328
20230609093418430,6.42,6.42,6.426146237393328
20230609093418690,6.42,6.42,6.426146237393328
20230609093420280,6.42,6.42,6.426146237393328
20230609093420690,6.42,6.42,6.426146237393328
20230609093420820,6.42,6.42,6.426146237393328
20230609093421390,6.42,6.42,6.426146237393328
20230609093422860,6.42,6.42,6.426146237393328
20230609093423500,6.42,6.42,6.426146237393328
20230609093423530,6.42,6.42,6.426146237393328
20230609093423600,6.42,6.42,6.426146237393328
20230609093423610,6.42,6.42,6.426146237393328
20230609093423630,6.42,6.42,6.426146237393328
20230609093423730,6.42,6.42,6.426146237393328
20230609093423780,6.42,6.42,6.426146237393328
20230609093423840,6.42,6.42,6.426146237393328
20230609093424060,6.42,6.42,6.426113243761996
20230609093426400,6.42,6.42,6.426113243761996
20230609093429100,6.42,6.42,6.426113243761996
20230609093429130,6.42,6.42,6.426113243761996
20230609093429170,6.42,6.42,6.426113243761996
20230609093429490,6.42,6.42,6.426113243761996
20230609093431360,6.42,6.42,6.426113243761996
20230609093431510,6.42,6.42,6.426113243761996
20230609093431870,6.42,6.42,6.426113243761996
20230609093431910,6.42,6.42,6.426113243761996
20230609093431970,6.42,6.42,6.426113243761996
20230609093432100,6.42,6.42,6.426113243761996
20230609093434070,6.42,6.42,6.426113243761996
20230609093434090,6.42,6.42,6.426113243761996
20230609093434250,6.42,6.42,6.426113243761996
20230609093436630,6.42,6.42,6.426113243761996
20230609093436640,6.42,6.42,6.426113243761996
20230609093436750,6.42,6.42,6.426113243761996
20230609093437080,6.42,6.42,6.426113243761996
20230609093439120,6.42,6.42,6.426113243761996
20230609093439300,6.42,6.42,6.426113243761996
20230609093439380,6.42,6.42,6.426113243761996
20230609093440040,6.42,6.42,6.426113243761996
20230609093440240,6.42,6.42,6.426113243761996
20230609093441770,6.42,6.42,6.426113243761996
20230609093442110,6.42,6.42,6.426113243761996
20230609093442750,6.42,6.42,6.426113243761996
20230609093445170,6.42,6.42,6.426113243761996
20230609093445220,6.42,6.42,6.426113243761996
20230609093449930,6.42,6.42,6.426113243761996
20230609093449970,6.42,6.42,6.426113243761996
20230609093450190,6.42,6.42,6.426113243761996
20230609093450250,6.42,6.42,6.426158513462267
20230609093450950,6.42,6.42,6.426158513462267
20230609093453190,6.42,6.42,6.426158513462267
20230609093453260,6.42,6.42,6.426158513462267
20230609093453310,6.42,6.42,6.426158513462267
20230609093453580,6.42,6.42,6.426158513462267
20230609093453700,6.42,6.42,6.426158513462267
20230609093456180,6.42,6.42,6.426158513462267
20230609093457990,6.42,6.42,6.426158513462267
20230609093458110,6.42,6.42,6.426158513462267
20230609093458200,6.42,6.42,6.426158513462267
20230609093458470,6.42,6.42,6.426158513462267
20230609093459150,6.43,6.42,6.426153558052435
20230609093500660,6.44,6.42,6.42618499257058
20230609093500980,6.44,6.42,6.42618499257058
20230609093501060,6.44,6.42,6.42618499257058
20230609093501070,6.44,6.42,6.42618499257058
20230609093501160,6.44,6.42,6.42618499257058
20230609093501290,6.44,6.42,6.42618499257058
20230609093501390,6.44,6.42,6.42618499257058
20230609093503500,6.43,6.42,6.42618499257058
20230609093503910,6.43,6.42,6.42618499257058
20230609093504060,6.43,6.42,6.42618499257058
20230609093504360,6.43,6.42,6.42618499257058
20230609093504370,6.44,6.42,6.42618499257058
20230609093504380,6.44,6.42,6.42618499257058
20230609093506670,6.44,6.42,6.42618499257058
20230609093507020,6.44,6.42,6.42618499257058
20230609093507130,6.44,6.43,6.42618499257058
20230609093509260,6.44,6.43,6.42618499257058
20230609093509270,6.44,6.43,6.42618499257058
20230609093509740,6.44,6.43,6.42618499257058
20230609093509910,6.44,6.43,6.42618499257058
20230609093511670,6.44,6.43,6.426277001270648
20230609093511770,6.44,6.43,6.426277001270648
20230609093511970,6.44,6.43,6.426277001270648
20230609093512150,6.44,6.43,6.426277001270648
20230609093512490,6.44,6.43,6.426277001270648
20230609093516890,6.44,6.43,6.426277001270648
20230609093516900,6.44,6.43,6.426277001270648
20230609093517030,6.44,6.43,6.426277001270648
20230609093517230,6.44,6.43,6.426277001270648
20230609093517910,6.44,6.43,6.426277001270648
20230609093519850,6.44,6.42,6.426277001270648
20230609093519870,6.44,6.42,6.426277001270648
20230609093519930,6.44,6.42,6.426277001270648
20230609093519950,6.44,6.42,6.426277001270648
20230609093520430,6.44,6.42,6.426277001270648
20230609093520580,6.44,6.42,6.426277001270648
20230609093520600,6.44,6.42,6.426277001270648
20230609093520620,6.44,6.42,6.426277001270648
20230609093520650,6.44,6.42,6.426277001270648
20230609093520730,6.44,6.42,6.426277001270648
20230609093522410,6.43,6.42,6.426277001270648
20230609093523130,6.43,6.42,6.426277001270648
20230609093523150,6.43,6.42,6.426277001270648
20230609093523170,6.43,6.42,6.426342377722242
20230609093523400,6.43,6.42,6.426342377722242
20230609093525300,6.43,6.42,6.426342377722242
20230609093525310,6.43,6.42,6.426327693677649
20230609093525490,6.43,6.42,6.426327693677649
20230609093526150,6.43,6.42,6.426327693677649
20230609093527910,6.43,6.42,6.426327693677649
20230609093528000,6.43,6.42,6.426327693677649
20230609093528220,6.43,6.42,6.426327693677649
20230609093528390,6.43,6.42,6.426327693677649
20230609093528780,6.43,6.42,6.426327693677649
20230609093528870,6.43,6.42,6.426327693677649
20230609093530430,6.43,6.42,6.426327693677649
20230609093530940,6.43,6.42,6.426327693677649
20230609093531060,6.43,6.42,6.426327693677649
20230609093531180,6.43,6.42,6.426327693677649
20230609093531220,6.43,6.42,6.426327693677649
20230609093531480,6.43,6.42,6.426327693677649
20230609093533120,6.43,6.42,6.426327693677649
20230609093533260,6.43,6.42,6.426327693677649
20230609093534190,6.43,6.42,6.426327693677649
20230609093534300,6.43,6.42,6.426327693677649
20230609093536650,6.43,6.42,6.426322226160936
20230609093536660,6.43,6.42,6.426322226160936
20230609093536680,6.43,6.42,6.426322226160936
20230609093536820,6.43,6.42,6.426322226160936
20230609093536840,6.43,6.42,6.426322226160936
20230609093541420,6.43,6.42,6.426322226160936
20230609093541640,6.43,6.42,6.426322226160936
20230609093541740,6.43,6.42,6.426322226160936
20230609093542300,6.43,6.42,6.426332626369742
20230609093544160,6.43,6.42,6.426332626369742
20230609093544230,6.43,6.42,6.426332626369742
20230609093544540,6.43,6.42,6.426332626369742
20230609093544630,6.43,6.42,6.426350158842217
20230609093544920,6.43,6.42,6.426350158842217
20230609093546590,6.43,6.42,6.426350158842217
20230609093546660,6.43,6.42,6.426350158842217
20230609093546860,6.43,6.42,6.426350158842217
20230609093547430,6.43,6.42,6.426350158842217
20230609093547700,6.43,6.43,6.426350158842217
20230609093549260,6.43,6.43,6.426350158842217
20230609093549380,6.43,6.43,6.426350158842217
20230609093549540,6.43,6.43,6.426350158842217
20230609093549580,6.43,6.43,6.426350158842217
20230609093552030,6.43,6.43,6.426350158842217
20230609093552460,6.43,6.43,6.426350158842217
20230609093552870,6.43,6.43,6.426350158842217
20230609093554970,6.43,6.43,6.426350158842217
20230609093557730,6.43,6.43,6.426350158842217
20230609093558400,6.43,6.42,6.426350158842217
20230609093600080,6.43,6.42,6.426350158842217
20230609093600090,6.43,6.43,6.426350158842217
20230609093600130,6.43,6.43,6.426350158842217
20230609093600160,6.43,6.43,6.426350158842217
20230609093600170,6.43,6.43,6.426350158842217
20230609093600490,6.43,6.43,6.426350158842217
20230609093601210,6.43,6.43,6.426350158842217
20230609093601260,6.43,6.43,6.426350158842217
20230609093601280,6.43,6.43,6.426350158842217
20230609093602800,6.43,6.43,6.426350158842217
20230609093602850,6.43,6.43,6.426350158842217
20230609093603050,6.43,6.43,6.426350158842217
20230609093603110,6.43,6.43,6.426350158842217
20230609093603550,6.43,6.43,6.426350158842217
20230609093603580,6.43,6.43,6.426350158842217
20230609093603640,6.43,6.43,6.426350158842217
20230609093605790,6.43,6.43,6.426350158842217
20230609093606090,6.43,6.43,6.426350158842217
20230609093606110,6.43,6.43,6.426350158842217
20230609093606160,6.43,6.43,6.426350158842217
20230609093606240,6.43,6.43,6.426350158842217
20230609093606420,6.43,6.43,6.426350158842217
20230609093606580,6.43,6.43,6.426350158842217
20230609093606720,6.43,6.43,6.426350158842217
20230609093608260,6.43,6.43,6.426350158842217
20230609093608810,6.43,6.43,6.426350158842217
20230609093609020,6.43,6.43,6.426350158842217
20230609093609200,6.43,6.43,6.426350158842217
20230609093609320,6.43,6.43,6.426350158842217
20230609093610970,6.43,6.43,6.426350158842217
20230609093611020,6.43,6.43,6.426350158842217
20230609093611110,6.43,6.43,6.426350158842217
20230609093611130,6.43,6.43,6.426350158842217
20230609093611290,6.43,6.43,6.426350158842217
20230609093613610,6.43,6.43,6.426350158842217
20230609093613640,6.43,6.43,6.426350158842217
20230609093613670,6.43,6.43,6.426350158842217
20230609093613710,6.43,6.43,6.426350158842217
20230609093613860,6.43,6.43,6.426350158842217
20230609093614390,6.43,6.43,6.426350158842217
20230609093614510,6.43,6.43,6.426350158842217
20230609093614660,6.43,6.43,6.426350158842217
20230609093616250,6.43,6.43,6.426350158842217
20230609093616960,6.43,6.43,6.426350158842217
20230609093617350,6.43,6.43,6.426350158842217
20230609093617370,6.43,6.43,6.426350158842217
20230609093617390,6.43,6.43,6.426350158842217
20230609093619100,6.43,6.43,6.426350158842217
20230609093619320,6.43,6.43,6.426350158842217
20230609093619330,6.43,6.43,6.426350158842217
20230609093619370,6.43,6.43,6.426350158842217
20230609093619440,6.43,6.43,6.426350158842217
20230609093619850,6.43,6.43,6.426350158842217
20230609093619880,6.43,6.43,6.426350158842217
20230609093620050,6.43,6.43,6.426350158842217
20230609093620070,6.43,6.43,6.426350158842217
20230609093620190,6.43,6.43,6.426350158842217
20230609093621800,6.43,6.43,6.426350158842217
20230609093622600,6.43,6.43,6.426350158842217
20230609093624580,6.43,6.43,6.426350158842217
20230609093624930,6.43,6.43,6.426350158842217
20230609093624990,6.43,6.43,6.426350158842217
20230609093625130,6.43,6.43,6.426350158842217
20230609093625200,6.43,6.43,6.426410431225499
20230609093627170,6.43,6.43,6.426403882172655
20230609093627650,6.43,6.43,6.426403882172655
20230609093628130,6.43,6.43,6.426403882172655
20230609093630150,6.43,6.43,6.426403882172655
20230609093630560,6.43,6.43,6.426403882172655
20230609093630800,6.43,6.43,6.426403882172655
20230609093632520,6.43,6.43,6.426335916442048
20230609093632530,6.43,6.43,6.426335916442048
20230609093632740,6.43,6.43,6.426333782418323
20230609093632900,6.43,6.43,6.426333782418323
20230609093633050,6.43,6.43,6.426333782418323
20230609093633060,6.43,6.43,6.426333782418323
20230609093633120,6.43,6.43,6.426330584076755
20230609093633130,6.43,6.43,6.426328453642942
20230609093635170,6.43,6.43,6.426328453642942
20230609093635420,6.43,6.42,6.4263513735811815
20230609093635820,6.43,6.42,6.4263513735811815
20230609093635960,6.43,6.42,6.4263513735811815
20230609093636140,6.43,6.42,6.4263513735811815
20230609093637950,6.43,6.42,6.4263513735811815
20230609093638140,6.43,6.42,6.4263513735811815
20230609093638270,6.43,6.42,6.4263513735811815
20230609093638590,6.43,6.42,6.4263513735811815
20230609093638780,6.43,6.42,6.4263513735811815
20230609093640630,6.43,6.42,6.4263513735811815
20230609093640680,6.43,6.42,6.4263513735811815
20230609093640690,6.43,6.42,6.4263513735811815
20230609093640710,6.43,6.42,6.4263513735811815
20230609093640770,6.43,6.42,6.4262639676113364
20230609093640800,6.43,6.42,6.4262639676113364
20230609093641490,6.43,6.42,6.4262639676113364
20230609093641690,6.43,6.42,6.4262639676113364
20230609093641740,6.43,6.42,6.4262639676113364
20230609093644190,6.43,6.42,6.426268801552644
20230609093644300,6.43,6.42,6.426268801552644
20230609093644390,6.43,6.42,6.426268801552644
20230609093646110,6.43,6.42,6.426268801552644
20230609093646440,6.43,6.42,6.426258679153883
20230609093649030,6.43,6.42,6.426258679153883
20230609093649050,6.43,6.42,6.426258679153883
20230609093649360,6.43,6.42,6.426267719072165
20230609093651390,6.43,6.42,6.426267719072165
20230609093651800,6.43,6.42,6.426267719072165
20230609093652080,6.43,6.42,6.426267719072165
20230609093652530,6.43,6.42,6.426267719072165
20230609093654290,6.43,6.42,6.426267719072165
20230609093654330,6.43,6.42,6.426267719072165
20230609093654390,6.43,6.42,6.426267719072165
20230609093654970,6.43,6.42,6.426267719072165
20230609093655260,6.43,6.42,6.426243581514763
20230609093656890,6.43,6.42,6.4262375761462005
20230609093657030,6.43,6.42,6.4262375761462005
20230609093657050,6.43,6.42,6.4262375761462005
20230609093657080,6.43,6.42,6.4262375761462005
20230609093657200,6.43,6.42,6.426211685823755
20230609093657220,6.43,6.42,6.426211685823755
20230609093657360,6.43,6.42,6.426211685823755
20230609093657410,6.43,6.42,6.426211685823755
20230609093657680,6.43,6.42,6.426211685823755
20230609093657730,6.43,6.42,6.426211685823755
20230609093657760,6.43,6.42,6.42620673153613
20230609093657780,6.43,6.42,6.42620673153613
20230609093657840,6.43,6.42,6.42620673153613
20230609093659450,6.43,6.42,6.42620673153613
20230609093659920,6.43,6.42,6.42620673153613
20230609093659960,6.43,6.42,6.426205741626794
20230609093702710,6.43,6.42,6.426205741626794
20230609093702760,6.43,6.42,6.426205741626794
20230609093702930,6.43,6.42,6.426205741626794
20230609093705340,6.43,6.42,6.4262081606630534
20230609093705420,6.43,6.42,6.4262081606630534
20230609093707730,6.43,6.42,6.4262081606630534
20230609093707860,6.43,6.42,6.426226205583756
20230609093708330,6.43,6.42,6.426226205583756
20230609093711490,6.43,6.42,6.426212503946953
20230609093713130,6.43,6.42,6.426212503946953
20230609093713850,6.43,6.42,6.426212503946953
20230609093714010,6.43,6.42,6.426212503946953
20230609093715970,6.43,6.42,6.426212503946953
20230609093716240,6.43,6.42,6.426212503946953
20230609093716250,6.43,6.42,6.426212503946953
20230609093716530,6.43,6.42,6.426212503946953
20230609093716740,6.43,6.42,6.426212503946953
20230609093716890,6.43,6.42,6.426216514339742
20230609093718370,6.43,6.42,6.426216514339742
20230609093718580,6.43,6.42,6.426216514339742
20230609093719420,6.43,6.42,6.426216514339742
20230609093721240,6.43,6.42,6.426170811825434
20230609093721260,6.43,6.42,6.42610964844355
20230609093721630,6.43,6.42,6.42610397648151
20230609093722270,6.43,6.42,6.42610397648151
20230609093724090,6.43,6.42,6.42610397648151
20230609093724120,6.43,6.42,6.42610397648151
20230609093724470,6.43,6.42,6.42610397648151
20230609093724590,6.43,6.42,6.42610397648151
20230609093724840,6.43,6.42,6.42610397648151
20230609093726880,6.43,6.42,6.42610397648151
20230609093726940,6.43,6.42,6.42610397648151
20230609093727220,6.43,6.42,6.42610397648151
20230609093727260,6.43,6.42,6.42610397648151
20230609093727710,6.43,6.42,6.426106695200245
20230609093732810,6.43,6.42,6.426106695200245
20230609093732850,6.43,6.42,6.426106695200245
20230609093733020,6.43,6.42,6.426106695200245
20230609093735370,6.43,6.42,6.426107290233838
20230609093735690,6.43,6.42,6.426107290233838
20230609093735720,6.43,6.42,6.426110016669193
20230609093737830,6.43,6.42,6.426110016669193
20230609093737910,6.43,6.42,6.426110016669193
20230609093738380,6.43,6.42,6.426110016669193
20230609093740670,6.43,6.42,6.426110016669193
20230609093740810,6.43,6.42,6.426110016669193
20230609093742650,6.43,6.42,6.426110016669193
20230609093742710,6.43,6.42,6.426110016669193
20230609093742940,6.43,6.42,6.426110016669193
20230609093743480,6.43,6.42,6.426110016669193
20230609093743580,6.43,6.42,6.426110016669193
20230609093746130,6.43,6.42,6.426110016669193
20230609093746380,6.43,6.42,6.426110016669193
20230609093748460,6.43,6.42,6.426110016669193
20230609093750790,6.43,6.42,6.426028400597907
20230609093751630,6.43,6.42,6.426004168527617
20230609093754600,6.43,6.42,6.426004168527617
20230609093756310,6.43,6.42,6.426007140731925
20230609093756370,6.43,6.42,6.426005939123979
20230609093757320,6.43,6.42,6.426005939123979
20230609093759540,6.43,6.42,6.42601422432953
20230609093759590,6.43,6.42,6.426007103744265
20230609093801550,6.43,6.42,6.426015948021264
20230609093802040,6.43,6.42,6.426015948021264
20230609093802210,6.43,6.42,6.4259806224310045
20230609093802290,6.43,6.42,6.4259806224310045
20230609093804340,6.43,6.42,6.4259806224310045
20230609093804650,6.43,6.42,6.4259806224310045
20230609093804930,6.43,6.42,6.4259806224310045
20230609093805200,6.43,6.42,6.4259806224310045
20230609093807050,6.43,6.42,6.4259806224310045
20230609093807170,6.43,6.42,6.425984748496847
20230609093808140,6.43,6.42,6.425984748496847
20230609093809900,6.43,6.42,6.425989453639959
20230609093809980,6.43,6.42,6.425989453639959
20230609093810870,6.43,6.42,6.425989453639959
20230609093812420,6.43,6.42,6.425923732485916
20230609093815320,6.43,6.42,6.425923732485916
20230609093815380,6.43,6.42,6.425923732485916
20230609093815430,6.43,6.42,6.425923732485916
20230609093815750,6.43,6.42,6.425923732485916
20230609093816060,6.43,6.42,6.425923732485916
20230609093816070,6.43,6.42,6.425923732485916
20230609093816100,6.43,6.42,6.425923732485916
20230609093816120,6.43,6.42,6.425923732485916
20230609093816150,6.43,6.42,6.425923732485916
20230609093817910,6.43,6.42,6.425923732485916
20230609093818260,6.43,6.42,6.425923732485916
20230609093818970,6.43,6.42,6.42585805535841
20230609093818990,6.43,6.42,6.42585805535841
20230609093820910,6.43,6.42,6.42585805535841
20230609093821140,6.43,6.42,6.42585805535841
20230609093821370,6.43,6.42,6.42585805535841
20230609093821390,6.43,6.42,6.42585805535841
20230609093821490,6.43,6.42,6.42585805535841
20230609093821500,6.43,6.42,6.42585805535841
20230609093823900,6.43,6.42,6.42585805535841
20230609093829660,6.43,6.42,6.425837799717913
20230609093831680,6.43,6.42,6.425837799717913
20230609093831690,6.43,6.42,6.425837799717913
20230609093831730,6.43,6.42,6.425837799717913
20230609093831890,6.43,6.42,6.425837799717913
20230609093832210,6.43,6.42,6.425837799717913
20230609093832390,6.43,6.42,6.425837799717913
20230609093832490,6.43,6.42,6.425837799717913
20230609093835020,6.43,6.42,6.425837799717913
20230609093835120,6.43,6.42,6.425837799717913
20230609093837420,6.43,6.42,6.425837799717913
20230609093837440,6.43,6.42,6.425837799717913
20230609093840130,6.43,6.42,6.425837799717913
20230609093840250,6.43,6.42,6.425837799717913
20230609093843130,6.43,6.42,6.425837799717913
20230609093845770,6.43,6.42,6.425837799717913
20230609093845900,6.43,6.42,6.425837799717913
20230609093848100,6.43,6.42,6.425837799717913
20230609093850190,6.43,6.42,6.425837799717913
20230609093850880,6.43,6.42,6.425837799717913
20230609093850910,6.43,6.42,6.425837799717913
20230609093851140,6.43,6.42,6.425837799717913
20230609093851260,6.43,6.42,6.425837799717913
20230609093852870,6.43,6.42,6.425837799717913
20230609093853080,6.43,6.42,6.425837799717913
20230609093853650,6.43,6.42,6.425837799717913
20230609093855880,6.43,6.42,6.425837799717913
20230609093855990,6.43,6.42,6.425837799717913
20230609093858520,6.43,6.42,6.425837799717913
20230609093859340,6.43,6.42,6.425837799717913
20230609093859500,6.43,6.42,6.425837799717913
20230609093901080,6.43,6.42,6.425837799717913
20230609093901220,6.43,6.42,6.425837799717913
20230609093903760,6.43,6.42,6.425837799717913
20230609093904110,6.43,6.42,6.425837799717913
20230609093906380,6.43,6.42,6.425837799717913
20230609093906810,6.43,6.42,6.425837799717913
20230609093911920,6.43,6.42,6.425815916955017
20230609093912100,6.43,6.42,6.425815916955017
20230609093912290,6.43,6.42,6.425815916955017
20230609093912620,6.43,6.42,6.425815916955017
20230609093914970,6.43,6.42,6.425815916955017
20230609093915610,6.43,6.42,6.425815916955017
20230609093915630,6.43,6.42,6.425815916955017
20230609093917300,6.43,6.42,6.425815916955017
20230609093917440,6.43,6.42,6.425816298342541
20230609093920120,6.43,6.42,6.425816298342541
20230609093920550,6.43,6.42,6.425816298342541
20230609093922590,6.43,6.42,6.425816298342541
20230609093922640,6.43,6.42,6.425835853725598
20230609093923110,6.43,6.42,6.425835853725598
20230609093923260,6.43,6.42,6.425835853725598
20230609093923430,6.43,6.42,6.425835853725598
20230609093923480,6.43,6.42,6.425835853725598
20230609093923490,6.43,6.42,6.425835853725598
20230609093923560,6.43,6.42,6.425835853725598
20230609093923780,6.43,6.42,6.425835853725598
20230609093925560,6.43,6.42,6.425835853725598
20230609093925590,6.43,6.42,6.425835853725598
20230609093925620,6.43,6.42,6.425835853725598
20230609093926100,6.43,6.42,6.425835853725598
20230609093926200,6.43,6.42,6.425971703150027
20230609093926390,6.43,6.42,6.425971703150027
20230609093929020,6.43,6.42,6.425971703150027
20230609093929030,6.43,6.42,6.425973315543696
20230609093930710,6.43,6.43,6.425973315543696
20230609093930740,6.43,6.43,6.425973315543696
20230609093930750,6.43,6.43,6.425973315543696
20230609093930810,6.43,6.43,6.425973315543696
20230609093930850,6.43,6.43,6.425973315543696
20230609093931550,6.43,6.43,6.42599494210036
20230609093931810,6.43,6.43,6.42599494210036
20230609093933340,6.43,6.43,6.42599494210036
20230609093933830,6.43,6.43,6.426007978723404
20230609093933990,6.43,6.43,6.426007978723404
20230609093934020,6.43,6.43,6.426007978723404
20230609093936200,6.43,6.43,6.426007978723404
20230609093938860,6.43,6.43,6.426007978723404
20230609093938950,6.43,6.43,6.426007978723404
20230609093939280,6.43,6.43,6.426007978723404
20230609093939730,6.43,6.43,6.426007978723404
20230609093939820,6.43,6.43,6.426007978723404
20230609093941830,6.43,6.43,6.426007978723404
20230609093942020,6.43,6.43,6.426007978723404
20230609093942030,6.43,6.43,6.426007978723404
20230609093944540,6.43,6.43,6.426007978723404
20230609093944590,6.43,6.43,6.426007978723404
20230609093944660,6.43,6.43,6.426007978723404
20230609093945140,6.43,6.43,6.426051903570017
20230609093947580,6.43,6.43,6.426056578947368
20230609093949680,6.43,6.43,6.426056578947368
20230609093949770,6.43,6.43,6.426056578947368
20230609093949960,6.43,6.43,6.426056578947368
20230609093950230,6.43,6.43,6.426056578947368
20230609093950640,6.43,6.43,6.426056578947368
20230609093950670,6.43,6.43,6.426072083879423
20230609093953130,6.43,6.43,6.426077557971964
20230609093953170,6.43,6.43,6.42608667190364
20230609093953360,6.43,6.43,6.42608667190364
20230609093955120,6.43,6.43,6.42608667190364
20230609093955920,6.43,6.43,6.42608667190364
20230609093957850,6.43,6.43,6.42608667190364
20230609093957870,6.43,6.43,6.42608667190364
20230609093958070,6.43,6.43,6.42608667190364
20230609093958440,6.43,6.43,6.42608667190364
20230609093958490,6.43,6.43,6.426104864016736
20230609093958550,6.43,6.43,6.426126631853786
20230609093958590,6.43,6.43,6.426155549765503
20230609093958840,6.43,6.43,6.4261591560302165
20230609094000400,6.43,6.43,6.4261591560302165
20230609094000590,6.43,6.43,6.4261591560302165
20230609094001130,6.43,6.43,6.4261591560302165
20230609094001160,6.43,6.43,6.4261591560302165
20230609094001250,6.43,6.43,6.4261591560302165
20230609094001300,6.43,6.43,6.4261591560302165
20230609094003290,6.43,6.43,6.426168163477808
20230609094003300,6.43,6.43,6.426168163477808
20230609094003350,6.43,6.43,6.426186143247108
20230609094003780,6.43,6.43,6.426186143247108
20230609094006880,6.43,6.43,6.426186143247108
20230609094008730,6.43,6.43,6.426186143247108
20230609094008740,6.43,6.43,6.426186143247108
20230609094008830,6.43,6.43,6.426186143247108
20230609094008920,6.43,6.43,6.426186143247108
20230609094008940,6.43,6.43,6.426186143247108
20230609094009360,6.43,6.43,6.426186143247108
20230609094011770,6.43,6.43,6.426186143247108
20230609094014630,6.43,6.43,6.426186143247108
20230609094014710,6.43,6.43,6.426186143247108
20230609094015030,6.43,6.43,6.426186143247108
20230609094015080,6.43,6.43,6.42619356512714
20230609094017050,6.43,6.43,6.42619356512714
20230609094017340,6.43,6.43,6.42619356512714
20230609094017450,6.43,6.43,6.42619356512714
20230609094017580,6.43,6.43,6.42619356512714
20230609094019610,6.43,6.43,6.426216811293874
20230609094019860,6.43,6.43,6.426216811293874
20230609094020050,6.43,6.43,6.426216811293874
20230609094020070,6.44,6.43,6.42698385518591
20230609094020140,6.44,6.43,6.427147335423197
20230609094020410,6.44,6.43,6.427147335423197
20230609094022060,6.44,6.43,6.427147335423197
20230609094022180,6.44,6.43,6.427147335423197
20230609094022430,6.44,6.43,6.427147335423197
20230609094022820,6.44,6.43,6.427147335423197
20230609094022970,6.44,6.43,6.427147335423197
20230609094024920,6.44,6.43,6.427147335423197
20230609094025060,6.45,6.43,6.427147335423197
20230609094025080,6.44,6.43,6.427147335423197
20230609094025090,6.44,6.43,6.427147335423197
20230609094025130,6.45,6.43,6.427729885057471
20230609094025170,6.44,6.43,6.427729885057471
20230609094025180,6.44,6.43,6.427729885057471
20230609094025410,6.44,6.43,6.427730406803033
20230609094025600,6.44,6.43,6.427730406803033
20230609094027360,6.44,6.43,6.427730406803033
20230609094027490,6.44,6.43,6.427730406803033
20230609094027560,6.44,6.43,6.427730406803033
20230609094027730,6.44,6.43,6.427730406803033
20230609094028300,6.44,6.43,6.427730406803033
20230609094030520,6.44,6.43,6.427730406803033
20230609094030550,6.44,6.43,6.427730406803033
20230609094030900,6.44,6.43,6.4278005027422305
20230609094033560,6.44,6.43,6.4278005027422305
20230609094033920,6.44,6.43,6.4278005027422305
20230609094033950,6.44,6.43,6.4278005027422305
20230609094035710,6.44,6.43,6.4278615279672575
20230609094035880,6.44,6.43,6.427904665085282
20230609094035990,6.44,6.43,6.427904665085282
20230609094036040,6.44,6.43,6.427904665085282
20230609094036360,6.44,6.43,6.427904665085282
20230609094038760,6.44,6.43,6.427904665085282
20230609094038810,6.44,6.43,6.427904665085282
20230609094038860,6.44,6.43,6.427904665085282
20230609094039010,6.44,6.43,6.427904665085282
20230609094041160,6.44,6.43,6.427904665085282
20230609094041630,6.44,6.43,6.427904665085282
20230609094041710,6.44,6.43,6.427904665085282
20230609094042060,6.44,6.43,6.427914089733498
20230609094043990,6.44,6.43,6.427914089733498
20230609094044030,6.44,6.43,6.427914089733498
20230609094044080,6.44,6.43,6.427914089733498
20230609094044410,6.44,6.43,6.427914089733498
20230609094044580,6.44,6.43,6.427914089733498
20230609094046430,6.44,6.43,6.427914089733498
20230609094046950,6.44,6.43,6.427914089733498
20230609094047440,6.44,6.43,6.427914089733498
20230609094049610,6.44,6.43,6.427914089733498
20230609094051890,6.44,6.43,6.427914089733498
20230609094052690,6.44,6.43,6.427991734614096
20230609094052880,6.44,6.43,6.42799709724238
20230609094054470,6.44,6.43,6.42799709724238
20230609094055550,6.44,6.43,6.42799709724238
20230609094057120,6.44,6.43,6.42799709724238
20230609094057160,6.44,6.43,6.42799709724238
20230609094059750,6.44,6.43,6.42799709724238
20230609094100940,6.44,6.43,6.42799709724238
20230609094102700,6.44,6.43,6.428101657458564
20230609094102710,6.44,6.43,6.428109540636043
20230609094102770,6.44,6.43,6.428109540636043
20230609094102970,6.44,6.43,6.428109540636043
20230609094103190,6.44,6.43,6.428121345835631
20230609094103220,6.44,6.43,6.428121345835631
20230609094105180,6.44,6.43,6.428137049686019
20230609094105330,6.44,6.43,6.428137049686019
20230609094105430,6.44,6.43,6.428137049686019
20230609094105480,6.44,6.43,6.428137049686019
20230609094105710,6.44,6.44,6.4281813192843815
20230609094105720,6.44,6.43,6.428295652173913
20230609094105810,6.44,6.43,6.428295652173913
20230609094105870,6.44,6.43,6.428295652173913
20230609094105900,6.44,6.43,6.428295652173913
20230609094106040,6.44,6.43,6.428295652173913
20230609094106080,6.44,6.43,6.428295652173913
20230609094108290,6.44,6.43,6.428295652173913
20230609094108430,6.44,6.43,6.428295652173913
20230609094110610,6.44,6.43,6.428295652173913
20230609094110630,6.44,6.43,6.428295652173913
20230609094111220,6.44,6.43,6.428295652173913
20230609094111470,6.44,6.43,6.428336221837088
20230609094113450,6.44,6.43,6.428336221837088
20230609094113750,6.44,6.43,6.428336221837088
20230609094114070,6.44,6.43,6.428336221837088
20230609094114170,6.44,6.43,6.428336221837088
20230609094114330,6.44,6.43,6.428336221837088
20230609094116070,6.44,6.43,6.428336221837088
20230609094116300,6.44,6.43,6.428336221837088
20230609094118630,6.44,6.43,6.428336221837088
20230609094119440,6.44,6.43,6.428336221837088
20230609094119540,6.44,6.43,6.428336221837088
20230609094119880,6.44,6.43,6.428336221837088
20230609094121430,6.44,6.43,6.428336221837088
20230609094121750,6.44,6.43,6.428336221837088
20230609094121760,6.44,6.43,6.428336221837088
20230609094121800,6.44,6.43,6.428336221837088
20230609094121980,6.44,6.43,6.428336221837088
20230609094122030,6.44,6.43,6.428336221837088
20230609094122510,6.44,6.43,6.428353042356482
20230609094124200,6.44,6.43,6.428353042356482
20230609094124510,6.44,6.43,6.428353042356482
20230609094125010,6.44,6.43,6.428353042356482
20230609094125250,6.44,6.43,6.428353042356482
20230609094126830,6.44,6.43,6.428353042356482
20230609094127020,6.44,6.43,6.428353042356482
20230609094127260,6.44,6.43,6.428353042356482
20230609094127410,6.44,6.43,6.428353042356482
20230609094129940,6.44,6.43,6.428353042356482
20230609094130000,6.44,6.43,6.428353042356482
20230609094130110,6.44,6.43,6.428353042356482
20230609094130120,6.44,6.43,6.428353042356482
20230609094130450,6.44,6.43,6.428353042356482
20230609094130570,6.44,6.43,6.428353042356482
20230609094130630,6.44,6.43,6.428353042356482
20230609094132310,6.44,6.43,6.428353042356482
20230609094132960,6.44,6.43,6.428353042356482
20230609094133160,6.44,6.43,6.428353042356482
20230609094133230,6.44,6.43,6.428353042356482
20230609094135180,6.44,6.43,6.428353042356482
20230609094135670,6.44,6.43,6.4284142429426865
20230609094137970,6.44,6.43,6.4284142429426865
20230609094138280,6.44,6.43,6.4284142429426865
20230609094140300,6.44,6.43,6.4284142429426865
20230609094140590,6.44,6.43,6.4284142429426865
20230609094140950,6.44,6.43,6.428415481663637
20230609094141080,6.44,6.43,6.428415481663637
20230609094146070,6.44,6.43,6.428415481663637
20230609094148440,6.44,6.43,6.428415481663637
20230609094151560,6.44,6.43,6.428415481663637
20230609094151940,6.44,6.43,6.428415481663637
20230609094152070,6.44,6.43,6.428415481663637
20230609094152100,6.44,6.43,6.428415481663637
20230609094152220,6.44,6.43,6.428415481663637
20230609094154040,6.44,6.43,6.428415481663637
20230609094154570,6.44,6.43,6.428415481663637
20230609094154860,6.44,6.43,6.428415481663637
20230609094154880,6.44,6.43,6.428415481663637
20230609094154900,6.44,6.43,6.428415481663637
20230609094156540,6.44,6.43,6.42844196804037
20230609094156980,6.44,6.43,6.428442950199622
20230609094157320,6.44,6.43,6.428442950199622
20230609094159200,6.44,6.43,6.428442950199622
20230609094159260,6.43,6.43,6.428442950199622
20230609094159580,6.43,6.43,6.428442950199622
20230609094159600,6.43,6.43,6.428442950199622
20230609094200110,6.43,6.43,6.428442950199622
20230609094200370,6.43,6.43,6.428442950199622
20230609094202190,6.44,6.43,6.428442950199622
20230609094202240,6.44,6.43,6.428442950199622
20230609094202400,6.44,6.43,6.428442950199622
20230609094202850,6.44,6.43,6.428457540796175
20230609094202920,6.43,6.43,6.428457540796175
20230609094202970,6.43,6.43,6.428457540796175
20230609094203050,6.43,6.43,6.428457540796175
20230609094205700,6.43,6.43,6.428457540796175
20230609094207670,6.43,6.43,6.428457540796175
20230609094208170,6.43,6.43,6.428457540796175
20230609094208320,6.43,6.43,6.428457540796175
20230609094210520,6.43,6.43,6.428453640323585
20230609094211000,6.43,6.43,6.428453640323585
20230609094211030,6.43,6.43,6.428453640323585
20230609094211070,6.43,6.43,6.428453640323585
20230609094211090,6.43,6.43,6.428453640323585
20230609094211100,6.43,6.43,6.428453640323585
20230609094211150,6.43,6.43,6.428453640323585
20230609094212690,6.44,6.43,6.428525368410642
20230609094212720,6.44,6.43,6.428525368410642
20230609094212760,6.44,6.43,6.428527116467451
20230609094212770,6.43,6.43,6.428532769139933
20230609094212780,6.43,6.43,6.428532769139933
20230609094212850,6.43,6.43,6.428532769139933
20230609094213250,6.43,6.43,6.428532769139933
20230609094213290,6.43,6.43,6.428532769139933
20230609094213490,6.43,6.43,6.428532769139933
20230609094213600,6.43,6.43,6.428537231433337
20230609094213610,6.43,6.43,6.428537231433337
20230609094215650,6.43,6.43,6.428541095890411
20230609094215970,6.43,6.43,6.428541095890411
20230609094216310,6.43,6.43,6.428541095890411
20230609094216360,6.43,6.43,6.428541095890411
20230609094218500,6.43,6.43,6.428541095890411
20230609094219000,6.43,6.43,6.428541095890411
20230609094220760,6.43,6.43,6.428541095890411
20230609094221320,6.43,6.43,6.428541095890411
20230609094221480,6.43,6.43,6.428541095890411
20230609094221520,6.43,6.43,6.428541095890411
20230609094223650,6.43,6.43,6.428541095890411
20230609094226760,6.43,6.43,6.428541095890411
20230609094227020,6.43,6.43,6.428541095890411
20230609094227070,6.43,6.43,6.4285414018965685
20230609094229310,6.43,6.43,6.4285414018965685
20230609094229350,6.43,6.43,6.428516424602788
20230609094229780,6.43,6.43,6.428516424602788
20230609094230070,6.43,6.43,6.428516424602788
20230609094231600,6.43,6.43,6.428516424602788
20230609094231760,6.43,6.43,6.428516424602788
20230609094234550,6.43,6.43,6.428510617572569
20230609094234650,6.43,6.43,6.428510617572569
20230609094237200,6.43,6.43,6.428515678089506
20230609094237230,6.43,6.43,6.428515678089506
20230609094237560,6.43,6.43,6.428515678089506
20230609094237810,6.43,6.43,6.428509069744883
20230609094238140,6.43,6.43,6.428509069744883
20230609094242920,6.43,6.43,6.428509069744883
20230609094242930,6.43,6.43,6.428509069744883
20230609094242960,6.43,6.43,6.428509069744883
20230609094243390,6.43,6.43,6.428509069744883
20230609094243420,6.43,6.43,6.428509069744883
20230609094246210,6.43,6.43,6.428496706702829
20230609094248410,6.43,6.43,6.428496706702829
20230609094248490,6.43,6.43,6.428496706702829
20230609094248970,6.43,6.43,6.428496706702829
20230609094250670,6.43,6.43,6.428496706702829
20230609094251660,6.43,6.43,6.428496706702829
20230609094253440,6.43,6.43,6.428496706702829
20230609094253590,6.43,6.43,6.4284950610110405
20230609094253610,6.43,6.43,6.4284950610110405
20230609094254290,6.43,6.43,6.4284950610110405
20230609094254320,6.43,6.43,6.4284950610110405
20230609094256010,6.43,6.43,6.428490949569258
20230609094256040,6.43,6.43,6.428490949569258
20230609094258610,6.43,6.43,6.428490949569258
20230609094258680,6.43,6.43,6.428486021089291
20230609094259110,6.43,6.43,6.428459016393442
20230609094259400,6.43,6.43,6.428459016393442
20230609094301300,6.43,6.43,6.428459016393442
20230609094301470,6.43,6.43,6.428459016393442
20230609094302430,6.43,6.43,6.428459016393442
20230609094303940,6.43,6.43,6.428459016393442
20230609094304250,6.43,6.43,6.428459016393442
20230609094304320,6.43,6.43,6.428459016393442
20230609094304730,6.43,6.43,6.428459016393442
20230609094304820,6.43,6.43,6.428459016393442
20230609094306800,6.43,6.43,6.428459016393442
20230609094307010,6.43,6.43,6.428459016393442
20230609094307430,6.43,6.43,6.428458819033059
20230609094312160,6.43,6.43,6.428458819033059
20230609094312220,6.43,6.43,6.428458819033059
20230609094312310,6.43,6.43,6.428458819033059
20230609094312380,6.43,6.43,6.428458819033059
20230609094312630,6.43,6.43,6.428458819033059
20230609094313120,6.43,6.43,6.428465563165906
20230609094313210,6.43,6.43,6.428465563165906
20230609094315130,6.43,6.43,6.428470365101944
20230609094315180,6.43,6.43,6.428470365101944
20230609094315200,6.43,6.43,6.428470365101944
20230609094315320,6.43,6.43,6.428471524684924
20230609094315730,6.43,6.43,6.428471524684924
20230609094315910,6.43,6.43,6.428471524684924
20230609094317710,6.43,6.43,6.428471524684924
20230609094317800,6.43,6.43,6.428471524684924
20230609094317810,6.43,6.43,6.428471669509191
20230609094317900,6.43,6.43,6.428472537878788
20230609094318100,6.43,6.43,6.428473549730293
20230609094318260,6.43,6.43,6.428473549730293
20230609094318450,6.43,6.43,6.428480452190297
20230609094320580,6.43,6.43,6.428480452190297
20230609094320820,6.43,6.43,6.428480452190297
20230609094320900,6.43,6.43,6.428480452190297
20230609094320960,6.43,6.43,6.428480452190297
20230609094321140,6.43,6.43,6.428480452190297
20230609094321170,6.43,6.43,6.428480452190297
20230609094321300,6.43,6.43,6.428480452190297
20230609094323490,6.43,6.43,6.428480452190297
20230609094323700,6.43,6.43,6.428480452190297
20230609094326010,6.43,6.43,6.428489983149223
20230609094326030,6.43,6.43,6.428489983149223
20230609094328860,6.43,6.43,6.428489983149223
20230609094329190,6.43,6.43,6.428489983149223
20230609094331570,6.43,6.43,6.428489983149223
20230609094331930,6.43,6.43,6.428463762708702
20230609094334640,6.43,6.43,6.428463762708702
20230609094336490,6.43,6.43,6.428463762708702
20230609094336730,6.43,6.43,6.428463762708702
20230609094336880,6.43,6.43,6.428463762708702
20230609094339350,6.43,6.43,6.428463762708702
20230609094339500,6.43,6.43,6.428463762708702
20230609094339510,6.43,6.43,6.428463762708702
20230609094339520,6.43,6.43,6.428463762708702
20230609094339530,6.43,6.43,6.428463762708702
20230609094340110,6.43,6.43,6.428463762708702
20230609094340120,6.43,6.43,6.428463762708702
20230609094340240,6.43,6.43,6.428463762708702
20230609094341850,6.43,6.43,6.428463762708702
20230609094342470,6.43,6.43,6.428463762708702
20230609094344910,6.43,6.43,6.428464478836472
20230609094345040,6.43,6.43,6.428464478836472
20230609094345170,6.43,6.43,6.428464478836472
20230609094348290,6.43,6.43,6.428464478836472
20230609094349970,6.43,6.43,6.428464478836472
20230609094350200,6.43,6.43,6.428464478836472
20230609094350410,6.43,6.43,6.4284631873252565
20230609094350420,6.43,6.43,6.4284631873252565
20230609094352510,6.43,6.43,6.4284631873252565
20230609094352750,6.43,6.43,6.4284631873252565
20230609094353020,6.43,6.43,6.4284631873252565
20230609094353120,6.43,6.43,6.42845845752608
20230609094353140,6.43,6.43,6.42845845752608
20230609094353230,6.43,6.43,6.42845845752608
20230609094353590,6.43,6.43,6.42845845752608
20230609094353620,6.43,6.43,6.42845845752608
20230609094358410,6.43,6.43,6.428457669740151
20230609094358580,6.43,6.43,6.428435671156525
20230609094401400,6.43,6.43,6.428435671156525
20230609094403600,6.43,6.43,6.428435671156525
20230609094403840,6.43,6.43,6.428435671156525
20230609094403870,6.43,6.43,6.428435671156525
20230609094403970,6.43,6.43,6.428435671156525
20230609094406050,6.43,6.43,6.428435671156525
20230609094406060,6.43,6.43,6.428435671156525
20230609094406160,6.43,6.43,6.428435671156525
20230609094406590,6.43,6.43,6.428435671156525
20230609094409940,6.43,6.43,6.428435671156525
20230609094411650,6.43,6.43,6.428435671156525
20230609094411680,6.43,6.43,6.428435671156525
20230609094411770,6.43,6.43,6.428435671156525
20230609094412600,6.43,6.43,6.428435671156525
20230609094414130,6.43,6.43,6.428435671156525
20230609094414430,6.43,6.43,6.428435671156525
20230609094417280,6.43,6.43,6.428435671156525
20230609094417970,6.43,6.43,6.428435671156525
20230609094419890,6.43,6.43,6.428435671156525
20230609094420030,6.43,6.43,6.428435671156525
20230609094422220,6.43,6.43,6.428435671156525
20230609094422430,6.43,6.43,6.428435671156525
20230609094425540,6.43,6.43,6.428435671156525
20230609094425960,6.43,6.43,6.428396043265231
20230609094425990,6.43,6.43,6.428380548122174
20230609094428510,6.43,6.43,6.428379774866212
20230609094430400,6.43,6.43,6.428352032370793
20230609094430640,6.43,6.43,6.428352032370793
20230609094431200,6.43,6.43,6.428352032370793
20230609094436030,6.43,6.43,6.428352032370793
20230609094436710,6.43,6.43,6.428352032370793
20230609094438490,6.43,6.43,6.428352032370793
20230609094439360,6.43,6.43,6.428352032370793
20230609094439580,6.43,6.43,6.428352032370793
20230609094439620,6.43,6.43,6.428352032370793
20230609094441540,6.43,6.43,6.428352032370793
20230609094441800,6.43,6.43,6.428352032370793
20230609094441970,6.43,6.43,6.428352032370793
20230609094444880,6.43,6.43,6.428352032370793
20230609094444920,6.43,6.43,6.428352032370793
20230609094446660,6.43,6.43,6.428352032370793
20230609094446770,6.43,6.43,6.428352032370793
20230609094447560,6.43,6.43,6.428352032370793
20230609094449200,6.43,6.43,6.428352032370793
20230609094449750,6.43,6.43,6.428352032370793
20230609094450220,6.43,6.43,6.428352032370793
20230609094451900,6.43,6.43,6.428352032370793
20230609094452010,6.43,6.43,6.428352032370793
20230609094452110,6.43,6.43,6.428352032370793
20230609094452260,6.43,6.42,6.427983304042179
20230609094452270,6.43,6.42,6.427942127808375
20230609094452280,6.43,6.42,6.4277969447305185
20230609094452300,6.43,6.42,6.427737841751129
20230609094452310,6.42,6.42,6.427737841751129
20230609094452320,6.42,6.42,6.427737841751129
20230609094452330,6.42,6.42,6.427686125211506
20230609094452340,6.42,6.42,6.427686125211506
20230609094452350,6.42,6.42,6.427686125211506
20230609094452370,6.42,6.42,6.427686125211506
20230609094452410,6.42,6.42,6.427686125211506
20230609094452640,6.42,6.42,6.427686125211506
20230609094452820,6.42,6.42,6.427686125211506
20230609094454940,6.42,6.42,6.427680277284639
20230609094455010,6.42,6.42,6.4276737900160485
20230609094455260,6.42,6.42,6.4276737900160485
20230609094455660,6.42,6.42,6.4276737900160485
20230609094455670,6.42,6.42,6.427667313697358
20230609094455690,6.42,6.42,6.427667313697358
20230609094455860,6.42,6.42,6.427667313697358
20230609094457820,6.42,6.42,6.427667313697358
20230609094500100,6.42,6.42,6.427667313697358
20230609094500230,6.42,6.42,6.427667313697358
20230609094500450,6.42,6.42,6.427623937379009
20230609094500510,6.42,6.42,6.427623937379009
20230609094500610,6.42,6.42,6.427623937379009
20230609094503160,6.42,6.42,6.427623937379009
20230609094503290,6.42,6.42,6.427623937379009
20230609094503390,6.42,6.42,6.427623937379009
20230609094503400,6.42,6.42,6.427623937379009
20230609094503920,6.42,6.42,6.427623937379009
20230609094505510,6.42,6.42,6.427623937379009
20230609094505660,6.42,6.42,6.427623937379009
20230609094505960,6.42,6.42,6.427623937379009
20230609094508120,6.42,6.42,6.427623937379009
20230609094508650,6.42,6.42,6.427498339422119
20230609094508710,6.42,6.42,6.427498339422119
20230609094508770,6.42,6.42,6.427498339422119
20230609094508870,6.42,6.42,6.427498339422119
20230609094509240,6.42,6.42,6.427498339422119
20230609094511000,6.42,6.42,6.427498339422119
20230609094511190,6.42,6.42,6.427498339422119
20230609094511320,6.42,6.42,6.427498339422119
20230609094511410,6.42,6.42,6.427498339422119
20230609094513890,6.42,6.42,6.427498339422119
20230609094514360,6.42,6.42,6.427498339422119
20230609094514510,6.42,6.42,6.427498339422119
20230609094517100,6.42,6.42,6.427498339422119
20230609094517180,6.42,6.42,6.427498339422119
20230609094517200,6.42,6.42,6.427498339422119
20230609094519260,6.42,6.42,6.427498339422119
20230609094519580,6.42,6.42,6.427498339422119
20230609094519590,6.42,6.42,6.427498339422119
20230609094519610,6.42,6.42,6.427498339422119
20230609094519830,6.42,6.42,6.427498339422119
20230609094522670,6.42,6.42,6.427498339422119
20230609094524920,6.42,6.42,6.427498339422119
20230609094525430,6.42,6.42,6.427498339422119
20230609094532460,6.42,6.42,6.427498339422119
20230609094533050,6.42,6.42,6.427498339422119
20230609094533360,6.42,6.42,6.427498339422119
20230609094535830,6.42,6.42,6.427498339422119
20230609094536170,6.42,6.42,6.427498339422119
20230609094537850,6.42,6.42,6.427498339422119
20230609094537990,6.42,6.42,6.427498339422119
20230609094538190,6.42,6.42,6.427498339422119
20230609094538970,6.42,6.42,6.427498339422119
20230609094541120,6.42,6.42,6.427498339422119
20230609094541160,6.42,6.41,6.427498339422119
20230609094541580,6.42,6.41,6.42723561399237
20230609094541590,6.42,6.41,6.42723561399237
20230609094543370,6.42,6.41,6.42723561399237
20230609094543790,6.42,6.41,6.42723561399237
20230609094543950,6.42,6.41,6.42723561399237
20230609094548600,6.42,6.41,6.42723561399237
20230609094548630,6.42,6.41,6.42723561399237
20230609094549110,6.42,6.41,6.42723561399237
20230609094549130,6.42,6.41,6.42723561399237
20230609094549140,6.42,6.41,6.42723561399237
20230609094549240,6.42,6.41,6.42723561399237
20230609094549610,6.42,6.41,6.42723561399237
20230609094554200,6.42,6.41,6.42723561399237
20230609094554240,6.42,6.41,6.42723561399237
20230609094554530,6.41,6.41,6.424604222543154
20230609094554570,6.41,6.41,6.424604222543154
20230609094554590,6.41,6.41,6.424604222543154
20230609094554620,6.41,6.41,6.424571154110059
20230609094554720,6.41,6.41,6.424569154774972
20230609094554750,6.41,6.41,6.424569154774972
20230609094555210,6.41,6.41,6.424569154774972
20230609094556950,6.41,6.41,6.424493536693797
20230609094556960,6.41,6.41,6.424493536693797
20230609094557590,6.41,6.41,6.424493536693797
20230609094557630,6.41,6.41,6.424493536693797
20230609094557760,6.41,6.41,6.424493536693797
20230609094557840,6.41,6.41,6.424463859122244
20230609094557850,6.41,6.41,6.424463859122244
20230609094559720,6.41,6.43,6.424460740841804
20230609094559740,6.41,6.41,6.424432189542483
20230609094600010,6.41,6.41,6.424432189542483
20230609094600040,6.41,6.41,6.424431207025665
20230609094600120,6.41,6.41,6.424431207025665
20230609094600240,6.41,6.41,6.424431207025665
20230609094600260,6.41,6.41,6.424431207025665
20230609094600300,6.41,6.41,6.424431207025665
20230609094600310,6.41,6.41,6.424431207025665
20230609094600530,6.41,6.41,6.424431207025665
20230609094602620,6.41,6.41,6.424430905377808
20230609094603070,6.41,6.41,6.424428794992175
20230609094603230,6.41,6.41,6.424417673408443
20230609094605030,6.41,6.4,6.424417673408443
20230609094605360,6.41,6.41,6.424417673408443
20230609094607900,6.41,6.41,6.424417673408443
20230609094607950,6.41,6.41,6.424417673408443
20230609094610680,6.41,6.41,6.424417673408443
20230609094612890,6.41,6.4,6.424417673408443
20230609094613170,6.41,6.4,6.424417673408443
20230609094613310,6.41,6.4,6.424417673408443
20230609094613560,6.41,6.4,6.424417673408443
20230609094613960,6.41,6.4,6.424417673408443
20230609094613980,6.41,6.4,6.424417673408443
20230609094614030,6.41,6.4,6.424417673408443
20230609094615690,6.41,6.4,6.424417673408443
20230609094616080,6.41,6.4,6.424417673408443
20230609094616330,6.41,6.41,6.424417673408443
20230609094616350,6.41,6.41,6.424417673408443
20230609094616390,6.41,6.41,6.424417673408443
20230609094616750,6.41,6.41,6.424417673408443
20230609094619150,6.41,6.41,6.424417673408443
20230609094619230,6.41,6.41,6.424417673408443
20230609094619280,6.41,6.41,6.424417673408443
20230609094619300,6.41,6.41,6.424417673408443
20230609094619320,6.41,6.41,6.424417673408443
20230609094619370,6.41,6.41,6.424281010616853
20230609094621000,6.41,6.41,6.424281010616853
20230609094621310,6.41,6.41,6.424281010616853
20230609094621390,6.41,6.41,6.424281010616853
20230609094621820,6.41,6.41,6.424281010616853
20230609094622060,6.41,6.41,6.424281010616853
20230609094623720,6.41,6.41,6.424281010616853
20230609094623740,6.41,6.41,6.424281010616853
20230609094623880,6.41,6.41,6.424281010616853
20230609094624000,6.41,6.41,6.424281010616853
20230609094624050,6.41,6.41,6.424281010616853
20230609094624100,6.41,6.41,6.424281010616853
20230609094624110,6.41,6.41,6.424281010616853
20230609094626760,6.41,6.41,6.424281010616853
20230609094627490,6.41,6.41,6.424281010616853
20230609094627570,6.41,6.41,6.424281010616853
20230609094629180,6.41,6.41,6.4242758389261745
20230609094629830,6.41,6.41,6.4242758389261745
20230609094630050,6.41,6.41,6.424258120572116
20230609094630150,6.41,6.41,6.424232437120555
20230609094631960,6.41,6.41,6.424232437120555
20230609094632070,6.41,6.41,6.424224844968994
20230609094632380,6.41,6.41,6.424224844968994
20230609094632540,6.41,6.41,6.424200226319643
20230609094632830,6.41,6.41,6.424200226319643
20230609094634830,6.41,6.41,6.424200226319643
20230609094635030,6.41,6.41,6.424200226319643
20230609094635390,6.41,6.41,6.424196036707009
20230609094635430,6.41,6.41,6.424196036707009
20230609094635550,6.41,6.41,6.424196036707009
20230609094635640,6.41,6.41,6.424196036707009
20230609094635720,6.41,6.41,6.424196036707009
20230609094637820,6.41,6.41,6.424196036707009
20230609094637940,6.41,6.41,6.424196036707009
20230609094638080,6.41,6.41,6.424196036707009
20230609094638120,6.41,6.41,6.424196036707009
20230609094643040,6.41,6.41,6.424196036707009
20230609094643320,6.41,6.41,6.424196036707009
20230609094643500,6.41,6.41,6.424196036707009
20230609094643570,6.41,6.41,6.424196036707009
20230609094643690,6.41,6.41,6.424194642026191
20230609094648010,6.41,6.41,6.424194642026191
20230609094648100,6.41,6.41,6.424194642026191
20230609094651130,6.41,6.41,6.424194642026191
20230609094651150,6.41,6.41,6.424194642026191
20230609094651170,6.41,6.41,6.424194642026191
20230609094651700,6.41,6.41,6.424194642026191
20230609094653750,6.41,6.41,6.424194642026191
20230609094653980,6.42,6.41,6.423986606014657
20230609094654010,6.42,6.41,6.423924617489737
20230609094654030,6.42,6.41,6.423924617489737
20230609094654040,6.42,6.41,6.423924617489737
20230609094654090,6.42,6.41,6.423924617489737
20230609094654520,6.42,6.41,6.423924617489737
20230609094656180,6.42,6.41,6.423921934240786
20230609094656730,6.42,6.41,6.423921934240786
20230609094656820,6.42,6.41,6.423921934240786
20230609094657280,6.42,6.41,6.423921934240786
20230609094659190,6.42,6.41,6.423921934240786
20230609094659850,6.42,6.41,6.423919338801889
20230609094700010,6.42,6.41,6.423919338801889
20230609094701760,6.42,6.41,6.423919338801889
20230609094702250,6.42,6.41,6.423919338801889
20230609094702310,6.42,6.41,6.423919338801889
20230609094702590,6.42,6.41,6.423919338801889
20230609094704890,6.42,6.41,6.423919338801889
20230609094707610,6.42,6.41,6.423919338801889
20230609094707960,6.42,6.41,6.423919338801889
20230609094708000,6.42,6.41,6.423876843018213
20230609094710110,6.42,6.41,6.423876843018213
20230609094710170,6.42,6.41,6.423876843018213
20230609094710380,6.42,6.41,6.423876843018213
20230609094710420,6.42,6.41,6.4238512681605515
20230609094710590,6.42,6.41,6.4238512681605515
20230609094712660,6.42,6.41,6.4238512681605515
20230609094713120,6.42,6.41,6.4238512681605515
20230609094713130,6.42,6.41,6.4238512681605515
20230609094715240,6.42,6.41,6.4238512681605515
20230609094715430,6.42,6.41,6.4238512681605515
20230609094715750,6.42,6.41,6.4238512681605515
20230609094716190,6.42,6.41,6.4238512681605515
20230609094718750,6.42,6.41,6.4238512681605515
20230609094720490,6.42,6.41,6.4238512681605515
20230609094723160,6.42,6.41,6.4238512681605515
20230609094723490,6.42,6.42,6.4238512681605515
20230609094723690,6.42,6.42,6.4238512681605515
20230609094723820,6.42,6.42,6.4238512681605515
20230609094728570,6.42,6.42,6.4238512681605515
20230609094729550,6.42,6.42,6.4238512681605515
20230609094731250,6.42,6.42,6.4238512681605515
20230609094731640,6.42,6.42,6.4238512681605515
20230609094731800,6.42,6.42,6.4238512681605515
20230609094731860,6.42,6.42,6.4238512681605515
20230609094732010,6.42,6.42,6.4238512681605515
20230609094732370,6.42,6.42,6.4238512681605515
20230609094734070,6.42,6.42,6.4238512681605515
20230609094734220,6.42,6.42,6.4238512681605515
20230609094734500,6.42,6.42,6.4238512681605515
20230609094734810,6.42,6.42,6.4238512681605515
20230609094735040,6.42,6.42,6.4238512681605515
20230609094736580,6.42,6.42,6.4238512681605515
20230609094736750,6.42,6.42,6.4238512681605515
20230609094736940,6.42,6.42,6.4238512681605515
20230609094737240,6.42,6.42,6.4238512681605515
20230609094737390,6.42,6.42,6.4238512681605515
20230609094737700,6.42,6.42,6.4238512681605515
20230609094739670,6.42,6.42,6.4238512681605515
20230609094740160,6.42,6.42,6.4238512681605515
20230609094740370,6.42,6.42,6.4238512681605515
20230609094741980,6.42,6.42,6.4238512681605515
20230609094742330,6.42,6.42,6.4238512681605515
20230609094744780,6.42,6.42,6.4238512681605515
20230609094744960,6.42,6.42,6.4238512681605515
20230609094745150,6.42,6.42,6.4238512681605515
20230609094745360,6.42,6.42,6.4238512681605515
20230609094745890,6.42,6.42,6.4238512681605515
20230609094747770,6.42,6.42,6.4238512681605515
20230609094747950,6.42,6.42,6.4238512681605515
20230609094748030,6.42,6.42,6.4238512681605515
20230609094748370,6.42,6.42,6.4238512681605515
20230609094748400,6.42,6.42,6.4238512681605515
20230609094748490,6.42,6.42,6.4238512681605515
20230609094750310,6.42,6.42,6.4238512681605515
20230609094750360,6.42,6.42,6.4238512681605515
20230609094750410,6.42,6.42,6.423814715556097
20230609094750440,6.42,6.42,6.423814715556097
20230609094751250,6.42,6.42,6.423782233226644
20230609094753090,6.42,6.42,6.423779722389861
20230609094753120,6.42,6.42,6.423777898419592
20230609094753370,6.42,6.42,6.423777898419592
20230609094753760,6.42,6.42,6.423772130555221
20230609094755750,6.42,6.42,6.423771903414223
20230609094755760,6.42,6.42,6.423771903414223
20230609094756160,6.42,6.42,6.423770600264645
20230609094758190,6.42,6.42,6.423769920019243
20230609094758760,6.42,6.42,6.423769920019243
20230609094759280,6.42,6.42,6.423769920019243
20230609094800980,6.42,6.42,6.423769920019243
20230609094801160,6.42,6.42,6.423769920019243
20230609094801200,6.42,6.42,6.423774038461539
20230609094801210,6.42,6.42,6.4237750811005645
20230609094801460,6.42,6.42,6.42377372087437
20230609094801840,6.42,6.42,6.42377372087437
20230609094802130,6.42,6.42,6.42377372087437
20230609094804230,6.42,6.42,6.42377372087437
20230609094804250,6.42,6.42,6.42377372087437
20230609094804410,6.42,6.42,6.423776337115073
20230609094804520,6.42,6.42,6.423798301232205
20230609094806950,6.42,6.42,6.423798301232205
20230609094809080,6.42,6.42,6.423798301232205
20230609094809250,6.42,6.42,6.423798301232205
20230609094809260,6.42,6.42,6.423801638070186
20230609094809550,6.42,6.42,6.423801638070186
20230609094809930,6.42,6.42,6.423801638070186
20230609094810010,6.42,6.42,6.423818637095332
20230609094811820,6.42,6.42,6.423812273078983
20230609094812050,6.42,6.42,6.423812273078983
20230609094812470,6.42,6.42,6.423814114006903
20230609094814800,6.42,6.42,6.423797168414193
20230609094814810,6.42,6.42,6.423797168414193
20230609094814990,6.42,6.42,6.423797168414193
20230609094815100,6.42,6.42,6.423797168414193
20230609094815350,6.42,6.42,6.423798156464193
20230609094817270,6.42,6.42,6.423818974147577
20230609094817280,6.42,6.42,6.423818974147577
20230609094817440,6.42,6.42,6.423818974147577
20230609094817960,6.42,6.42,6.423818974147577
20230609094818170,6.42,6.42,6.423818974147577
20230609094818250,6.42,6.42,6.423818974147577
20230609094820200,6.42,6.42,6.423818974147577
20230609094820470,6.42,6.42,6.423818974147577
20230609094820520,6.42,6.42,6.423818974147577
20230609094822640,6.42,6.42,6.423818974147577
20230609094823230,6.42,6.42,6.423818974147577
20230609094823280,6.42,6.42,6.423818974147577
20230609094825240,6.42,6.42,6.423818974147577
20230609094825250,6.42,6.42,6.423818974147577
20230609094825580,6.42,6.42,6.423818974147577
20230609094825600,6.42,6.42,6.423818974147577
20230609094825650,6.42,6.42,6.423818974147577
20230609094825980,6.42,6.42,6.423818974147577
20230609094828280,6.42,6.42,6.423818974147577
20230609094831150,6.42,6.42,6.423818974147577
20230609094831610,6.42,6.42,6.423818974147577
20230609094833560,6.42,6.42,6.423818974147577
20230609094833570,6.42,6.42,6.423818974147577
20230609094841560,6.42,6.42,6.423818974147577
20230609094842210,6.42,6.42,6.423818974147577
20230609094842360,6.42,6.42,6.423818974147577
20230609094845080,6.42,6.42,6.423818974147577
20230609094847320,6.42,6.42,6.423818974147577
20230609094847430,6.42,6.42,6.423818974147577
20230609094848030,6.42,6.42,6.42381245601689
20230609094849910,6.42,6.42,6.42381245601689
20230609094852390,6.42,6.42,6.42381245601689
20230609094852480,6.42,6.42,6.42381245601689
20230609094853020,6.42,6.42,6.42381245601689
20230609094854960,6.42,6.42,6.42381245601689
20230609094855860,6.42,6.42,6.423853547710591
20230609094855970,6.42,6.42,6.423853547710591
20230609094858280,6.42,6.42,6.423853547710591
20230609094900880,6.42,6.42,6.423853547710591
20230609094901420,6.42,6.42,6.423865419257365
20230609094901480,6.42,6.42,6.423868981938556
20230609094903050,6.42,6.42,6.423868981938556
20230609094903220,6.42,6.42,6.423868981938556
20230609094903630,6.42,6.42,6.423868981938556
20230609094904140,6.42,6.42,6.423868981938556
20230609094905800,6.42,6.42,6.423868981938556
20230609094905870,6.42,6.42,6.423884608700689
20230609094906040,6.42,6.42,6.423884608700689
20230609094906210,6.42,6.42,6.423888502952414
20230609094906520,6.42,6.42,6.423888502952414
20230609094906600,6.42,6.42,6.423888502952414
20230609094906920,6.42,6.42,6.423888502952414
20230609094908660,6.42,6.42,6.423888502952414
20230609094909090,6.42,6.42,6.423888502952414
20230609094909440,6.42,6.42,6.423888502952414
20230609094911250,6.42,6.42,6.423888502952414
20230609094911320,6.42,6.42,6.423888502952414
20230609094911350,6.42,6.42,6.423888502952414
20230609094911380,6.42,6.42,6.423888502952414
20230609094911750,6.42,6.42,6.423888502952414
20230609094912030,6.42,6.42,6.423888502952414
20230609094912200,6.42,6.42,6.423888502952414
20230609094914210,6.42,6.42,6.423888502952414
20230609094914310,6.42,6.42,6.423888502952414
20230609094914590,6.42,6.42,6.423888502952414
20230609094914960,6.42,6.42,6.423888502952414
20230609094916620,6.42,6.42,6.423888502952414
20230609094916810,6.42,6.42,6.423888502952414
20230609094919360,6.42,6.42,6.423888502952414
20230609094919930,6.42,6.42,6.423888502952414
20230609094922070,6.42,6.42,6.423888502952414
20230609094922080,6.42,6.42,6.423888502952414
20230609094922120,6.42,6.42,6.423888502952414
20230609094922490,6.42,6.42,6.423888502952414
20230609094922670,6.42,6.42,6.423888502952414
20230609094925060,6.42,6.42,6.423888502952414
20230609094925150,6.42,6.42,6.4238848131246025
20230609094925280,6.42,6.42,6.4238848131246025
20230609094925450,6.42,6.42,6.4238848131246025
20230609094925690,6.42,6.42,6.4238848131246025
20230609094927730,6.42,6.42,6.4238848131246025
20230609094930650,6.42,6.42,6.4238848131246025
20230609094930850,6.42,6.42,6.4238848131246025
20230609094931070,6.42,6.42,6.4238848131246025
20230609094932990,6.42,6.42,6.4238848131246025
20230609094933480,6.42,6.42,6.4238848131246025
20230609094935420,6.42,6.42,6.4238848131246025
20230609094935480,6.42,6.42,6.4238848131246025
20230609094936460,6.42,6.42,6.4238848131246025
20230609094938690,6.42,6.42,6.4238848131246025
20230609094939000,6.42,6.42,6.4238848131246025
20230609094941060,6.42,6.42,6.4238848131246025
20230609094941400,6.42,6.42,6.4238848131246025
20230609094941820,6.42,6.42,6.4238848131246025
20230609094941990,6.42,6.42,6.4238848131246025
20230609094943680,6.42,6.42,6.4238848131246025
20230609094946870,6.42,6.42,6.4238848131246025
20230609094948970,6.42,6.42,6.4238848131246025
20230609094949820,6.42,6.42,6.4238848131246025
20230609094951730,6.42,6.42,6.4238848131246025
20230609094951890,6.42,6.42,6.4238848131246025
20230609094952530,6.42,6.42,6.4238848131246025
20230609094952770,6.42,6.42,6.4238848131246025
20230609094955510,6.42,6.42,6.4238848131246025
20230609094957380,6.42,6.42,6.4238848131246025
20230609094957480,6.42,6.42,6.4238848131246025
20230609094957770,6.42,6.42,6.4238848131246025
20230609094958080,6.42,6.42,6.4238848131246025
20230609094958190,6.42,6.42,6.4238848131246025
20230609094959780,6.42,6.42,6.423907921075207
20230609094959810,6.42,6.42,6.423907921075207
20230609095000420,6.42,6.42,6.423907921075207
20230609095002820,6.42,6.42,6.423907921075207
20230609095005090,6.42,6.42,6.423907921075207
20230609095006000,6.42,6.42,6.423907921075207
20230609095008890,6.42,6.42,6.423907921075207
20230609095008910,6.42,6.42,6.423907921075207
20230609095010850,6.42,6.42,6.423907921075207
20230609095011070,6.42,6.42,6.423907921075207
20230609095011150,6.42,6.42,6.423907921075207
20230609095011180,6.42,6.42,6.423907921075207
20230609095011320,6.42,6.42,6.423907921075207
20230609095013160,6.42,6.42,6.423907921075207
20230609095013210,6.42,6.42,6.423907921075207
20230609095013700,6.42,6.42,6.423907921075207
20230609095013770,6.42,6.42,6.423907921075207
20230609095013800,6.42,6.42,6.423907921075207
20230609095013880,6.42,6.42,6.423907921075207
20230609095014230,6.42,6.42,6.423907921075207
20230609095016120,6.42,6.42,6.423907921075207
20230609095016960,6.42,6.42,6.423907921075207
20230609095018590,6.42,6.42,6.423907921075207
20230609095019170,6.42,6.42,6.423907921075207
20230609095019410,6.42,6.42,6.423907921075207
20230609095019680,6.42,6.42,6.423907921075207
20230609095021680,6.42,6.42,6.423907921075207
20230609095021950,6.42,6.42,6.423907921075207
20230609095021980,6.42,6.42,6.423907921075207
20230609095022450,6.42,6.42,6.423907921075207
20230609095024730,6.42,6.42,6.423907921075207
20230609095024990,6.42,6.42,6.423907921075207
20230609095025050,6.42,6.42,6.423907921075207
20230609095025110,6.42,6.42,6.423907921075207
20230609095030230,6.42,6.42,6.423907921075207
20230609095032120,6.42,6.42,6.423907921075207
20230609095032450,6.42,6.42,6.423907921075207
20230609095032830,6.42,6.42,6.423907921075207
20230609095033120,6.42,6.42,6.423907921075207
20230609095034930,6.43,6.42,6.423907921075207
20230609095040460,6.43,6.42,6.423907921075207
20230609095040560,6.43,6.42,6.423907921075207
20230609095040630,6.43,6.42,6.423907921075207
20230609095040760,6.43,6.42,6.423907921075207
20230609095040940,6.43,6.42,6.423907921075207
20230609095041050,6.43,6.42,6.423907921075207
20230609095041120,6.43,6.42,6.423907921075207
20230609095041160,6.43,6.42,6.423907921075207
20230609095041200,6.43,6.42,6.423907921075207
20230609095041370,6.43,6.42,6.423907921075207
20230609095042860,6.43,6.42,6.423907921075207
20230609095043040,6.43,6.43,6.423907921075207
20230609095043070,6.43,6.43,6.423912626832018
20230609095043080,6.43,6.43,6.423913313042498
20230609095043110,6.43,6.43,6.423913656089725
20230609095043260,6.43,6.43,6.423913656089725
20230609095045790,6.43,6.43,6.423913656089725
20230609095046160,6.43,6.43,6.423913656089725
20230609095046180,6.43,6.43,6.4239139990982865
20230609095046210,6.43,6.42,6.423919481981982
20230609095046240,6.43,6.43,6.423919481981982
20230609095046290,6.43,6.43,6.423919481981982
20230609095046360,6.43,6.43,6.423919481981982
20230609095049200,6.43,6.43,6.423920508923042
20230609095049230,6.43,6.43,6.423920508923042
20230609095051230,6.43,6.43,6.423920508923042
20230609095051980,6.43,6.43,6.423920508923042
20230609095052080,6.43,6.43,6.423924613220816
20230609095057050,6.43,6.43,6.423924613220816
20230609095059110,6.43,6.43,6.423924613220816
20230609095059260,6.43,6.43,6.423924613220816
20230609095059600,6.43,6.43,6.423924613220816
20230609095059780,6.43,6.43,6.423924613220816
20230609095059910,6.43,6.43,6.423924613220816
20230609095059950,6.43,6.43,6.423926421780953
20230609095100080,6.43,6.43,6.423926421780953
20230609095100090,6.43,6.43,6.423926421780953
20230609095100100,6.43,6.43,6.423926421780953
20230609095102090,6.43,6.43,6.423926421780953
20230609095102670,6.43,6.43,6.423939070316452
20230609095104660,6.43,6.43,6.423939070316452
20230609095104950,6.43,6.43,6.423939973021583
20230609095105000,6.43,6.43,6.423939973021583
20230609095105040,6.43,6.43,6.423939973021583
20230609095105330,6.43,6.43,6.423939973021583
20230609095105440,6.43,6.43,6.423939973021583
20230609095107410,6.43,6.43,6.423939973021583
20230609095107680,6.43,6.43,6.423939973021583
20230609095110090,6.43,6.43,6.423939973021583
20230609095110300,6.43,6.43,6.423939973021583
20230609095110310,6.43,6.43,6.423939973021583
20230609095110730,6.43,6.43,6.423939973021583
20230609095111000,6.43,6.43,6.423939973021583
20230609095112870,6.43,6.43,6.423939973021583
20230609095113160,6.43,6.43,6.423939973021583
20230609095115810,6.43,6.42,6.423939973021583
20230609095116160,6.43,6.43,6.423939973021583
20230609095118220,6.43,6.43,6.423979785570695
20230609095118550,6.43,6.43,6.423979785570695
20230609095119200,6.43,6.43,6.423979785570695
20230609095120810,6.43,6.43,6.423979785570695
20230609095124570,6.43,6.43,6.423979785570695
20230609095126650,6.43,6.43,6.423979785570695
20230609095128790,6.43,6.43,6.423979785570695
20230609095128820,6.43,6.43,6.42398325425621
20230609095129280,6.43,6.43,6.42398325425621
20230609095131620,6.43,6.43,6.42398325425621
20230609095131890,6.43,6.43,6.42398325425621
20230609095132550,6.43,6.43,6.423995874219447
20230609095134990,6.43,6.43,6.423995874219447
20230609095135050,6.43,6.43,6.423995874219447
20230609095135110,6.43,6.43,6.423995874219447
20230609095137010,6.43,6.42,6.423995874219447
20230609095137040,6.43,6.42,6.423995874219447
20230609095137080,6.43,6.42,6.423995874219447
20230609095137090,6.43,6.43,6.423995874219447
20230609095137270,6.43,6.43,6.423995874219447
20230609095140490,6.43,6.43,6.423995874219447
20230609095142260,6.43,6.43,6.423995874219447
20230609095142560,6.43,6.43,6.423995874219447
20230609095142880,6.43,6.43,6.423995874219447
20230609095143240,6.43,6.43,6.423995874219447
20230609095145000,6.43,6.42,6.423995874219447
20230609095145020,6.43,6.42,6.423995874219447
20230609095145170,6.43,6.42,6.423995874219447
20230609095145510,6.43,6.42,6.423995874219447
20230609095145930,6.43,6.42,6.423995874219447
20230609095145960,6.43,6.42,6.423995874219447
20230609095146160,6.43,6.42,6.4240450744781
20230609095146190,6.43,6.42,6.4240450744781
20230609095148260,6.43,6.42,6.4240450744781
20230609095148590,6.43,6.42,6.42406360619469
20230609095150540,6.43,6.42,6.42406360619469
20230609095150660,6.43,6.43,6.42406360619469
20230609095151180,6.43,6.43,6.42406360619469
20230609095153170,6.43,6.43,6.42406360619469
20230609095153180,6.43,6.43,6.42406360619469
20230609095154140,6.43,6.43,6.42406360619469
20230609095155820,6.43,6.43,6.42406360619469
20230609095155990,6.43,6.43,6.42406360619469
20230609095156590,6.43,6.43,6.42406360619469
20230609095156980,6.43,6.43,6.42406360619469
20230609095158600,6.43,6.43,6.42406360619469
20230609095159070,6.43,6.43,6.424080088373378
20230609095159650,6.43,6.43,6.424080088373378
20230609095201150,6.43,6.43,6.424080088373378
20230609095201550,6.43,6.43,6.424080088373378
20230609095201610,6.43,6.43,6.424080088373378
20230609095202050,6.43,6.43,6.424080088373378
20230609095202370,6.43,6.43,6.424080088373378
20230609095204930,6.43,6.42,6.424080088373378
20230609095204980,6.43,6.42,6.424080088373378
20230609095207570,6.43,6.42,6.424126479614205
20230609095207600,6.43,6.43,6.424126479614205
20230609095207640,6.43,6.43,6.424126479614205
20230609095207800,6.43,6.43,6.424126479614205
20230609095209830,6.43,6.43,6.424126479614205
20230609095210020,6.43,6.43,6.424126479614205
20230609095210270,6.43,6.43,6.424126479614205
20230609095212090,6.43,6.43,6.424129053461876
20230609095212100,6.43,6.42,6.42413194634547
20230609095212670,6.43,6.42,6.424137157243719
20230609095212770,6.43,6.43,6.424137157243719
20230609095213080,6.43,6.43,6.424138761216897
20230609095213100,6.43,6.43,6.424138761216897
20230609095213150,6.43,6.43,6.424138761216897
20230609095215010,6.43,6.43,6.424152912886655
20230609095215430,6.43,6.43,6.424152912886655
20230609095215730,6.43,6.43,6.424154098360655
20230609095215900,6.43,6.43,6.424154098360655
20230609095217430,6.43,6.43,6.424154098360655
20230609095217470,6.43,6.43,6.424154098360655
20230609095220050,6.43,6.43,6.424154098360655
20230609095220170,6.43,6.43,6.4241589729582085
20230609095220230,6.43,6.43,6.4241589729582085
20230609095220410,6.43,6.43,6.4241589729582085
20230609095220460,6.43,6.43,6.4241589729582085
20230609095220510,6.43,6.43,6.4241589729582085
20230609095220880,6.43,6.43,6.4241589729582085
20230609095222940,6.43,6.43,6.4241589729582085
20230609095223180,6.43,6.43,6.424167622167622
20230609095225450,6.43,6.43,6.424167622167622
20230609095226420,6.43,6.43,6.424167622167622
20230609095228870,6.43,6.43,6.424167622167622
20230609095229340,6.43,6.43,6.424167622167622
20230609095230980,6.43,6.43,6.424167622167622
20230609095231040,6.43,6.43,6.424167622167622
20230609095231750,6.43,6.43,6.424167622167622
20230609095231830,6.43,6.43,6.424168258994377
20230609095231850,6.43,6.43,6.424168258994377
20230609095232010,6.43,6.43,6.424168258994377
20230609095233690,6.43,6.43,6.424194146181937
20230609095233890,6.43,6.43,6.424194146181937
20230609095234720,6.43,6.43,6.424200783972125
20230609095234740,6.43,6.43,6.424200783972125
20230609095236540,6.43,6.43,6.424200783972125
20230609095236660,6.43,6.43,6.424200783972125
20230609095239960,6.43,6.43,6.424200783972125
20230609095241820,6.43,6.43,6.424200783972125
20230609095241840,6.43,6.43,6.424200783972125
20230609095241950,6.43,6.43,6.424200783972125
20230609095242480,6.43,6.43,6.424200783972125
20230609095244480,6.43,6.43,6.424200783972125
20230609095244970,6.43,6.43,6.424200783972125
20230609095245290,6.43,6.43,6.424229912533275
20230609095247120,6.43,6.43,6.424229912533275
20230609095247460,6.43,6.43,6.424229912533275
20230609095247780,6.43,6.43,6.424229912533275
20230609095248050,6.43,6.43,6.424229912533275
20230609095249790,6.43,6.43,6.424229912533275
20230609095249950,6.43,6.43,6.424229912533275
20230609095250450,6.43,6.43,6.424229912533275
20230609095250520,6.43,6.43,6.424229912533275
20230609095252580,6.43,6.43,6.424229912533275
20230609095252820,6.43,6.43,6.424229912533275
20230609095252870,6.43,6.43,6.424229912533275
20230609095253650,6.43,6.43,6.424229912533275
20230609095255400,6.43,6.43,6.424229912533275
20230609095255450,6.43,6.43,6.424229912533275
20230609095256260,6.43,6.43,6.424229912533275
20230609095256310,6.43,6.43,6.424229912533275
20230609095257950,6.43,6.43,6.424229912533275
20230609095258020,6.43,6.43,6.424229912533275
20230609095300620,6.43,6.43,6.424231792755118
20230609095300780,6.43,6.43,6.424266825620462
20230609095300860,6.43,6.43,6.424272791289746
20230609095300900,6.43,6.43,6.424272791289746
20230609095300910,6.43,6.43,6.424272791289746
20230609095301040,6.43,6.43,6.424272791289746
20230609095301160,6.43,6.43,6.424272791289746
20230609095301230,6.43,6.43,6.424284864864865
20230609095301260,6.43,6.43,6.424284864864865
20230609095301430,6.43,6.43,6.424284864864865
20230609095301460,6.43,6.43,6.424284864864865
20230609095301580,6.43,6.43,6.424284864864865
20230609095301690,6.43,6.43,6.424284864864865
20230609095303850,6.43,6.43,6.424284864864865
20230609095304450,6.43,6.43,6.424293193717277
20230609095306880,6.43,6.43,6.424294041450777
20230609095306930,6.43,6.43,6.42429650410013
20230609095308660,6.43,6.43,6.424304125101106
20230609095308890,6.43,6.43,6.424304125101106
20230609095309260,6.43,6.43,6.424304125101106
20230609095311350,6.43,6.43,6.424304125101106
20230609095311810,6.43,6.43,6.424304125101106
20230609095312560,6.43,6.43,6.424304125101106
20230609095314150,6.43,6.43,6.424304125101106
20230609095314330,6.43,6.43,6.424304125101106
20230609095314420,6.43,6.43,6.424308421789967
20230609095314560,6.44,6.43,6.424441952365695
20230609095314770,6.44,6.43,6.424441952365695
20230609095315000,6.44,6.43,6.424441952365695
20230609095317000,6.44,6.43,6.424441952365695
20230609095317180,6.44,6.43,6.424447765974484
20230609095317250,6.44,6.43,6.424447765974484
20230609095317470,6.44,6.43,6.424463724916166
20230609095317690,6.44,6.43,6.424463724916166
20230609095319690,6.44,6.44,6.424495753715499
20230609095319930,6.44,6.44,6.424495753715499
20230609095320000,6.44,6.44,6.42453433578652
20230609095320340,6.44,6.44,6.42453433578652
20230609095322270,6.44,6.44,6.42453433578652
20230609095322280,6.44,6.44,6.42453433578652
20230609095322300,6.44,6.44,6.42453433578652
20230609095322310,6.44,6.42,6.42453433578652
20230609095322320,6.44,6.42,6.42453433578652
20230609095322330,6.44,6.43,6.42453433578652
20230609095322360,6.44,6.43,6.424664356640464
20230609095322390,6.44,6.42,6.424664356640464
20230609095322400,6.44,6.42,6.424664356640464
20230609095322420,6.44,6.42,6.424664356640464
20230609095322440,6.44,6.42,6.424664356640464
20230609095322460,6.44,6.42,6.424664356640464
20230609095322480,6.44,6.42,6.424664356640464
20230609095322510,6.44,6.42,6.424664356640464
20230609095322610,6.44,6.43,6.424664356640464
20230609095322620,6.44,6.43,6.424664356640464
20230609095322650,6.44,6.42,6.424664356640464
20230609095322670,6.44,6.42,6.424664356640464
20230609095322880,6.44,6.42,6.424664356640464
20230609095322980,6.44,6.43,6.424664356640464
20230609095323010,6.44,6.43,6.424664356640464
20230609095324890,6.44,6.43,6.424664356640464
20230609095324950,6.44,6.43,6.424664356640464
20230609095325090,6.44,6.42,6.424664356640464
20230609095325200,6.44,6.42,6.424664356640464
20230609095325220,6.44,6.42,6.424664356640464
20230609095325240,6.44,6.43,6.424664356640464
20230609095325410,6.44,6.43,6.424664356640464
20230609095325830,6.44,6.43,6.424664356640464
20230609095325870,6.44,6.43,6.424664356640464
20230609095327680,6.44,6.43,6.424664356640464
20230609095327730,6.44,6.43,6.424664356640464
20230609095328120,6.44,6.43,6.424664356640464
20230609095328310,6.44,6.43,6.424664356640464
