Timestamp,ask1,bid1,VWAP
20230825093000030,6.15,6.16,6.16
20230825093000040,6.15,6.14,6.154074803149606
20230825093000070,6.15,6.14,6.154058823529412
20230825093000080,6.15,6.14,6.154058823529412
20230825093000100,6.15,6.14,6.154019417475729
20230825093000110,6.15,6.14,6.154019417475729
20230825093000130,6.15,6.14,6.154019417475729
20230825093000140,6.15,6.14,6.15393536121673
20230825093000150,6.15,6.14,6.153913043478261
20230825093000160,6.15,6.14,6.153913043478261
20230825093000170,6.15,6.14,6.153770491803279
20230825093000190,6.15,6.14,6.153770491803279
20230825093000210,6.15,6.14,6.153770491803279
20230825093000270,6.15,6.14,6.153770491803279
20230825093000280,6.15,6.14,6.153770491803279
20230825093000310,6.15,6.14,6.153770491803279
20230825093000320,6.15,6.14,6.153770491803279
20230825093000370,6.15,6.14,6.153770491803279
20230825093000380,6.15,6.14,6.153770491803279
20230825093000420,6.15,6.14,6.153770491803279
20230825093000470,6.15,6.14,6.153770491803279
20230825093000490,6.15,6.14,6.153770491803279
20230825093000500,6.15,6.14,6.153770491803279
20230825093000590,6.15,6.14,6.153770491803279
20230825093000620,6.15,6.14,6.153716337522441
20230825093000660,6.15,6.14,6.153716337522441
20230825093000700,6.15,6.14,6.153716337522441
20230825093000710,6.15,6.14,6.153716337522441
20230825093000760,6.15,6.14,6.1537096774193545
20230825093000780,6.15,6.14,6.153631578947368
20230825093000800,6.15,6.14,6.1532857142857145
20230825093000840,6.15,6.14,6.1532857142857145
20230825093000850,6.15,6.14,6.1532857142857145
20230825093000890,6.15,6.14,6.1532857142857145
20230825093000900,6.15,6.14,6.1532857142857145
20230825093000910,6.15,6.14,6.1532857142857145
20230825093000950,6.15,6.14,6.1532857142857145
20230825093000960,6.15,6.14,6.1532857142857145
20230825093000970,6.15,6.14,6.1532857142857145
20230825093001080,6.15,6.14,6.1532857142857145
20230825093001100,6.15,6.14,6.152956656346749
20230825093001110,6.14,6.13,6.152956656346749
20230825093001200,6.14,6.13,6.152956656346749
20230825093001220,6.14,6.13,6.152956656346749
20230825093001260,6.14,6.13,6.152956656346749
20230825093001270,6.14,6.13,6.152956656346749
20230825093001330,6.14,6.15,6.152956656346749
20230825093001400,6.14,6.13,6.152956656346749
20230825093001450,6.14,6.13,6.152956656346749
20230825093001470,6.14,6.13,6.152956656346749
20230825093001500,6.14,6.13,6.152956656346749
20230825093001510,6.14,6.15,6.152956656346749
20230825093001620,6.14,6.15,6.152956656346749
20230825093001650,6.15,6.15,6.152956656346749
20230825093001670,6.15,6.15,6.152956656346749
20230825093001690,6.15,6.15,6.152956656346749
20230825093001700,6.15,6.15,6.152956656346749
20230825093001720,6.15,6.15,6.151410736579276
20230825093001740,6.15,6.15,6.151410736579276
20230825093001750,6.15,6.15,6.151410736579276
20230825093001760,6.15,6.15,6.151350710900474
20230825093001960,6.15,6.15,6.151350710900474
20230825093001970,6.15,6.15,6.151350710900474
20230825093001990,6.15,6.15,6.151350710900474
20230825093002010,6.15,6.15,6.151350710900474
20230825093002060,6.15,6.15,6.151350710900474
20230825093002210,6.15,6.15,6.151350710900474
20230825093002220,6.15,6.15,6.151350710900474
20230825093002250,6.15,6.15,6.151350710900474
20230825093002260,6.15,6.15,6.151350710900474
20230825093002420,6.15,6.15,6.151350710900474
20230825093002440,6.15,6.15,6.151350710900474
20230825093002520,6.15,6.15,6.151350710900474
20230825093002650,6.15,6.15,6.151350710900474
20230825093002810,6.15,6.15,6.151350710900474
20230825093002870,6.15,6.15,6.151350710900474
20230825093002920,6.15,6.15,6.151364092276831
20230825093002940,6.15,6.15,6.151364092276831
20230825093003010,6.15,6.15,6.151364092276831
20230825093003090,6.15,6.15,6.151364092276831
20230825093003160,6.15,6.15,6.151232741617357
20230825093003400,6.15,6.15,6.151232741617357
20230825093003900,6.15,6.15,6.151231527093596
20230825093004130,6.15,6.15,6.151231527093596
20230825093004160,6.15,6.15,6.15123031496063
20230825093004230,6.15,6.15,6.15123031496063
20230825093004410,6.15,6.15,6.15123031496063
20230825093004510,6.15,6.15,6.15123031496063
20230825093004520,6.15,6.14,6.151120857699805
20230825093004610,6.15,6.14,6.151120857699805
20230825093004800,6.15,6.14,6.151118677042802
20230825093004880,6.15,6.14,6.151118677042802
20230825093005030,6.15,6.14,6.151118677042802
20230825093005120,6.15,6.14,6.151118677042802
20230825093005440,6.15,6.14,6.151086323957323
20230825093005460,6.15,6.14,6.150854700854701
20230825093005470,6.15,6.13,6.1507728557964185
20230825093005480,6.15,6.13,6.1507728557964185
20230825093005490,6.15,6.13,6.1507728557964185
20230825093005970,6.15,6.13,6.1507728557964185
20230825093006010,6.15,6.13,6.1507728557964185
20230825093006080,6.15,6.13,6.1507728557964185
20230825093006090,6.15,6.13,6.1507728557964185
20230825093006320,6.15,6.13,6.1507728557964185
20230825093006500,6.15,6.13,6.1507728557964185
20230825093006760,6.15,6.13,6.1507728557964185
20230825093006920,6.15,6.13,6.1507728557964185
20230825093007110,6.14,6.13,6.1507728557964185
20230825093007720,6.14,6.13,6.15
20230825093007780,6.14,6.13,6.15
20230825093008030,6.14,6.13,6.15
20230825093008210,6.14,6.13,6.15
20230825093008240,6.14,6.13,6.15
20230825093008250,6.14,6.13,6.15
20230825093009060,6.14,6.13,6.15
20230825093009520,6.14,6.13,6.15
20230825093010090,6.14,6.13,6.15
20230825093010110,6.14,6.13,6.15
20230825093010470,6.14,6.13,6.15
20230825093010720,6.14,6.13,6.15
20230825093010950,6.14,6.13,6.15
20230825093010960,6.14,6.13,6.15
20230825093011010,6.14,6.13,6.15
20230825093012040,6.14,6.13,6.149896103896104
20230825093012110,6.14,6.13,6.149896103896104
20230825093013070,6.14,6.13,6.149896103896104
20230825093013080,6.14,6.12,6.146556195965418
20230825093013090,6.13,6.12,6.146160337552742
20230825093013190,6.13,6.12,6.146160337552742
20230825093013220,6.13,6.12,6.146160337552742
20230825093013340,6.13,6.12,6.146160337552742
20230825093013420,6.13,6.12,6.146160337552742
20230825093013700,6.13,6.12,6.146160337552742
20230825093013760,6.13,6.12,6.146160337552742
20230825093013770,6.13,6.12,6.146160337552742
20230825093013880,6.14,6.12,6.146160337552742
20230825093013900,6.14,6.13,6.146160337552742
20230825093014300,6.14,6.13,6.146160337552742
20230825093014370,6.14,6.13,6.146160337552742
20230825093014510,6.14,6.13,6.146160337552742
20230825093014890,6.14,6.13,6.146160337552742
20230825093015050,6.14,6.13,6.146160337552742
20230825093015100,6.14,6.13,6.146160337552742
20230825093015110,6.14,6.13,6.146160337552742
20230825093015170,6.14,6.13,6.146160337552742
20230825093015240,6.14,6.13,6.146160337552742
20230825093015530,6.14,6.13,6.145951557093426
20230825093015950,6.14,6.13,6.145951557093426
20230825093016020,6.14,6.13,6.145951557093426
20230825093016080,6.14,6.13,6.145951557093426
20230825093016800,6.14,6.13,6.145951557093426
20230825093017260,6.14,6.13,6.145951557093426
20230825093017350,6.14,6.13,6.145951557093426
20230825093018250,6.14,6.14,6.145573558003888
20230825093018440,6.14,6.14,6.145573558003888
20230825093018630,6.14,6.14,6.145573558003888
20230825093018900,6.14,6.14,6.145573558003888
20230825093018920,6.14,6.14,6.145573558003888
20230825093019090,6.14,6.14,6.145573558003888
20230825093019100,6.14,6.14,6.145573558003888
20230825093019110,6.14,6.14,6.145573558003888
20230825093019380,6.14,6.14,6.145537669027688
20230825093019470,6.14,6.14,6.145537669027688
20230825093020230,6.14,6.14,6.145537669027688
20230825093020250,6.14,6.14,6.145537669027688
20230825093020260,6.14,6.14,6.145530546623794
20230825093020270,6.14,6.14,6.145530546623794
20230825093020350,6.14,6.14,6.145530546623794
20230825093021100,6.14,6.14,6.145530546623794
20230825093021110,6.14,6.14,6.145530546623794
20230825093021530,6.14,6.14,6.145530546623794
20230825093021610,6.14,6.14,6.145530546623794
20230825093022110,6.14,6.14,6.145530546623794
20230825093022340,6.14,6.14,6.145530546623794
20230825093023760,6.14,6.14,6.145530546623794
20230825093024200,6.14,6.14,6.145530546623794
20230825093025530,6.14,6.14,6.145530546623794
20230825093026540,6.14,6.14,6.145530546623794
20230825093026980,6.14,6.14,6.145530546623794
20230825093027800,6.14,6.14,6.145530546623794
20230825093028090,6.14,6.14,6.145612373737373
20230825093028370,6.14,6.14,6.145612373737373
20230825093028490,6.14,6.14,6.145612373737373
20230825093030030,6.14,6.14,6.145593966059082
20230825093030740,6.14,6.14,6.145593966059082
20230825093031090,6.15,6.14,6.14560225846926
20230825093031110,6.15,6.14,6.14560225846926
20230825093031130,6.15,6.14,6.14560225846926
20230825093031400,6.15,6.14,6.14560225846926
20230825093032190,6.15,6.14,6.14560225846926
20230825093032430,6.15,6.14,6.14560225846926
20230825093032750,6.15,6.14,6.14560225846926
20230825093032840,6.15,6.14,6.14560225846926
20230825093033050,6.15,6.14,6.14560225846926
20230825093033750,6.15,6.14,6.14560225846926
20230825093033800,6.15,6.14,6.145650557620818
20230825093034100,6.15,6.14,6.145650557620818
20230825093034110,6.15,6.14,6.145672009864365
20230825093034580,6.15,6.14,6.145672009864365
20230825093034730,6.15,6.14,6.145672009864365
20230825093035060,6.15,6.14,6.145677339901478
20230825093035100,6.15,6.14,6.14568
20230825093035110,6.15,6.14,6.145682656826568
20230825093035770,6.15,6.14,6.145776173285198
20230825093035780,6.15,6.14,6.145776173285198
20230825093036240,6.15,6.14,6.145776173285198
20230825093036370,6.15,6.14,6.145776173285198
20230825093036520,6.15,6.14,6.145772699939868
20230825093036850,6.15,6.14,6.145772699939868
20230825093037720,6.15,6.14,6.145777777777778
20230825093038070,6.15,6.14,6.145787896944278
20230825093038330,6.15,6.14,6.145787896944278
20230825093038500,6.15,6.14,6.145800477897252
20230825093039190,6.15,6.14,6.145797014925373
20230825093039610,6.15,6.14,6.145797014925373
20230825093040210,6.15,6.14,6.145797014925373
20230825093040360,6.13,6.14,6.145469550369949
20230825093040700,6.13,6.14,6.145506756756757
20230825093041130,6.13,6.14,6.145531914893617
20230825093041920,6.13,6.14,6.145531914893617
20230825093041960,6.13,6.14,6.145531914893617
20230825093042520,6.13,6.13,6.145531914893617
20230825093042780,6.13,6.13,6.145531914893617
20230825093042880,6.13,6.13,6.145531914893617
20230825093043270,6.13,6.13,6.145531914893617
20230825093043400,6.13,6.13,6.145531914893617
20230825093043860,6.13,6.13,6.145531914893617
20230825093044180,6.15,6.13,6.145531914893617
20230825093044580,6.15,6.13,6.145531914893617
20230825093044590,6.15,6.13,6.145531914893617
20230825093044600,6.15,6.13,6.145531914893617
20230825093044730,6.15,6.13,6.145531914893617
20230825093045350,6.15,6.13,6.145531914893617
20230825093045740,6.15,6.13,6.145531914893617
20230825093046080,6.15,6.13,6.145531914893617
20230825093046630,6.15,6.13,6.144858560794044
20230825093047710,6.15,6.13,6.144858560794044
20230825093048500,6.15,6.13,6.144858560794044
20230825093048750,6.14,6.13,6.144858560794044
20230825093049090,6.15,6.13,6.144858560794044
20230825093049130,6.15,6.13,6.144858560794044
20230825093049240,6.15,6.13,6.144858560794044
20230825093050470,6.15,6.13,6.144858560794044
20230825093050700,6.15,6.13,6.144858560794044
20230825093051070,6.14,6.13,6.144858560794044
20230825093051600,6.14,6.13,6.144858560794044
20230825093052010,6.14,6.13,6.144574976122254
20230825093052080,6.14,6.13,6.144574976122254
20230825093052090,6.14,6.13,6.144574976122254
20230825093052110,6.14,6.13,6.144574976122254
20230825093052130,6.14,6.13,6.144574976122254
20230825093052270,6.14,6.13,6.144574976122254
20230825093052470,6.14,6.13,6.144574976122254
20230825093052770,6.14,6.13,6.144574976122254
20230825093052880,6.14,6.13,6.144574976122254
20230825093053050,6.14,6.14,6.144574976122254
20230825093053320,6.14,6.14,6.144421003281763
20230825093054070,6.14,6.14,6.144421003281763
20230825093054090,6.14,6.14,6.144421003281763
20230825093054100,6.14,6.14,6.1445034642032335
20230825093054120,6.14,6.14,6.1445034642032335
20230825093054150,6.14,6.14,6.1445034642032335
20230825093054470,6.14,6.14,6.1445034642032335
20230825093055110,6.14,6.14,6.1445034642032335
20230825093055240,6.14,6.14,6.1445034642032335
20230825093055340,6.14,6.14,6.1445034642032335
20230825093055840,6.14,6.14,6.1445034642032335
20230825093056320,6.14,6.14,6.1445034642032335
20230825093056520,6.14,6.14,6.1445034642032335
20230825093056610,6.14,6.14,6.1445034642032335
20230825093056630,6.14,6.14,6.1445034642032335
20230825093057150,6.14,6.14,6.1445034642032335
20230825093057410,6.14,6.14,6.1445034642032335
20230825093057450,6.14,6.14,6.1445034642032335
20230825093057630,6.15,6.14,6.144558756287151
20230825093057760,6.15,6.14,6.144558756287151
20230825093057770,6.15,6.14,6.144558756287151
20230825093057820,6.15,6.14,6.144558756287151
20230825093057840,6.15,6.14,6.144558756287151
20230825093058150,6.15,6.14,6.144558756287151
20230825093058180,6.15,6.14,6.144558756287151
20230825093058190,6.15,6.14,6.144558756287151
20230825093058510,6.15,6.14,6.144558756287151
20230825093058690,6.15,6.14,6.144558756287151
20230825093059600,6.15,6.14,6.144558756287151
20230825093059650,6.15,6.14,6.144558756287151
20230825093059760,6.15,6.14,6.144558756287151
20230825093100710,6.15,6.14,6.144558756287151
20230825093100870,6.15,6.14,6.144558756287151
20230825093100880,6.15,6.14,6.144558756287151
20230825093100900,6.15,6.14,6.144578587699317
20230825093101110,6.15,6.15,6.144578587699317
20230825093101120,6.15,6.15,6.144578587699317
20230825093101330,6.15,6.15,6.144578587699317
20230825093101650,6.15,6.14,6.144578587699317
20230825093101790,6.15,6.14,6.144665461121157
20230825093102140,6.15,6.15,6.144665461121157
20230825093102150,6.15,6.15,6.144665461121157
20230825093102260,6.15,6.15,6.144665461121157
20230825093102440,6.15,6.15,6.144665461121157
20230825093102650,6.15,6.15,6.144665461121157
20230825093102920,6.15,6.15,6.144665461121157
20230825093103230,6.15,6.15,6.144665461121157
20230825093103240,6.15,6.15,6.144665461121157
20230825093103740,6.15,6.15,6.144665461121157
20230825093104070,6.15,6.15,6.144665461121157
20230825093104100,6.15,6.15,6.144665461121157
20230825093104310,6.15,6.15,6.144665461121157
20230825093104330,6.15,6.15,6.144665461121157
20230825093104350,6.15,6.16,6.144665461121157
20230825093104360,6.15,6.16,6.144665461121157
20230825093105130,6.15,6.16,6.144665461121157
20230825093105290,6.15,6.16,6.144665461121157
20230825093106690,6.15,6.16,6.144665461121157
20230825093106820,6.15,6.16,6.144665461121157
20230825093106980,6.15,6.16,6.144665461121157
20230825093107110,6.15,6.16,6.144665461121157
20230825093107170,6.15,6.16,6.144665461121157
20230825093107690,6.15,6.16,6.144665461121157
20230825093107810,6.15,6.16,6.144665461121157
20230825093107850,6.15,6.16,6.144665461121157
20230825093109460,6.15,6.16,6.144665461121157
20230825093110620,6.15,6.16,6.144665461121157
20230825093110840,6.15,6.16,6.144665461121157
20230825093111310,6.15,6.16,6.144665461121157
20230825093111590,6.15,6.16,6.144665461121157
20230825093111730,6.15,6.16,6.144665461121157
20230825093111950,6.15,6.16,6.144665461121157
20230825093111980,6.15,6.16,6.144665461121157
20230825093113090,6.15,6.16,6.144665461121157
20230825093113120,6.15,6.16,6.144665461121157
20230825093113130,6.15,6.16,6.144665461121157
20230825093113150,6.15,6.16,6.144665461121157
20230825093113160,6.15,6.16,6.144665461121157
20230825093114300,6.15,6.16,6.144665461121157
20230825093114470,6.15,6.16,6.144665461121157
20230825093114610,6.15,6.16,6.144665461121157
20230825093114640,6.15,6.16,6.144665461121157
20230825093114930,6.15,6.16,6.144665461121157
20230825093114940,6.15,6.16,6.144665461121157
20230825093115010,6.15,6.16,6.144665461121157
20230825093115140,6.15,6.16,6.144665461121157
20230825093115740,6.15,6.16,6.144665461121157
20230825093116090,6.15,6.16,6.144665461121157
20230825093117020,6.15,6.16,6.144665461121157
20230825093117050,6.15,6.16,6.144665461121157
20230825093117490,6.15,6.16,6.144665461121157
20230825093117520,6.15,6.16,6.144665461121157
20230825093117550,6.15,6.16,6.144665461121157
20230825093118140,6.15,6.16,6.144665461121157
20230825093119020,6.15,6.16,6.144665461121157
20230825093119440,6.15,6.16,6.144665461121157
20230825093119800,6.15,6.16,6.144665461121157
20230825093120280,6.15,6.16,6.144665461121157
20230825093120650,6.15,6.16,6.144665461121157
20230825093120760,6.15,6.16,6.144665461121157
20230825093120900,6.15,6.16,6.144665461121157
20230825093120990,6.15,6.16,6.144665461121157
20230825093121120,6.15,6.16,6.144665461121157
20230825093121570,6.15,6.16,6.144665461121157
20230825093121620,6.15,6.16,6.144665461121157
20230825093121810,6.15,6.16,6.144665461121157
20230825093122190,6.15,6.16,6.144665461121157
20230825093123310,6.15,6.16,6.144665461121157
20230825093123530,6.15,6.16,6.144665461121157
20230825093123700,6.15,6.16,6.144665461121157
20230825093123870,6.15,6.16,6.144665461121157
20230825093123970,6.15,6.16,6.144665461121157
20230825093124140,6.15,6.16,6.144665461121157
20230825093124410,6.15,6.16,6.144665461121157
20230825093124560,6.15,6.16,6.144665461121157
20230825093124890,6.14,6.16,6.1454235145385585
20230825093124900,6.14,6.14,6.145035211267605
20230825093124930,6.14,6.14,6.145035211267605
20230825093125450,6.14,6.14,6.1447073884418435
20230825093125550,6.14,6.14,6.1447073884418435
20230825093125860,6.14,6.14,6.144697080291971
20230825093125930,6.14,6.14,6.144697080291971
20230825093126170,6.14,6.14,6.144697080291971
20230825093126900,6.14,6.14,6.144697080291971
20230825093127470,6.14,6.14,6.144697080291971
20230825093128040,6.14,6.14,6.144697080291971
20230825093128150,6.14,6.14,6.144697080291971
20230825093128840,6.14,6.14,6.144697080291971
20230825093128880,6.14,6.14,6.144697080291971
20230825093129560,6.14,6.14,6.144697080291971
20230825093129590,6.14,6.14,6.144697080291971
20230825093130330,6.14,6.14,6.144697080291971
20230825093130380,6.14,6.14,6.144697080291971
20230825093130430,6.14,6.14,6.144697080291971
20230825093130690,6.14,6.14,6.1445980707395496
20230825093130700,6.14,6.14,6.1445947875758655
20230825093130710,6.14,6.14,6.1445947875758655
20230825093130910,6.14,6.14,6.1445947875758655
20230825093131010,6.14,6.14,6.1445784418356455
20230825093132150,6.14,6.14,6.1445784418356455
20230825093132660,6.14,6.14,6.1445784418356455
20230825093132670,6.14,6.14,6.1445784418356455
20230825093132780,6.14,6.14,6.1445784418356455
20230825093132950,6.14,6.14,6.144568690095847
20230825093133370,6.14,6.14,6.144568690095847
20230825093133690,6.14,6.14,6.144554140127388
20230825093133700,6.14,6.14,6.144554140127388
20230825093133710,6.14,6.14,6.144554140127388
20230825093133840,6.14,6.14,6.144554140127388
20230825093134080,6.14,6.14,6.144554140127388
20230825093134100,6.14,6.14,6.144554140127388
20230825093134210,6.14,6.14,6.144554140127388
20230825093134220,6.14,6.14,6.144554140127388
20230825093134240,6.14,6.14,6.144554140127388
20230825093134250,6.14,6.14,6.144554140127388
20230825093134430,6.14,6.14,6.144554140127388
20230825093135850,6.14,6.14,6.144554140127388
20230825093136090,6.14,6.14,6.144554140127388
20230825093136280,6.14,6.14,6.144554140127388
20230825093136890,6.14,6.14,6.144554140127388
20230825093137180,6.14,6.14,6.144568510038746
20230825093137320,6.14,6.14,6.144568510038746
20230825093137360,6.14,6.14,6.144568510038746
20230825093137580,6.14,6.14,6.144568510038746
20230825093137620,6.14,6.14,6.144568510038746
20230825093138450,6.14,6.14,6.14456690140845
20230825093138720,6.14,6.14,6.144481686247408
20230825093139230,6.14,6.14,6.144481686247408
20230825093139280,6.14,6.14,6.144481686247408
20230825093139730,6.14,6.14,6.144476683937824
20230825093139740,6.14,6.14,6.144464347227006
20230825093139970,6.14,6.14,6.144464347227006
20230825093140120,6.14,6.14,6.144464347227006
20230825093140130,6.14,6.14,6.144464347227006
20230825093140300,6.14,6.14,6.144464347227006
20230825093140480,6.14,6.14,6.144464347227006
20230825093140870,6.14,6.14,6.144464347227006
20230825093140880,6.14,6.14,6.1444551392231
20230825093140910,6.14,6.14,6.1444551392231
20230825093141050,6.14,6.14,6.1444551392231
20230825093141270,6.14,6.14,6.144439876670092
20230825093141510,6.14,6.14,6.144439876670092
20230825093141520,6.14,6.14,6.144439876670092
20230825093141570,6.14,6.14,6.144439876670092
20230825093141870,6.14,6.14,6.144439876670092
20230825093141910,6.14,6.14,6.1442146341463415
20230825093142200,6.14,6.14,6.1442146341463415
20230825093142510,6.14,6.14,6.1442146341463415
20230825093142770,6.14,6.14,6.1442146341463415
20230825093142790,6.14,6.14,6.144210013003901
20230825093143650,6.14,6.14,6.144210013003901
20230825093143800,6.14,6.14,6.14420864478388
20230825093144560,6.14,6.14,6.14420864478388
20230825093145400,6.14,6.14,6.14420864478388
20230825093146110,6.14,6.14,6.1442072774528915
20230825093146210,6.14,6.14,6.1442072774528915
20230825093146450,6.14,6.14,6.1442072774528915
20230825093147300,6.14,6.14,6.1442072774528915
20230825093147710,6.14,6.14,6.144169349645847
20230825093148250,6.14,6.14,6.144169349645847
20230825093148270,6.14,6.14,6.144169349645847
20230825093148600,6.14,6.14,6.144169349645847
20230825093148690,6.14,6.14,6.144155969191271
20230825093148970,6.14,6.14,6.144155969191271
20230825093149090,6.14,6.14,6.144153303399615
20230825093149370,6.14,6.14,6.144153303399615
20230825093150370,6.14,6.14,6.144153303399615
20230825093150420,6.14,6.14,6.144153303399615
20230825093150720,6.14,6.14,6.144153303399615
20230825093150900,6.14,6.14,6.144153303399615
20230825093151100,6.14,6.14,6.144140025575448
20230825093151320,6.14,6.12,6.139088109900521
20230825093151330,6.14,6.13,6.139088109900521
20230825093151340,6.14,6.11,6.137248437836673
20230825093151350,6.14,6.11,6.137248437836673
20230825093151430,6.14,6.12,6.137248437836673
20230825093151440,6.12,6.11,6.137137657889103
20230825093151450,6.14,6.12,6.136920312830268
20230825093151460,6.14,6.12,6.136920312830268
20230825093151510,6.14,6.12,6.136920312830268
20230825093151520,6.14,6.12,6.136920312830268
20230825093151530,6.14,6.12,6.136920312830268
20230825093151590,6.14,6.12,6.136920312830268
20230825093151680,6.14,6.12,6.136920312830268
20230825093151910,6.14,6.12,6.136920963651733
20230825093151920,6.14,6.12,6.136920963651733
20230825093152040,6.14,6.12,6.136956795302013
20230825093152070,6.14,6.12,6.136956795302013
20230825093152080,6.14,6.12,6.136956795302013
20230825093152160,6.13,6.12,6.136956795302013
20230825093152170,6.13,6.12,6.136956795302013
20230825093152450,6.13,6.12,6.136956795302013
20230825093152610,6.14,6.13,6.136953878406708
20230825093153410,6.14,6.13,6.136953878406708
20230825093154370,6.14,6.13,6.136966597077245
20230825093154410,6.14,6.13,6.136966597077245
20230825093154430,6.14,6.13,6.136966597077245
20230825093154570,6.14,6.13,6.136966597077245
20230825093155130,6.14,6.13,6.136966597077245
20230825093155220,6.14,6.13,6.136966597077245
20230825093155310,6.14,6.13,6.136966597077245
20230825093155430,6.14,6.13,6.136966597077245
20230825093155570,6.14,6.13,6.136966597077245
20230825093155580,6.14,6.13,6.136966597077245
20230825093155600,6.14,6.13,6.136966597077245
20230825093155720,6.14,6.13,6.136966597077245
20230825093156010,6.14,6.13,6.136966597077245
20230825093156530,6.14,6.13,6.136966597077245
20230825093156580,6.14,6.13,6.136966597077245
20230825093157120,6.14,6.13,6.136966597077245
20230825093157230,6.14,6.13,6.136966597077245
20230825093157550,6.14,6.13,6.136966597077245
20230825093157950,6.14,6.13,6.136967230223336
20230825093158020,6.14,6.13,6.136967230223336
20230825093158170,6.14,6.13,6.136967230223336
20230825093158320,6.14,6.13,6.136967230223336
20230825093158410,6.14,6.13,6.136967230223336
20230825093158980,6.14,6.13,6.136916701201823
20230825093158990,6.14,6.12,6.1366572180603365
20230825093159000,6.12,6.12,6.136159890001964
20230825093159010,6.14,6.12,6.135848584087844
20230825093159050,6.14,6.12,6.135848584087844
20230825093159080,6.14,6.12,6.135848584087844
20230825093159150,6.14,6.13,6.135848584087844
20230825093159160,6.14,6.13,6.135848584087844
20230825093200820,6.14,6.13,6.135848584087844
20230825093200970,6.14,6.13,6.135848584087844
20230825093201120,6.14,6.13,6.135848584087844
20230825093201150,6.14,6.13,6.135848584087844
20230825093201270,6.14,6.13,6.135848584087844
20230825093201800,6.14,6.13,6.135848584087844
20230825093202050,6.14,6.13,6.135848584087844
20230825093202380,6.14,6.13,6.135848584087844
20230825093202660,6.14,6.13,6.135848584087844
20230825093202770,6.14,6.13,6.135848584087844
20230825093203250,6.14,6.13,6.135848584087844
20230825093203370,6.14,6.13,6.135848584087844
20230825093203660,6.14,6.13,6.135848584087844
20230825093204120,6.14,6.13,6.135848584087844
20230825093204130,6.14,6.13,6.135848584087844
20230825093204360,6.14,6.13,6.135848584087844
20230825093204400,6.14,6.13,6.135848584087844
20230825093204540,6.14,6.13,6.135848584087844
20230825093204710,6.14,6.13,6.135848584087844
20230825093204730,6.14,6.13,6.135848584087844
20230825093204810,6.14,6.13,6.135848584087844
20230825093204820,6.14,6.13,6.135848584087844
20230825093205020,6.14,6.13,6.135848584087844
20230825093205100,6.14,6.13,6.135848584087844
20230825093205130,6.14,6.13,6.135848584087844
20230825093205610,6.14,6.13,6.135848584087844
20230825093205900,6.14,6.13,6.135848584087844
20230825093205970,6.14,6.13,6.135848584087844
20230825093206000,6.14,6.12,6.134980876216968
20230825093206010,6.14,6.11,6.132370293507264
20230825093206020,6.11,6.11,6.130939364506729
20230825093206040,6.11,6.13,6.130939364506729
20230825093206800,6.11,6.13,6.130939364506729
20230825093207050,6.11,6.13,6.130939364506729
20230825093207550,6.11,6.13,6.130938973647711
20230825093208270,6.14,6.13,6.131001377410469
20230825093208900,6.14,6.13,6.131001377410469
20230825093209010,6.14,6.13,6.131001377410469
20230825093209020,6.14,6.13,6.131001377410469
20230825093209270,6.14,6.13,6.131001377410469
20230825093209730,6.14,6.13,6.1310012394986915
20230825093210390,6.14,6.13,6.1310012394986915
20230825093210400,6.14,6.13,6.1310012394986915
20230825093210490,6.14,6.13,6.1310012394986915
20230825093210590,6.14,6.13,6.1310012394986915
20230825093210810,6.14,6.13,6.1310012394986915
20230825093211270,6.14,6.13,6.1310012394986915
20230825093211490,6.14,6.13,6.1310012394986915
20230825093211700,6.14,6.13,6.1310012394986915
20230825093211710,6.14,6.13,6.131006194081212
20230825093212800,6.14,6.13,6.131006194081212
20230825093212950,6.14,6.13,6.131006194081212
20230825093213020,6.14,6.13,6.131006194081212
20230825093214020,6.14,6.13,6.131006194081212
20230825093214190,6.14,6.13,6.131006194081212
20230825093214230,6.14,6.13,6.131006194081212
20230825093214300,6.14,6.13,6.131006194081212
20230825093214370,6.14,6.13,6.131006194081212
20230825093215030,6.14,6.13,6.131006194081212
20230825093215170,6.14,6.13,6.131006194081212
20230825093215310,6.14,6.13,6.131006194081212
20230825093215420,6.14,6.13,6.131006194081212
20230825093215430,6.14,6.13,6.131006194081212
20230825093215800,6.14,6.13,6.131006194081212
20230825093215890,6.14,6.13,6.1310006844626965
20230825093215940,6.14,6.13,6.1310006844626965
20230825093216190,6.14,6.13,6.1310006844626965
20230825093216690,6.14,6.13,6.1310006844626965
20230825093217000,6.14,6.13,6.1310006844626965
20230825093217420,6.14,6.13,6.1310006844626965
20230825093217550,6.14,6.13,6.1310006844626965
20230825093218410,6.14,6.13,6.1310006844626965
20230825093218620,6.14,6.13,6.1310006844626965
20230825093218750,6.14,6.13,6.1310006844626965
20230825093218770,6.14,6.13,6.1310006844626965
20230825093218790,6.14,6.13,6.1310006844626965
20230825093219360,6.14,6.13,6.1310006844626965
20230825093219400,6.14,6.13,6.1310006844626965
20230825093220740,6.14,6.13,6.1310006844626965
20230825093220950,6.14,6.13,6.1310006844626965
20230825093221710,6.14,6.13,6.1310006844626965
20230825093221730,6.14,6.13,6.130996727570221
20230825093221740,6.14,6.13,6.130990246545651
20230825093221750,6.14,6.13,6.130990112420426
20230825093221840,6.14,6.13,6.130990112420426
20230825093221850,6.13,6.12,6.130986504723347
20230825093221880,6.13,6.12,6.130986504723347
20230825093221920,6.13,6.12,6.130986504723347
20230825093222020,6.13,6.12,6.130986504723347
20230825093222090,6.13,6.12,6.130986504723347
20230825093222190,6.13,6.12,6.130986504723347
20230825093222550,6.13,6.12,6.130980577286215
20230825093222830,6.13,6.12,6.130980577286215
20230825093222850,6.13,6.12,6.130980577286215
20230825093222910,6.13,6.12,6.130980577286215
20230825093223190,6.13,6.12,6.130977939198278
20230825093223500,6.13,6.12,6.130977019217847
20230825093223510,6.14,6.12,6.130973226238287
20230825093223520,6.14,6.13,6.130973226238287
20230825093223630,6.14,6.13,6.130973226238287
20230825093223680,6.14,6.12,6.130971275885104
20230825093223700,6.13,6.12,6.130971275885104
20230825093223860,6.13,6.12,6.13097114613946
20230825093224500,6.13,6.12,6.13097114613946
20230825093224570,6.13,6.12,6.13097114613946
20230825093224930,6.14,6.13,6.130970627503338
20230825093225670,6.14,6.13,6.130970627503338
20230825093225730,6.14,6.13,6.130970627503338
20230825093225780,6.14,6.13,6.130970627503338
20230825093225820,6.14,6.13,6.130992274906766
20230825093226380,6.13,6.12,6.130991878578086
20230825093226460,6.13,6.12,6.130991878578086
20230825093226580,6.13,6.12,6.1309917465388715
20230825093226910,6.13,6.12,6.1309917465388715
20230825093227120,6.13,6.12,6.1309917465388715
20230825093227250,6.13,6.12,6.1309917465388715
20230825093228030,6.13,6.12,6.1309917465388715
20230825093228300,6.13,6.12,6.1309917465388715
20230825093228750,6.13,6.12,6.1309917465388715
20230825093228990,6.13,6.12,6.1309917465388715
20230825093229260,6.13,6.12,6.130991614534806
20230825093229420,6.13,6.12,6.130991614534806
20230825093229840,6.13,6.12,6.130991614534806
20230825093229860,6.13,6.12,6.130991614534806
20230825093229880,6.13,6.12,6.130991614534806
20230825093229910,6.13,6.13,6.130991614534806
20230825093230830,6.13,6.13,6.130991614534806
20230825093230930,6.13,6.13,6.130991614534806
20230825093231060,6.13,6.13,6.130991614534806
20230825093231230,6.13,6.13,6.130991614534806
20230825093231320,6.13,6.12,6.130991482565877
20230825093231350,6.13,6.12,6.130991482565877
20230825093231650,6.13,6.12,6.130991482565877
20230825093231790,6.13,6.12,6.130991482565877
20230825093231840,6.13,6.12,6.130991482565877
20230825093232210,6.13,6.12,6.130991482565877
20230825093232410,6.13,6.13,6.130991482565877
20230825093232470,6.13,6.13,6.130989507238677
20230825093232480,6.13,6.13,6.130989507238677
20230825093232640,6.13,6.13,6.130989507238677
20230825093232660,6.13,6.13,6.130989507238677
20230825093232840,6.13,6.12,6.130989375830013
20230825093233300,6.13,6.12,6.130989375830013
20230825093233520,6.13,6.12,6.130989375830013
20230825093233620,6.13,6.12,6.130989375830013
20230825093233800,6.13,6.12,6.130989113117366
20230825093234140,6.13,6.12,6.130989113117366
20230825093234160,6.13,6.12,6.130988588110403
20230825093234910,6.13,6.12,6.130988588110403
20230825093234930,6.13,6.12,6.130988588110403
20230825093235020,6.13,6.12,6.130986624288174
20230825093235030,6.13,6.12,6.130984017963281
20230825093235270,6.13,6.12,6.130984017963281
20230825093235440,6.13,6.12,6.130984017963281
20230825093235460,6.13,6.12,6.130984017963281
20230825093235580,6.13,6.12,6.130982590345555
20230825093235650,6.13,6.12,6.130982590345555
20230825093236270,6.13,6.12,6.130982590345555
20230825093236380,6.13,6.12,6.130982460767506
20230825093236670,6.13,6.12,6.130982460767506
20230825093236740,6.13,6.12,6.1309823312236285
20230825093236840,6.13,6.12,6.130957768714643
20230825093236910,6.13,6.12,6.130957768714643
20230825093237280,6.13,6.12,6.130957768714643
20230825093237410,6.13,6.12,6.130957768714643
20230825093237760,6.13,6.12,6.130957768714643
20230825093237780,6.13,6.12,6.130948410630537
20230825093238070,6.13,6.12,6.130948410630537
20230825093238080,6.13,6.13,6.130948410630537
20230825093238090,6.13,6.13,6.130948410630537
20230825093238100,6.13,6.13,6.130948410630537
20230825093238280,6.13,6.13,6.130948410630537
20230825093238300,6.13,6.13,6.130948410630537
20230825093238370,6.13,6.13,6.130947669877636
20230825093238830,6.13,6.13,6.130947669877636
20230825093239290,6.13,6.13,6.130947669877636
20230825093239310,6.13,6.13,6.130947546531303
20230825093239760,6.13,6.13,6.130947546531303
20230825093239870,6.13,6.13,6.130947546531303
20230825093240000,6.13,6.13,6.130947546531303
20230825093240160,6.13,6.13,6.130947546531303
20230825093240190,6.13,6.13,6.130947423217075
20230825093241420,6.13,6.13,6.130947423217075
20230825093241480,6.13,6.13,6.130947423217075
20230825093241710,6.13,6.13,6.130947423217075
20230825093241740,6.13,6.13,6.130947423217075
20230825093242010,6.13,6.13,6.130947423217075
20230825093242360,6.13,6.13,6.130947423217075
20230825093242450,6.13,6.13,6.130965060397454
20230825093242470,6.13,6.13,6.130965060397454
20230825093242490,6.13,6.13,6.130965060397454
20230825093243090,6.13,6.13,6.130965060397454
20230825093243120,6.13,6.13,6.130965060397454
20230825093243150,6.13,6.13,6.130965060397454
20230825093243320,6.13,6.13,6.130965060397454
20230825093243380,6.13,6.13,6.130966233766234
20230825093243480,6.13,6.13,6.130966233766234
20230825093243520,6.13,6.13,6.130966233766234
20230825093243590,6.13,6.13,6.130966233766234
20230825093243880,6.13,6.13,6.130966233766234
20230825093244880,6.13,6.13,6.130966233766234
20230825093244960,6.13,6.13,6.130966233766234
20230825093245580,6.13,6.13,6.130966233766234
20230825093245750,6.13,6.13,6.130966233766234
20230825093245800,6.13,6.13,6.130966233766234
20230825093245980,6.13,6.13,6.130966233766234
20230825093246210,6.13,6.13,6.130966233766234
20230825093246310,6.13,6.13,6.130966233766234
20230825093246320,6.14,6.13,6.130989637305699
20230825093246770,6.14,6.13,6.130989637305699
20230825093246970,6.14,6.13,6.130989637305699
20230825093247110,6.14,6.13,6.130989637305699
20230825093247180,6.14,6.13,6.130989637305699
20230825093247420,6.14,6.13,6.130989637305699
20230825093247500,6.14,6.13,6.130989637305699
20230825093247810,6.14,6.13,6.130989637305699
20230825093248480,6.14,6.13,6.130989637305699
20230825093248980,6.14,6.13,6.130983522142121
20230825093249090,6.14,6.13,6.130990481090816
20230825093249170,6.14,6.13,6.130990481090816
20230825093249190,6.14,6.13,6.130990481090816
20230825093249470,6.14,6.13,6.130990481090816
20230825093250210,6.14,6.13,6.130990481090816
20230825093250240,6.14,6.13,6.130990481090816
20230825093250250,6.14,6.13,6.130990481090816
20230825093250600,6.14,6.13,6.130990481090816
20230825093250650,6.14,6.13,6.130990481090816
20230825093250730,6.14,6.13,6.130990481090816
20230825093250780,6.14,6.13,6.130990481090816
20230825093250910,6.14,6.13,6.130985410801126
20230825093250920,6.14,6.13,6.130985410801126
20230825093251210,6.14,6.13,6.130985410801126
20230825093251280,6.14,6.13,6.130985410801126
20230825093251330,6.14,6.13,6.130995781669436
20230825093251780,6.14,6.13,6.130995781669436
20230825093251790,6.14,6.13,6.130995781669436
20230825093252080,6.14,6.13,6.130998083067093
20230825093253100,6.14,6.13,6.130998083067093
20230825093253330,6.14,6.13,6.130998083067093
20230825093253410,6.14,6.13,6.130998083067093
20230825093253510,6.14,6.13,6.130998083067093
20230825093254170,6.14,6.13,6.130998083067093
20230825093254800,6.14,6.13,6.130997955532839
20230825093254830,6.14,6.13,6.130997955532839
20230825093254880,6.14,6.13,6.130997955532839
20230825093255520,6.14,6.13,6.130997955532839
20230825093255730,6.14,6.13,6.131000255493102
20230825093255800,6.14,6.13,6.131000255493102
20230825093255810,6.14,6.13,6.131000255493102
20230825093255960,6.14,6.13,6.131000255493102
20230825093256070,6.14,6.13,6.131000255493102
20230825093256310,6.14,6.13,6.131000255493102
20230825093256320,6.14,6.13,6.131000255493102
20230825093256510,6.14,6.13,6.131000127730234
20230825093257000,6.14,6.13,6.131000127730234
20230825093257330,6.14,6.13,6.131000127730234
20230825093257760,6.14,6.13,6.131000127730234
20230825093257800,6.14,6.13,6.131000127730234
20230825093257960,6.14,6.13,6.131000127730234
20230825093258030,6.14,6.13,6.131000127730234
20230825093258090,6.14,6.13,6.131000127730234
20230825093258190,6.14,6.13,6.131000127730234
20230825093258500,6.14,6.13,6.131
20230825093258870,6.14,6.13,6.130998979331462
20230825093259060,6.14,6.13,6.130998979331462
20230825093300280,6.14,6.13,6.130998979331462
20230825093300310,6.14,6.13,6.130998979331462
20230825093300870,6.14,6.13,6.130998979331462
20230825093300930,6.14,6.13,6.130998979331462
20230825093301090,6.14,6.13,6.130997579309466
20230825093301200,6.14,6.13,6.130997579309466
20230825093301680,6.14,6.13,6.130997579309466
20230825093302330,6.14,6.13,6.130997579309466
20230825093302530,6.14,6.13,6.130997579309466
20230825093302800,6.14,6.13,6.130997579309466
20230825093302890,6.14,6.13,6.130997579309466
20230825093302980,6.14,6.13,6.130997579309466
20230825093303330,6.14,6.13,6.130994411988824
20230825093303570,6.14,6.13,6.1310046936445515
20230825093303730,6.14,6.13,6.131004566210046
20230825093303820,6.14,6.13,6.131004566210046
20230825093304070,6.14,6.13,6.131004566210046
20230825093304600,6.14,6.13,6.131004566210046
20230825093304640,6.14,6.13,6.131004566210046
20230825093304690,6.14,6.13,6.131005707038681
20230825093304720,6.14,6.13,6.131018237082067
20230825093305160,6.14,6.13,6.131018237082067
20230825093305450,6.14,6.13,6.131018237082067
20230825093306230,6.14,6.13,6.131018237082067
20230825093306400,6.14,6.13,6.131018237082067
20230825093306800,6.14,6.13,6.131018237082067
20230825093307070,6.14,6.13,6.131018237082067
20230825093307270,6.14,6.13,6.131018237082067
20230825093307290,6.14,6.13,6.131018237082067
20230825093307310,6.14,6.13,6.131018237082067
20230825093307340,6.14,6.13,6.131018237082067
20230825093307380,6.14,6.13,6.131021648309913
20230825093307390,6.14,6.13,6.131021648309913
20230825093307730,6.14,6.13,6.131021648309913
20230825093307810,6.14,6.13,6.131021648309913
20230825093308040,6.14,6.13,6.131021648309913
20230825093308370,6.14,6.13,6.131021648309913
20230825093308380,6.14,6.13,6.131021648309913
20230825093308450,6.14,6.13,6.131021648309913
20230825093308590,6.14,6.13,6.131021648309913
20230825093308910,6.14,6.13,6.131021648309913
20230825093308930,6.14,6.13,6.131028947035773
20230825093310010,6.14,6.13,6.131028947035773
20230825093310270,6.14,6.13,6.131028947035773
20230825093311310,6.14,6.13,6.131028947035773
20230825093311600,6.14,6.13,6.131028947035773
20230825093311740,6.14,6.13,6.131038009849728
20230825093312380,6.14,6.13,6.131038009849728
20230825093312430,6.14,6.13,6.131038009849728
20230825093312940,6.14,6.13,6.131038009849728
20230825093313550,6.14,6.13,6.131038009849728
20230825093313920,6.14,6.13,6.131038009849728
20230825093313960,6.14,6.13,6.131038009849728
20230825093314150,6.14,6.13,6.131036962280812
20230825093314540,6.14,6.13,6.131036962280812
20230825093315140,6.14,6.13,6.131036962280812
20230825093315170,6.14,6.13,6.131036962280812
20230825093315380,6.14,6.13,6.131036962280812
20230825093315490,6.14,6.13,6.131036962280812
20230825093315710,6.14,6.13,6.131067387477999
20230825093315870,6.14,6.13,6.131067387477999
20230825093315980,6.14,6.13,6.131091364205257
20230825093316200,6.14,6.13,6.131091364205257
20230825093316330,6.14,6.13,6.131091364205257
20230825093316780,6.14,6.13,6.131091364205257
20230825093317480,6.14,6.13,6.131091364205257
20230825093318010,6.14,6.13,6.131091364205257
20230825093318030,6.14,6.13,6.131091364205257
20230825093318570,6.14,6.13,6.131091364205257
20230825093318880,6.14,6.13,6.131091364205257
20230825093319300,6.14,6.13,6.131091364205257
20230825093319470,6.14,6.13,6.131091364205257
20230825093319660,6.14,6.13,6.131091364205257
20230825093320690,6.14,6.13,6.131091364205257
20230825093321190,6.14,6.13,6.131091364205257
20230825093321690,6.14,6.13,6.131091364205257
20230825093321830,6.14,6.13,6.131091364205257
20230825093322010,6.14,6.13,6.131081215127092
20230825093322120,6.14,6.13,6.131081215127092
20230825093322170,6.14,6.13,6.131080545229244
20230825093322190,6.14,6.13,6.131079876160991
20230825093322490,6.14,6.13,6.131079876160991
20230825093322610,6.14,6.13,6.131079876160991
20230825093322620,6.14,6.13,6.131079876160991
20230825093322690,6.14,6.13,6.131079876160991
20230825093322840,6.14,6.13,6.131079876160991
20230825093322930,6.14,6.13,6.131079876160991
20230825093323030,6.14,6.13,6.1310786739238
20230825093323110,6.14,6.13,6.1310786739238
20230825093323130,6.14,6.13,6.131067842272839
20230825093323430,6.14,6.13,6.131067711521979
20230825093323510,6.14,6.13,6.131067580803134
20230825093323590,6.14,6.13,6.131067450116293
20230825093323720,6.14,6.13,6.131067450116293
20230825093324100,6.14,6.13,6.131067450116293
20230825093324220,6.14,6.13,6.131067450116293
20230825093325000,6.14,6.13,6.131067450116293
20230825093325030,6.14,6.13,6.131067450116293
20230825093325060,6.14,6.13,6.131067450116293
20230825093325090,6.14,6.13,6.131024797273475
20230825093325130,6.14,6.13,6.131024676850764
20230825093325250,6.14,6.13,6.131024436090225
20230825093325390,6.14,6.13,6.131024436090225
20230825093325490,6.14,6.13,6.131024436090225
20230825093325540,6.14,6.13,6.131024436090225
20230825093326110,6.14,6.13,6.131024436090225
20230825093326150,6.14,6.13,6.131024436090225
20230825093326410,6.14,6.13,6.131024436090225
20230825093327050,6.14,6.13,6.131024436090225
20230825093327070,6.14,6.13,6.131024436090225
20230825093327240,6.14,6.13,6.131024436090225
20230825093327350,6.14,6.13,6.131024436090225
20230825093327500,6.14,6.13,6.131024436090225
20230825093327820,6.14,6.13,6.131024436090225
20230825093327860,6.14,6.13,6.131024436090225
20230825093327890,6.14,6.13,6.131024436090225
20230825093327950,6.14,6.13,6.131024436090225
20230825093328420,6.14,6.13,6.131030153701748
20230825093328870,6.14,6.13,6.131030153701748
20230825093328960,6.14,6.13,6.131025341585893
20230825093329090,6.14,6.13,6.131025341585893
20230825093329200,6.14,6.13,6.131025341585893
20230825093329460,6.14,6.13,6.131025341585893
20230825093329690,6.14,6.13,6.131025341585893
20230825093330060,6.14,6.13,6.131025341585893
20230825093330500,6.14,6.13,6.131025341585893
20230825093330570,6.14,6.13,6.131025341585893
20230825093330820,6.14,6.13,6.131025341585893
20230825093330860,6.14,6.13,6.131029137529137
20230825093330910,6.14,6.13,6.131029137529137
20230825093330990,6.14,6.13,6.131029137529137
20230825093331000,6.14,6.13,6.131029137529137
20230825093331480,6.14,6.13,6.131020101663586
20230825093331490,6.14,6.13,6.131020101663586
20230825093331870,6.14,6.13,6.131020101663586
20230825093331970,6.14,6.13,6.131020101663586
20230825093332160,6.14,6.13,6.131020101663586
20230825093332590,6.14,6.13,6.131014709262239
20230825093332610,6.14,6.13,6.131014709262239
20230825093332660,6.14,6.13,6.131014709262239
20230825093333130,6.14,6.13,6.131014709262239
20230825093333210,6.14,6.13,6.131014243050769
20230825093333250,6.14,6.13,6.131014243050769
20230825093333260,6.14,6.13,6.131014243050769
20230825093333270,6.14,6.13,6.131014243050769
20230825093333360,6.14,6.13,6.131014243050769
20230825093333380,6.14,6.13,6.131014243050769
20230825093333730,6.14,6.13,6.131014126564833
20230825093334030,6.14,6.13,6.131014126564833
20230825093334120,6.14,6.13,6.131014126564833
20230825093334450,6.14,6.13,6.131013777267508
20230825093334650,6.14,6.13,6.131034364261168
20230825093334680,6.14,6.13,6.131034364261168
20230825093335030,6.14,6.13,6.131028590955689
20230825093335110,6.14,6.13,6.131030634324109
20230825093335400,6.14,6.13,6.131030634324109
20230825093335680,6.14,6.13,6.131030634324109
20230825093335790,6.14,6.13,6.131030634324109
20230825093335900,6.14,6.13,6.131030634324109
20230825093336640,6.14,6.13,6.131030634324109
20230825093336770,6.14,6.13,6.131030634324109
20230825093337470,6.14,6.13,6.131030634324109
20230825093337640,6.14,6.13,6.131030634324109
20230825093337900,6.14,6.13,6.131030634324109
20230825093338110,6.14,6.13,6.131030634324109
20230825093338230,6.14,6.13,6.131030634324109
20230825093338470,6.14,6.13,6.131030634324109
20230825093339180,6.14,6.13,6.131030634324109
20230825093339470,6.14,6.13,6.131030516966522
20230825093339770,6.14,6.13,6.131030516966522
20230825093339950,6.14,6.13,6.131030516966522
20230825093342120,6.14,6.13,6.131030516966522
20230825093342560,6.14,6.13,6.131030516966522
20230825093342670,6.14,6.13,6.131030516966522
20230825093343410,6.14,6.13,6.131031538198793
20230825093343840,6.13,6.13,6.13096547314578
20230825093344010,6.13,6.13,6.130964445390675
20230825093344030,6.13,6.13,6.130962192013594
20230825093344180,6.13,6.13,6.130955998733777
20230825093344190,6.13,6.13,6.130955998733777
20230825093344200,6.13,6.13,6.130955998733777
20230825093344410,6.13,6.13,6.130955998733777
20230825093344720,6.13,6.13,6.130955998733777
20230825093345180,6.13,6.12,6.130700814181181
20230825093345190,6.13,6.12,6.130410066172048
20230825093345200,6.12,6.12,6.130222506645663
20230825093345500,6.12,6.12,6.130212452050753
20230825093345570,6.12,6.12,6.13021044350477
20230825093345590,6.12,6.12,6.13021044350477
20230825093345650,6.12,6.12,6.130190401413289
20230825093345790,6.12,6.12,6.130190401413289
20230825093346030,6.12,6.12,6.130176418700382
20230825093346190,6.12,6.12,6.130176418700382
20230825093346200,6.12,6.12,6.130176418700382
20230825093346440,6.12,6.12,6.130176418700382
20230825093346750,6.12,6.12,6.130176418700382
20230825093346860,6.12,6.12,6.130176418700382
20230825093347000,6.12,6.12,6.1301694417238
20230825093347100,6.12,6.12,6.130161479741632
20230825093347230,6.12,6.12,6.130161479741632
20230825093347430,6.12,6.12,6.130161479741632
20230825093347870,6.12,6.12,6.130161479741632
20230825093348050,6.12,6.12,6.130161479741632
20230825093348120,6.12,6.12,6.130161479741632
20230825093348680,6.12,6.12,6.130161479741632
20230825093348840,6.12,6.12,6.130161479741632
20230825093349200,6.12,6.12,6.130161479741632
20230825093349220,6.12,6.12,6.130101177157311
20230825093349230,6.12,6.12,6.130091359704539
20230825093349240,6.12,6.12,6.1300678754969455
20230825093349250,6.12,6.12,6.130062996704788
20230825093349260,6.12,6.12,6.13004450033859
20230825093349270,6.12,6.12,6.130037703016241
20230825093349280,6.12,6.12,6.130033822960959
20230825093349290,6.12,6.12,6.130032853415789
20230825093349580,6.12,6.11,6.12939745508982
20230825093349630,6.12,6.11,6.12939745508982
20230825093349640,6.12,6.11,6.12939745508982
20230825093349700,6.12,6.11,6.12939745508982
20230825093350130,6.12,6.11,6.12939745508982
20230825093350190,6.12,6.11,6.12939745508982
20230825093350400,6.12,6.11,6.12939745508982
20230825093350480,6.12,6.11,6.12939745508982
20230825093350870,6.12,6.11,6.12939745508982
20230825093351720,6.12,6.11,6.12939745508982
20230825093351730,6.11,6.11,6.129303538175047
20230825093351740,6.11,6.11,6.129303538175047
20230825093351760,6.12,6.11,6.129265867484435
20230825093351810,6.12,6.11,6.129258124419684
20230825093351830,6.12,6.11,6.129252761533463
20230825093351960,6.12,6.11,6.129252761533463
20230825093351970,6.11,6.11,6.12924025974026
20230825093351980,6.12,6.11,6.129217085147781
20230825093352080,6.12,6.11,6.129217085147781
20230825093352110,6.12,6.11,6.129217085147781
20230825093352120,6.12,6.11,6.129217085147781
20230825093352140,6.12,6.11,6.129217085147781
20230825093352160,6.12,6.11,6.129217085147781
20230825093352180,6.12,6.11,6.12920462962963
20230825093352270,6.12,6.11,6.12920462962963
20230825093352290,6.12,6.11,6.1289398228472285
20230825093352460,6.12,6.11,6.1289398228472285
20230825093352490,6.12,6.11,6.1289398228472285
20230825093352550,6.12,6.11,6.1289398228472285
20230825093352620,6.12,6.11,6.1289398228472285
20230825093352860,6.12,6.11,6.1289398228472285
20230825093353580,6.12,6.11,6.1289398228472285
20230825093353590,6.12,6.11,6.1289398228472285
20230825093353660,6.12,6.11,6.1289398228472285
20230825093353830,6.12,6.11,6.1289398228472285
20230825093353880,6.12,6.11,6.1289398228472285
20230825093355490,6.1,6.11,6.128709182753022
20230825093355500,6.1,6.1,6.126874366767984
20230825093355510,6.1,6.1,6.126364615257185
20230825093355520,6.1,6.1,6.126364615257185
20230825093355580,6.1,6.1,6.126364615257185
20230825093355590,6.1,6.1,6.126364615257185
20230825093356040,6.1,6.1,6.126364615257185
20230825093356070,6.1,6.11,6.126121276770329
20230825093356090,6.1,6.11,6.1261187664042
20230825093356200,6.1,6.11,6.1261187664042
20230825093356210,6.1,6.11,6.1261187664042
20230825093356590,6.1,6.11,6.1261187664042
20230825093356600,6.1,6.11,6.1261187664042
20230825093356870,6.1,6.11,6.1261187664042
20230825093357000,6.1,6.11,6.1261187664042
20230825093357020,6.1,6.11,6.1261187664042
20230825093357600,6.1,6.11,6.1261187664042
20230825093357690,6.1,6.1,6.126102917076368
20230825093357730,6.1,6.1,6.126102917076368
20230825093357750,6.1,6.1,6.126102917076368
20230825093357780,6.1,6.1,6.126060952692214
20230825093357790,6.1,6.1,6.126060952692214
20230825093358030,6.1,6.1,6.12606045751634
20230825093358110,6.1,6.1,6.12606045751634
20230825093358200,6.1,6.1,6.126048657033227
20230825093358220,6.1,6.1,6.126048657033227
20230825093358700,6.1,6.1,6.126048657033227
20230825093358990,6.1,6.1,6.126037859007833
20230825093359030,6.1,6.1,6.126002759516273
20230825093359070,6.1,6.1,6.126002759516273
20230825093359100,6.1,6.1,6.125995460440985
20230825093400130,6.1,6.1,6.125995460440985
20230825093400330,6.1,6.1,6.125995460440985
20230825093400500,6.1,6.1,6.125995460440985
20230825093400520,6.1,6.1,6.125969569439948
20230825093400800,6.1,6.1,6.125969569439948
20230825093401090,6.1,6.1,6.125969569439948
20230825093401170,6.1,6.1,6.125969569439948
20230825093401260,6.1,6.1,6.125969569439948
20230825093401300,6.1,6.1,6.125969569439948
20230825093401590,6.1,6.1,6.125969569439948
20230825093401880,6.1,6.1,6.125969569439948
20230825093402120,6.08,6.1,6.125692713326941
20230825093402130,6.08,6.09,6.123765395013518
20230825093402140,6.08,6.09,6.123765395013518
20230825093402260,6.08,6.09,6.123765395013518
20230825093402270,6.08,6.09,6.123765395013518
20230825093402280,6.08,6.09,6.123765395013518
20230825093402310,6.08,6.09,6.123765395013518
20230825093402320,6.08,6.09,6.123765395013518
20230825093402340,6.08,6.09,6.12375290850409
20230825093402350,6.08,6.09,6.12375290850409
20230825093402420,6.08,6.09,6.12375290850409
20230825093402480,6.08,6.09,6.12375290850409
20230825093402490,6.08,6.09,6.12375290850409
20230825093402580,6.08,6.09,6.12375290850409
20230825093402820,6.08,6.09,6.12375290850409
20230825093402840,6.08,6.09,6.12375290850409
20230825093402880,6.08,6.09,6.12375290850409
20230825093403040,6.08,6.09,6.1237511257880515
20230825093403060,6.08,6.09,6.1237511257880515
20230825093403110,6.08,6.1,6.123747561158638
20230825093403140,6.08,6.1,6.123747561158638
20230825093403190,6.08,6.1,6.123747561158638
20230825093403380,6.08,6.1,6.123747561158638
20230825093403490,6.08,6.1,6.123747561158638
20230825093403870,6.08,6.1,6.123747561158638
20230825093404140,6.08,6.1,6.123747561158638
20230825093404150,6.08,6.1,6.123747561158638
20230825093404250,6.08,6.09,6.123706644692486
20230825093404300,6.08,6.1,6.123706644692486
20230825093404370,6.08,6.1,6.123706644692486
20230825093404390,6.08,6.1,6.123706644692486
20230825093404730,6.08,6.1,6.123706644692486
20230825093404740,6.08,6.1,6.123706644692486
20230825093404800,6.08,6.1,6.123706644692486
20230825093404840,6.08,6.1,6.123706644692486
20230825093404850,6.08,6.1,6.123706644692486
20230825093405100,6.08,6.1,6.123706644692486
20230825093405170,6.08,6.1,6.123706644692486
20230825093405560,6.08,6.1,6.123706644692486
20230825093405590,6.08,6.1,6.123706644692486
20230825093405700,6.08,6.1,6.123706644692486
20230825093405980,6.08,6.1,6.123706644692486
20230825093406210,6.08,6.1,6.1235130525066745
20230825093406220,6.12,6.1,6.123496973276244
20230825093406240,6.12,6.1,6.123496973276244
20230825093406330,6.12,6.1,6.123496973276244
20230825093406780,6.12,6.1,6.123496973276244
20230825093406870,6.12,6.1,6.123496973276244
20230825093407030,6.12,6.1,6.123496973276244
20230825093407080,6.11,6.1,6.123496973276244
20230825093407330,6.11,6.1,6.123496973276244
20230825093407500,6.11,6.1,6.123496973276244
20230825093408600,6.11,6.1,6.12349298892989
20230825093409280,6.12,6.1,6.123490740057552
20230825093409330,6.12,6.1,6.123490740057552
20230825093409730,6.12,6.1,6.123490740057552
20230825093409800,6.12,6.11,6.123490740057552
20230825093410020,6.11,6.1,6.123489744724805
20230825093410090,6.11,6.1,6.123487754499853
20230825093410150,6.12,6.1,6.123441152686907
20230825093410290,6.12,6.1,6.123441152686907
20230825093410470,6.12,6.1,6.123228088085169
20230825093410490,6.12,6.1,6.123228088085169
20230825093410520,6.12,6.1,6.12322183355196
20230825093410590,6.12,6.1,6.12322183355196
20230825093410630,6.11,6.1,6.12322183355196
20230825093410680,6.11,6.1,6.12322183355196
20230825093411120,6.11,6.1,6.123217277296234
20230825093411140,6.11,6.1,6.123217277296234
20230825093411530,6.11,6.1,6.123217277296234
20230825093411590,6.11,6.1,6.123216314639476
20230825093411840,6.11,6.1,6.123216314639476
20230825093412140,6.11,6.1,6.123216314639476
20230825093412270,6.11,6.1,6.123173139745917
20230825093412660,6.11,6.1,6.123163583605368
20230825093412770,6.11,6.1,6.123163583605368
20230825093412800,6.11,6.1,6.123163583605368
20230825093413060,6.11,6.1,6.123163583605368
20230825093413070,6.11,6.1,6.12315499492533
20230825093413090,6.11,6.1,6.123152134521997
20230825093413250,6.11,6.1,6.1231435607706794
20230825093413550,6.11,6.1,6.1231435607706794
20230825093413590,6.11,6.1,6.1231435607706794
20230825093415030,6.11,6.1,6.1231435607706794
20230825093415130,6.11,6.1,6.1231435607706794
20230825093415590,6.11,6.1,6.123118854829381
20230825093415630,6.11,6.1,6.123118854829381
20230825093415730,6.11,6.1,6.123118854829381
20230825093415780,6.11,6.1,6.123118854829381
20230825093416000,6.11,6.1,6.123118854829381
20230825093416080,6.11,6.1,6.123116958218881
20230825093416090,6.11,6.1,6.123116010119262
20230825093416580,6.12,6.1,6.123098967732621
20230825093416970,6.12,6.1,6.123098967732621
20230825093417030,6.12,6.1,6.123098967732621
20230825093417160,6.12,6.1,6.123098967732621
20230825093417270,6.12,6.1,6.123098967732621
20230825093417280,6.12,6.1,6.123098967732621
20230825093417290,6.12,6.1,6.123097300418651
20230825093417510,6.12,6.1,6.123097300418651
20230825093417930,6.12,6.1,6.123097300418651
20230825093418410,6.12,6.1,6.123097300418651
20230825093418750,6.12,6.1,6.123097300418651
20230825093418830,6.11,6.1,6.123097300418651
20230825093418980,6.11,6.1,6.123088797518575
20230825093419210,6.11,6.1,6.12304832446426
20230825093419570,6.11,6.1,6.12304832446426
20230825093419730,6.11,6.1,6.123046667146042
20230825093420180,6.11,6.1,6.123046667146042
20230825093420370,6.11,6.1,6.123046667146042
20230825093420640,6.11,6.1,6.123038229376258
20230825093420650,6.12,6.1,6.123014848289219
20230825093420670,6.12,6.1,6.123014848289219
20230825093420910,6.12,6.1,6.123014848289219
20230825093422170,6.12,6.1,6.123014848289219
20230825093422180,6.12,6.1,6.1227633912735016
20230825093422210,6.12,6.1,6.1227633912735016
20230825093422390,6.12,6.1,6.1227633912735016
20230825093422540,6.12,6.1,6.1227633912735016
20230825093422560,6.12,6.1,6.1227633912735016
20230825093422970,6.12,6.11,6.1227633912735016
20230825093423110,6.12,6.11,6.1227633912735016
20230825093423340,6.12,6.11,6.1227633912735016
20230825093423350,6.12,6.11,6.1227633912735016
20230825093423720,6.12,6.11,6.1227633912735016
20230825093424380,6.12,6.1,6.122600647522522
20230825093424410,6.12,6.1,6.122600647522522
20230825093424920,6.12,6.1,6.122600647522522
20230825093424940,6.12,6.1,6.122600647522522
20230825093424960,6.12,6.1,6.122600647522522
20230825093425370,6.12,6.1,6.122355193539404
20230825093425380,6.12,6.1,6.122355193539404
20230825093425390,6.12,6.1,6.122355193539404
20230825093425400,6.12,6.1,6.122355193539404
20230825093425440,6.12,6.1,6.122355193539404
20230825093425490,6.12,6.1,6.122355193539404
20230825093425820,6.12,6.1,6.122355193539404
20230825093426000,6.12,6.1,6.122355193539404
20230825093426030,6.12,6.1,6.122355193539404
20230825093426340,6.12,6.1,6.122355193539404
20230825093426510,6.12,6.1,6.122355193539404
20230825093426520,6.12,6.1,6.122355193539404
20230825093426710,6.12,6.1,6.122355193539404
20230825093426840,6.12,6.1,6.122355193539404
20230825093427130,6.12,6.1,6.122355193539404
20230825093427260,6.12,6.1,6.122355193539404
20230825093427380,6.12,6.1,6.122355193539404
20230825093427390,6.12,6.1,6.122355193539404
20230825093427460,6.12,6.1,6.122355193539404
20230825093427520,6.12,6.1,6.122355193539404
20230825093427670,6.12,6.1,6.122355193539404
20230825093427690,6.12,6.1,6.122355193539404
20230825093428350,6.12,6.1,6.122355193539404
20230825093428570,6.12,6.1,6.122355193539404
20230825093428770,6.12,6.1,6.122355193539404
20230825093428790,6.12,6.1,6.122355193539404
20230825093428880,6.12,6.1,6.122355193539404
20230825093428930,6.12,6.11,6.122355193539404
20230825093429000,6.12,6.11,6.122355193539404
20230825093429120,6.12,6.11,6.122355193539404
20230825093429210,6.12,6.11,6.122355193539404
20230825093429270,6.12,6.11,6.122355193539404
20230825093429290,6.12,6.11,6.122355193539404
20230825093429350,6.12,6.11,6.122355193539404
20230825093429470,6.12,6.11,6.122355193539404
20230825093430080,6.12,6.11,6.122355193539404
20230825093430210,6.12,6.11,6.122355193539404
20230825093430290,6.12,6.11,6.122355193539404
20230825093430620,6.12,6.11,6.122355193539404
20230825093430850,6.12,6.11,6.122355193539404
20230825093430860,6.12,6.11,6.122339583333333
20230825093431090,6.12,6.11,6.122339583333333
20230825093432060,6.12,6.11,6.122339583333333
20230825093432210,6.12,6.11,6.122339583333333
20230825093432240,6.12,6.11,6.122330049944506
20230825093432260,6.12,6.11,6.122330049944506
20230825093432460,6.12,6.11,6.122330049944506
20230825093432760,6.11,6.11,6.122330049944506
20230825093432770,6.11,6.11,6.122330049944506
20230825093432790,6.11,6.11,6.122330049944506
20230825093432840,6.11,6.11,6.122330049944506
20230825093432880,6.11,6.11,6.122294480227162
20230825093432890,6.11,6.11,6.122294480227162
20230825093433170,6.11,6.11,6.122294480227162
20230825093434100,6.11,6.11,6.1222936288088645
20230825093434110,6.11,6.11,6.122291926325993
20230825093434170,6.11,6.11,6.122278043042004
20230825093434220,6.11,6.11,6.122278043042004
20230825093434380,6.11,6.11,6.122278043042004
20230825093435030,6.11,6.1,6.122262637438628
20230825093435060,6.11,6.1,6.122262637438628
20230825093435350,6.11,6.1,6.122262637438628
20230825093435490,6.11,6.1,6.122262637438628
20230825093436070,6.11,6.1,6.122262637438628
20230825093436270,6.11,6.1,6.122262637438628
20230825093436470,6.11,6.1,6.122262637438628
20230825093436490,6.11,6.1,6.122262637438628
20230825093436600,6.11,6.1,6.122262637438628
20230825093436940,6.11,6.1,6.122262637438628
20230825093437090,6.11,6.1,6.122262637438628
20230825093437340,6.11,6.1,6.122228819995857
20230825093437390,6.11,6.1,6.121973926694424
20230825093437730,6.11,6.1,6.121973926694424
20230825093437950,6.11,6.1,6.121973926694424
20230825093438230,6.11,6.1,6.121973926694424
20230825093438310,6.11,6.1,6.121973926694424
20230825093438350,6.11,6.1,6.121949458483755
20230825093439300,6.11,6.1,6.121949458483755
20230825093439490,6.11,6.1,6.121929144566844
20230825093439500,6.11,6.11,6.121911325366648
20230825093439540,6.11,6.11,6.121911325366648
20230825093439790,6.11,6.11,6.121911325366648
20230825093439800,6.11,6.11,6.121911325366648
20230825093439840,6.11,6.11,6.121911325366648
20230825093440180,6.11,6.11,6.121911325366648
20230825093440200,6.11,6.11,6.121911325366648
20230825093440300,6.11,6.11,6.121911325366648
20230825093440380,6.11,6.11,6.121911325366648
20230825093440430,6.11,6.11,6.121911325366648
20230825093440450,6.11,6.11,6.121911325366648
20230825093440460,6.11,6.11,6.121911325366648
20230825093440520,6.11,6.11,6.121911325366648
20230825093440580,6.11,6.11,6.121911325366648
20230825093440590,6.11,6.11,6.121911325366648
20230825093440750,6.11,6.11,6.121911325366648
20230825093441110,6.11,6.11,6.121910547034071
20230825093441290,6.11,6.11,6.121910547034071
20230825093441510,6.11,6.11,6.121910547034071
20230825093441960,6.11,6.11,6.121891177666351
20230825093442210,6.11,6.11,6.121891177666351
20230825093442560,6.11,6.11,6.121891177666351
20230825093442770,6.11,6.11,6.121891177666351
20230825093442890,6.11,6.11,6.121885195965613
20230825093442900,6.13,6.11,6.121874158815612
20230825093442910,6.13,6.12,6.121873906607456
20230825093442970,6.13,6.12,6.121873906607456
20230825093443080,6.13,6.12,6.121873906607456
20230825093443090,6.13,6.12,6.121873906607456
20230825093443140,6.13,6.12,6.121873906607456
20230825093443320,6.13,6.12,6.121873906607456
20230825093443340,6.13,6.12,6.121873906607456
20230825093443480,6.13,6.12,6.121873906607456
20230825093443560,6.12,6.11,6.121872898453262
20230825093443930,6.12,6.11,6.121872898453262
20230825093444800,6.12,6.11,6.121872898453262
20230825093444880,6.12,6.11,6.121872898453262
20230825093445240,6.12,6.11,6.121872898453262
20230825093445420,6.12,6.11,6.121872898453262
20230825093445560,6.12,6.11,6.121856950973808
20230825093445630,6.12,6.11,6.121856950973808
20230825093445650,6.12,6.11,6.121856950973808
20230825093446010,6.12,6.11,6.121856950973808
20230825093446090,6.12,6.11,6.12184542481479
20230825093446190,6.12,6.11,6.12184542481479
20230825093446460,6.12,6.11,6.12184542481479
20230825093446470,6.12,6.11,6.12184542481479
20230825093447330,6.12,6.11,6.12184542481479
20230825093447810,6.12,6.11,6.12184542481479
20230825093448330,6.13,6.12,6.121845055385026
20230825093448520,6.13,6.12,6.121845055385026
20230825093449010,6.13,6.12,6.121845055385026
20230825093449780,6.13,6.12,6.121845055385026
20230825093449940,6.13,6.12,6.121845055385026
20230825093450220,6.13,6.12,6.121844809180678
20230825093450300,6.13,6.12,6.121843702073748
20230825093450310,6.13,6.12,6.121843702073748
20230825093450400,6.12,6.11,6.121843579143886
20230825093450450,6.12,6.11,6.121843579143886
20230825093451000,6.12,6.11,6.121843579143886
20230825093451170,6.13,6.12,6.121843087588322
20230825093451340,6.13,6.12,6.121843087588322
20230825093451420,6.13,6.12,6.121843087588322
20230825093451850,6.13,6.12,6.121843087588322
20230825093452130,6.13,6.12,6.121843087588322
20230825093452140,6.13,6.12,6.121843087588322
20230825093452180,6.13,6.12,6.121843087588322
20230825093452560,6.13,6.12,6.121843087588322
20230825093452800,6.13,6.12,6.121843087588322
20230825093452880,6.13,6.12,6.121843087588322
20230825093453670,6.13,6.12,6.121840633737185
20230825093453750,6.13,6.12,6.121839409260245
20230825093453760,6.12,6.11,6.121838186411382
20230825093453810,6.12,6.11,6.121838186411382
20230825093453930,6.12,6.11,6.121838186411382
20230825093454050,6.12,6.11,6.121830321551953
20230825093454060,6.12,6.11,6.12181462314225
20230825093454230,6.12,6.11,6.12181462314225
20230825093454690,6.12,6.11,6.12180209437964
20230825093455370,6.12,6.11,6.12180209437964
20230825093455580,6.12,6.11,6.12180209437964
20230825093455720,6.12,6.11,6.121747592030611
20230825093455730,6.12,6.11,6.121747592030611
20230825093455750,6.12,6.11,6.121747592030611
20230825093455770,6.12,6.11,6.121747592030611
20230825093455880,6.12,6.11,6.121747592030611
20230825093456080,6.12,6.11,6.121747592030611
20230825093456450,6.12,6.11,6.121747592030611
20230825093456810,6.12,6.11,6.121747592030611
20230825093457340,6.12,6.11,6.121747592030611
20230825093457730,6.12,6.11,6.121746817072366
20230825093457740,6.12,6.11,6.121746817072366
20230825093457800,6.12,6.11,6.121746817072366
20230825093457810,6.12,6.11,6.121746817072366
20230825093458090,6.12,6.11,6.121746817072366
20230825093458120,6.12,6.11,6.121746817072366
20230825093458650,6.12,6.11,6.121746817072366
20230825093458660,6.12,6.11,6.121746817072366
20230825093458790,6.12,6.11,6.121746817072366
20230825093459110,6.12,6.11,6.121746241097336
20230825093459320,6.12,6.11,6.121746241097336
20230825093459390,6.12,6.11,6.121746241097336
20230825093459650,6.12,6.11,6.121746241097336
20230825093459810,6.12,6.11,6.121746241097336
20230825093500310,6.12,6.11,6.121746241097336
20230825093500420,6.12,6.11,6.121746241097336
20230825093500470,6.12,6.11,6.121746241097336
20230825093500560,6.12,6.11,6.121746241097336
20230825093500760,6.12,6.11,6.121746241097336
20230825093500810,6.12,6.11,6.121746241097336
20230825093500870,6.12,6.11,6.121746241097336
20230825093500930,6.12,6.11,6.121746241097336
20230825093500940,6.12,6.11,6.121746241097336
20230825093500980,6.12,6.11,6.121746241097336
20230825093501020,6.12,6.11,6.121746241097336
20230825093501040,6.12,6.11,6.121746241097336
20230825093501770,6.12,6.11,6.121746241097336
20230825093501790,6.12,6.11,6.121746241097336
20230825093502010,6.12,6.11,6.121746241097336
20230825093502120,6.12,6.11,6.121746241097336
20230825093502140,6.12,6.11,6.121746241097336
20230825093502200,6.12,6.11,6.121746241097336
20230825093502680,6.12,6.11,6.121746241097336
20230825093502700,6.12,6.11,6.121746241097336
20230825093503070,6.12,6.11,6.121746241097336
20230825093503470,6.12,6.11,6.121746241097336
20230825093503480,6.12,6.11,6.121746241097336
20230825093503930,6.12,6.11,6.121746241097336
20230825093504070,6.12,6.11,6.121746241097336
20230825093504080,6.12,6.11,6.121746241097336
20230825093504100,6.12,6.11,6.121746241097336
20230825093504340,6.12,6.11,6.121746241097336
20230825093504400,6.12,6.11,6.121746241097336
20230825093504410,6.12,6.11,6.121746241097336
20230825093504470,6.12,6.11,6.121746241097336
20230825093504600,6.12,6.11,6.121746125947906
20230825093505260,6.12,6.11,6.121738385502471
20230825093505320,6.12,6.11,6.121738385502471
20230825093505720,6.12,6.11,6.121738385502471
20230825093505770,6.12,6.11,6.121738385502471
20230825093505810,6.12,6.11,6.121738385502471
20230825093505840,6.12,6.11,6.121738385502471
20230825093505970,6.12,6.11,6.121738385502471
20230825093506100,6.12,6.11,6.121738385502471
20230825093506400,6.12,6.11,6.121738385502471
20230825093506410,6.12,6.11,6.121738385502471
20230825093506650,6.12,6.11,6.121738385502471
20230825093506800,6.12,6.11,6.121738385502471
20230825093506810,6.12,6.11,6.121738385502471
20230825093506820,6.12,6.11,6.121603048462741
20230825093506920,6.12,6.11,6.121603048462741
20230825093506950,6.12,6.11,6.121603048462741
20230825093507280,6.12,6.11,6.121603048462741
20230825093507440,6.12,6.11,6.121603048462741
20230825093507590,6.12,6.11,6.121603048462741
20230825093508720,6.12,6.11,6.121603048462741
20230825093510210,6.12,6.11,6.121603048462741
20230825093510360,6.12,6.11,6.121603048462741
20230825093510400,6.12,6.11,6.121603048462741
20230825093510420,6.12,6.11,6.121603048462741
20230825093510430,6.12,6.11,6.121603048462741
20230825093510450,6.12,6.11,6.121603048462741
20230825093510460,6.12,6.11,6.121603048462741
20230825093510480,6.12,6.11,6.121603048462741
20230825093511320,6.12,6.11,6.121603048462741
20230825093511380,6.12,6.11,6.121603048462741
20230825093511490,6.12,6.11,6.121603048462741
20230825093511550,6.12,6.11,6.121602004947272
20230825093511990,6.12,6.11,6.121602004947272
20230825093512620,6.12,6.11,6.121602004947272
20230825093512790,6.12,6.11,6.121601249755907
20230825093512860,6.12,6.11,6.121601249755907
20230825093513140,6.12,6.11,6.121601249755907
20230825093513170,6.12,6.11,6.121601249755907
20230825093513240,6.12,6.11,6.121601249755907
20230825093513460,6.12,6.11,6.121601249755907
20230825093513560,6.12,6.11,6.121601249755907
20230825093513760,6.12,6.11,6.121601249755907
20230825093514180,6.12,6.11,6.121601249755907
20230825093514220,6.12,6.11,6.121601249755907
20230825093514650,6.12,6.11,6.121601249755907
20230825093514690,6.12,6.11,6.121601249755907
20230825093514750,6.12,6.11,6.121601249755907
20230825093515100,6.12,6.11,6.121601249755907
20230825093515120,6.12,6.11,6.121601249755907
20230825093515230,6.12,6.11,6.121601249755907
20230825093515540,6.12,6.11,6.121601249755907
20230825093515590,6.12,6.11,6.121601249755907
20230825093515600,6.12,6.11,6.121601249755907
20230825093515630,6.12,6.11,6.121601249755907
20230825093515640,6.12,6.11,6.121601249755907
20230825093515680,6.12,6.11,6.121601249755907
20230825093515720,6.12,6.11,6.121601249755907
20230825093515750,6.12,6.11,6.121601249755907
20230825093515780,6.12,6.11,6.121601249755907
20230825093515820,6.12,6.11,6.1216010413276924
20230825093515990,6.12,6.11,6.1216010413276924
20230825093516050,6.12,6.11,6.1216010413276924
20230825093516170,6.12,6.11,6.1216010413276924
20230825093516480,6.12,6.11,6.1216010413276924
20230825093516500,6.12,6.11,6.1216010413276924
20230825093516550,6.12,6.11,6.1216010413276924
20230825093516970,6.12,6.11,6.1216010413276924
20230825093517130,6.12,6.11,6.1216010413276924
20230825093517380,6.12,6.11,6.1216010413276924
20230825093517460,6.12,6.11,6.1216010413276924
20230825093517540,6.12,6.11,6.1216010413276924
20230825093517550,6.12,6.11,6.1216010413276924
20230825093517630,6.12,6.11,6.1216010413276924
20230825093517950,6.12,6.11,6.121599531463525
20230825093518130,6.12,6.11,6.121599531463525
20230825093518200,6.12,6.11,6.121599531463525
20230825093518900,6.12,6.11,6.121599531463525
20230825093519060,6.12,6.11,6.121599531463525
20230825093519090,6.12,6.11,6.121599531463525
20230825093519740,6.12,6.11,6.121599531463525
20230825093519760,6.12,6.11,6.121599531463525
20230825093520650,6.12,6.11,6.121599531463525
20230825093520800,6.12,6.11,6.121599531463525
20230825093521660,6.12,6.11,6.121599219258296
20230825093521840,6.12,6.11,6.121599219258296
20230825093522190,6.12,6.11,6.121599219258296
20230825093522780,6.12,6.11,6.121598179453836
20230825093523160,6.12,6.11,6.121598179453836
20230825093523170,6.12,6.11,6.121598179453836
20230825093523790,6.12,6.11,6.121598179453836
20230825093524300,6.12,6.11,6.121598179453836
20230825093524460,6.12,6.11,6.1215763514829
20230825093524840,6.12,6.11,6.1215763514829
20230825093524850,6.12,6.11,6.1215763514829
20230825093525060,6.12,6.11,6.121576249188839
20230825093525840,6.12,6.11,6.121576249188839
20230825093525920,6.12,6.11,6.12152166892721
20230825093525990,6.12,6.11,6.12152166892721
20230825093526030,6.12,6.11,6.12152166892721
20230825093526190,6.12,6.11,6.12152166892721
20230825093526240,6.12,6.11,6.12152166892721
20230825093527220,6.12,6.11,6.12152166892721
20230825093527270,6.12,6.11,6.12152166892721
20230825093527730,6.12,6.11,6.121520924825626
20230825093528210,6.12,6.11,6.121520924825626
20230825093528340,6.12,6.11,6.121520924825626
20230825093528660,6.12,6.11,6.121520532024793
20230825093528920,6.12,6.11,6.121520532024793
20230825093529690,6.12,6.11,6.121520532024793
20230825093530150,6.12,6.11,6.121520532024793
20230825093530520,6.12,6.11,6.121520532024793
20230825093530550,6.12,6.11,6.121520532024793
20230825093530980,6.12,6.11,6.121520532024793
20230825093531250,6.12,6.11,6.121520532024793
20230825093531330,6.12,6.11,6.121520532024793
20230825093532030,6.12,6.11,6.121520532024793
20230825093532060,6.12,6.11,6.121520532024793
20230825093532230,6.12,6.11,6.121520532024793
20230825093532500,6.12,6.11,6.121520532024793
20230825093532770,6.12,6.11,6.121520532024793
20230825093532940,6.12,6.11,6.121520532024793
20230825093532950,6.12,6.11,6.121520532024793
20230825093533030,6.12,6.11,6.121520532024793
20230825093533050,6.12,6.11,6.121520532024793
20230825093533230,6.12,6.11,6.121513098464318
20230825093533810,6.12,6.11,6.121513098464318
20230825093534090,6.12,6.11,6.121513098464318
20230825093535320,6.12,6.11,6.121513098464318
20230825093535420,6.12,6.11,6.121507158519283
20230825093535840,6.12,6.11,6.121507158519283
20230825093535850,6.12,6.11,6.121507158519283
20230825093536920,6.12,6.11,6.121507158519283
20230825093536990,6.12,6.11,6.121503280586646
20230825093537160,6.12,6.11,6.121503280586646
20230825093537420,6.12,6.11,6.121503280586646
20230825093537700,6.12,6.11,6.121503280586646
20230825093537730,6.12,6.11,6.121503280586646
20230825093538000,6.12,6.11,6.121466401641446
20230825093538110,6.12,6.11,6.121466401641446
20230825093538230,6.12,6.11,6.121466307623261
20230825093538430,6.12,6.11,6.121466307623261
20230825093539010,6.12,6.11,6.121466307623261
20230825093539020,6.12,6.11,6.121466307623261
20230825093539510,6.12,6.11,6.121466307623261
20230825093540010,6.12,6.11,6.121466307623261
20230825093540040,6.12,6.11,6.121466307623261
20230825093540680,6.12,6.11,6.121466307623261
20230825093540780,6.12,6.11,6.121466307623261
20230825093540830,6.12,6.11,6.121466307623261
20230825093540960,6.12,6.11,6.121466307623261
20230825093541650,6.12,6.11,6.121466307623261
20230825093541730,6.12,6.11,6.121465462001794
20230825093541820,6.12,6.11,6.121465462001794
20230825093542030,6.12,6.11,6.121465462001794
20230825093542660,6.12,6.11,6.121465462001794
20230825093542780,6.12,6.11,6.121465462001794
20230825093543020,6.12,6.11,6.121465462001794
20230825093543090,6.12,6.11,6.121465462001794
20230825093543180,6.12,6.11,6.121465462001794
20230825093543230,6.12,6.11,6.121465462001794
20230825093543460,6.12,6.11,6.12146527421835
20230825093543760,6.12,6.11,6.12146527421835
20230825093543840,6.12,6.11,6.12146527421835
20230825093543930,6.12,6.11,6.1214616025107285
20230825093544320,6.12,6.11,6.121460760466009
20230825093544330,6.12,6.11,6.121460760466009
20230825093544350,6.12,6.11,6.121460760466009
20230825093544360,6.12,6.11,6.121460760466009
20230825093544380,6.12,6.11,6.121460666965372
20230825093544820,6.12,6.11,6.121460666965372
20230825093545470,6.12,6.11,6.1214481533189495
20230825093545490,6.12,6.11,6.121439021314163
20230825093545500,6.13,6.12,6.121436123348017
20230825093545520,6.13,6.12,6.121436123348017
20230825093545530,6.13,6.12,6.121436123348017
20230825093545540,6.13,6.12,6.121436123348017
20230825093545570,6.13,6.12,6.1214305407606995
20230825093545600,6.13,6.12,6.1214305407606995
20230825093545630,6.13,6.12,6.1214305407606995
20230825093545640,6.13,6.12,6.1214305407606995
20230825093545650,6.13,6.12,6.1214305407606995
20230825093545660,6.13,6.12,6.1214305407606995
20230825093546090,6.13,6.12,6.1214305407606995
20230825093546100,6.13,6.12,6.1214305407606995
20230825093546120,6.13,6.12,6.1214305407606995
20230825093546130,6.13,6.12,6.1214305407606995
20230825093546140,6.13,6.12,6.1214305407606995
20230825093546150,6.13,6.12,6.1214305407606995
20230825093546270,6.13,6.12,6.1214305407606995
20230825093546340,6.13,6.12,6.1214305407606995
20230825093546350,6.13,6.12,6.1214305407606995
20230825093546710,6.13,6.12,6.1214305407606995
20230825093547100,6.13,6.12,6.1214305407606995
20230825093547170,6.13,6.12,6.1214305407606995
20230825093547180,6.13,6.12,6.1214305407606995
20230825093547190,6.13,6.12,6.1214305407606995
20230825093547210,6.13,6.12,6.121430361506171
20230825093547320,6.13,6.12,6.121430361506171
20230825093547330,6.13,6.12,6.121430361506171
20230825093547340,6.13,6.12,6.121430361506171
20230825093547440,6.13,6.12,6.121430361506171
20230825093547450,6.13,6.12,6.121430361506171
20230825093547460,6.13,6.12,6.121430361506171
20230825093547700,6.13,6.12,6.121430361506171
20230825093547880,6.13,6.12,6.121430361506171
20230825093547890,6.13,6.12,6.121430361506171
20230825093548300,6.13,6.12,6.121435190983093
20230825093548920,6.13,6.12,6.121435190983093
20230825093549140,6.13,6.12,6.121435190983093
20230825093549160,6.13,6.12,6.121435190983093
20230825093549340,6.13,6.12,6.121435190983093
20230825093549570,6.13,6.12,6.121435190983093
20230825093549780,6.13,6.12,6.121435190983093
20230825093549840,6.13,6.12,6.121433216608304
20230825093549920,6.13,6.12,6.121433216608304
20230825093550320,6.13,6.12,6.121433216608304
20230825093550500,6.13,6.12,6.121433216608304
20230825093550580,6.13,6.12,6.121433216608304
20230825093550680,6.13,6.12,6.121433216608304
20230825093550700,6.13,6.12,6.121433216608304
20230825093551310,6.13,6.12,6.121433216608304
20230825093551740,6.13,6.12,6.121433126993059
20230825093552110,6.13,6.12,6.121433126993059
20230825093552610,6.13,6.12,6.121465146701551
20230825093552630,6.13,6.12,6.121465146701551
20230825093552860,6.13,6.12,6.12147947761194
20230825093552950,6.13,6.12,6.12147947761194
20230825093553660,6.13,6.12,6.12147947761194
20230825093553920,6.13,6.12,6.12147947761194
20230825093554040,6.13,6.12,6.12147947761194
20230825093554130,6.13,6.12,6.12147947761194
20230825093554410,6.13,6.12,6.12147947761194
20230825093554500,6.13,6.12,6.12147947761194
20230825093554540,6.13,6.12,6.12147947761194
20230825093554660,6.13,6.12,6.12147947761194
20230825093554860,6.13,6.12,6.12147947761194
20230825093554910,6.13,6.12,6.12147947761194
20230825093554920,6.13,6.12,6.12147947761194
20230825093555110,6.13,6.12,6.12147947761194
20230825093555240,6.13,6.12,6.12147947761194
20230825093555440,6.13,6.12,6.12147947761194
20230825093555580,6.13,6.12,6.12147947761194
20230825093555630,6.13,6.12,6.12147947761194
20230825093555760,6.13,6.12,6.12147947761194
20230825093556210,6.13,6.12,6.12147947761194
20230825093556230,6.13,6.12,6.12147947761194
20230825093556460,6.13,6.12,6.12147947761194
20230825093556530,6.13,6.12,6.1214842438933434
20230825093556880,6.13,6.12,6.1214842438933434
20230825093557160,6.13,6.12,6.1214842438933434
20230825093557300,6.13,6.12,6.1214842438933434
20230825093557330,6.13,6.12,6.1214842438933434
20230825093557650,6.13,6.12,6.1214842438933434
20230825093557680,6.13,6.12,6.1214842438933434
20230825093557800,6.13,6.12,6.1214842438933434
20230825093557860,6.13,6.12,6.1214842438933434
20230825093557930,6.13,6.12,6.1214842438933434
20230825093558050,6.13,6.12,6.1214842438933434
20230825093558080,6.13,6.12,6.121500093057882
20230825093558100,6.13,6.12,6.121500093057882
20230825093558140,6.13,6.12,6.121500093057882
20230825093558200,6.13,6.12,6.121500093057882
20230825093558210,6.13,6.12,6.121500093057882
20230825093558470,6.13,6.12,6.121500093057882
20230825093558510,6.13,6.12,6.121500093057882
20230825093558820,6.13,6.12,6.121500093057882
20230825093558850,6.13,6.12,6.121500093057882
20230825093558970,6.13,6.12,6.121500093057882
20230825093559040,6.13,6.12,6.121500093057882
20230825093559050,6.13,6.12,6.121500093057882
20230825093559110,6.13,6.12,6.121500093057882
20230825093559210,6.13,6.12,6.121500093057882
20230825093559250,6.13,6.12,6.121500093057882
20230825093559280,6.13,6.12,6.1214996278839
20230825093559470,6.13,6.12,6.1214996278839
20230825093559530,6.13,6.12,6.12150910667823
20230825093559560,6.13,6.12,6.121535326086956
20230825093559650,6.13,6.12,6.121535326086956
20230825093559890,6.13,6.12,6.121535326086956
20230825093559910,6.13,6.12,6.121535326086956
20230825093600050,6.13,6.12,6.121535326086956
20230825093601310,6.13,6.12,6.121535326086956
20230825093601460,6.13,6.12,6.121534473180668
20230825093601830,6.13,6.12,6.121534473180668
20230825093602020,6.13,6.12,6.121534473180668
20230825093602780,6.13,6.12,6.121534473180668
20230825093602840,6.13,6.12,6.121534378471794
20230825093602900,6.13,6.12,6.121534378471794
20230825093603280,6.13,6.12,6.121533526617728
20230825093603860,6.13,6.12,6.121559559682677
20230825093604480,6.13,6.12,6.121559559682677
20230825093604710,6.13,6.12,6.121559559682677
20230825093606010,6.13,6.12,6.121559559682677
20230825093606340,6.13,6.12,6.121559559682677
20230825093606940,6.13,6.12,6.121559559682677
20230825093607090,6.13,6.12,6.121559559682677
20230825093607120,6.13,6.12,6.121559559682677
20230825093607130,6.13,6.12,6.121559559682677
20230825093607570,6.13,6.12,6.121559559682677
20230825093607840,6.13,6.12,6.121559559682677
20230825093608400,6.13,6.12,6.121559559682677
20230825093609940,6.13,6.12,6.121559559682677
20230825093609950,6.13,6.12,6.12155898444704
20230825093609960,6.13,6.12,6.121558792796115
20230825093609970,6.13,6.12,6.121558313874893
20230825093609980,6.13,6.12,6.121558313874893
20230825093610090,6.13,6.12,6.121557452557883
20230825093610100,6.13,6.12,6.121556878875315
20230825093610150,6.13,6.12,6.121556687741698
20230825093610160,6.13,6.12,6.121556687741698
20230825093610190,6.13,6.12,6.121556592192487
20230825093610210,6.13,6.12,6.121556496655005
20230825093610220,6.13,6.12,6.121552399608227
20230825093610310,6.13,6.12,6.121552304584685
20230825093610340,6.13,6.12,6.121552304584685
20230825093610540,6.13,6.12,6.121552304584685
20230825093610830,6.13,6.12,6.121552304584685
20230825093610900,6.13,6.12,6.121552304584685
20230825093611230,6.13,6.12,6.121552019583843
20230825093611260,6.13,6.12,6.121552019583843
20230825093611290,6.13,6.12,6.121552019583843
20230825093611510,6.13,6.12,6.121562347188264
20230825093611690,6.13,6.12,6.121562347188264
20230825093611830,6.13,6.12,6.121562347188264
20230825093611910,6.13,6.12,6.121562347188264
20230825093612110,6.13,6.12,6.121562251696107
20230825093612170,6.13,6.12,6.121562251696107
20230825093612400,6.13,6.12,6.121562251696107
20230825093612540,6.13,6.12,6.121562251696107
20230825093612760,6.13,6.12,6.121564829524624
20230825093612930,6.13,6.12,6.121564829524624
20230825093613000,6.13,6.12,6.121564829524624
20230825093613020,6.13,6.12,6.121564829524624
20230825093613040,6.13,6.12,6.121564829524624
20230825093613300,6.13,6.12,6.121564829524624
20230825093613470,6.13,6.12,6.1216160573302565
20230825093613540,6.13,6.12,6.121635867918813
20230825093613560,6.13,6.12,6.121655585106383
20230825093613710,6.13,6.12,6.121655585106383
20230825093613900,6.13,6.12,6.121655585106383
20230825093614030,6.13,6.12,6.121655585106383
20230825093614040,6.13,6.12,6.121655585106383
20230825093614050,6.13,6.12,6.121655585106383
20230825093614060,6.13,6.12,6.121657602127145
20230825093614070,6.13,6.12,6.121657602127145
20230825093614090,6.13,6.12,6.121657602127145
20230825093614100,6.13,6.12,6.121657602127145
20230825093614190,6.13,6.12,6.121657602127145
20230825093614330,6.13,6.12,6.121657602127145
20230825093614430,6.13,6.12,6.121657602127145
20230825093614630,6.13,6.12,6.121657602127145
20230825093614760,6.13,6.12,6.121657602127145
20230825093614770,6.13,6.12,6.121657602127145
20230825093615580,6.13,6.12,6.121657602127145
20230825093615610,6.13,6.12,6.121657602127145
20230825093615920,6.13,6.12,6.121657602127145
20230825093616160,6.13,6.12,6.121657602127145
20230825093616700,6.13,6.12,6.121697738753909
20230825093617330,6.13,6.12,6.121697738753909
20230825093617450,6.13,6.12,6.121697738753909
20230825093617730,6.13,6.12,6.121697738753909
20230825093617750,6.13,6.12,6.121697738753909
20230825093617770,6.13,6.12,6.121695699183085
20230825093618140,6.13,6.12,6.121695699183085
20230825093618790,6.13,6.12,6.121695597333173
20230825093618850,6.13,6.12,6.121695597333173
20230825093619180,6.13,6.12,6.121695597333173
20230825093619290,6.13,6.12,6.121695597333173
20230825093620340,6.13,6.12,6.121695597333173
20230825093620560,6.13,6.12,6.121696594799111
20230825093620620,6.13,6.12,6.121696594799111
20230825093620900,6.13,6.12,6.121696594799111
20230825093620960,6.13,6.12,6.121696594799111
20230825093620970,6.13,6.12,6.121696594799111
20230825093621310,6.13,6.12,6.121696594799111
20230825093621320,6.14,6.12,6.122043505783507
20230825093621330,6.14,6.13,6.122043505783507
20230825093621340,6.14,6.13,6.122043505783507
20230825093621350,6.14,6.13,6.122043505783507
20230825093621360,6.14,6.13,6.122043505783507
20230825093621370,6.14,6.13,6.122043505783507
20230825093621390,6.14,6.13,6.122043505783507
20230825093621420,6.14,6.13,6.122043505783507
20230825093621430,6.14,6.13,6.122043505783507
20230825093621440,6.14,6.13,6.122060024147646
20230825093621450,6.14,6.13,6.122060024147646
20230825093621460,6.14,6.13,6.122060024147646
20230825093621480,6.14,6.13,6.122060024147646
20230825093621500,6.14,6.13,6.122060024147646
20230825093621510,6.14,6.13,6.122060024147646
20230825093621530,6.14,6.13,6.122233673062689
20230825093621540,6.14,6.13,6.122233673062689
20230825093621570,6.14,6.13,6.122233673062689
20230825093621850,6.14,6.13,6.122233673062689
20230825093622040,6.14,6.13,6.122260553790286
20230825093622130,6.14,6.13,6.122260553790286
20230825093622140,6.14,6.13,6.122260553790286
20230825093622160,6.14,6.13,6.122260553790286
20230825093622210,6.14,6.13,6.122269326683292
20230825093622270,6.14,6.13,6.122269326683292
20230825093622280,6.14,6.13,6.122269326683292
20230825093622340,6.14,6.13,6.122269326683292
20230825093622570,6.14,6.13,6.122269326683292
20230825093623000,6.14,6.13,6.122269326683292
20230825093623020,6.14,6.13,6.122269326683292
20230825093623320,6.14,6.13,6.122269326683292
20230825093623350,6.14,6.13,6.122269326683292
20230825093623380,6.14,6.13,6.122269326683292
20230825093623530,6.14,6.13,6.122269326683292
20230825093623640,6.14,6.13,6.122269326683292
20230825093623670,6.14,6.13,6.122269326683292
20230825093623680,6.14,6.13,6.122269326683292
20230825093623700,6.14,6.13,6.122269326683292
20230825093624270,6.14,6.13,6.122269326683292
20230825093624290,6.14,6.13,6.122269326683292
20230825093624500,6.14,6.13,6.122269326683292
20230825093625110,6.14,6.13,6.122269326683292
20230825093625140,6.14,6.13,6.122269326683292
20230825093625160,6.14,6.13,6.122269326683292
20230825093625180,6.14,6.13,6.122269326683292
20230825093625320,6.14,6.13,6.122269326683292
20230825093625500,6.14,6.13,6.122276768019931
20230825093625650,6.14,6.13,6.122276768019931
20230825093625770,6.14,6.13,6.122276768019931
20230825093626000,6.14,6.13,6.122276768019931
20230825093626370,6.14,6.13,6.122276768019931
20230825093626390,6.14,6.13,6.122276768019931
20230825093626480,6.14,6.13,6.122276768019931
20230825093626500,6.14,6.13,6.122276768019931
20230825093626560,6.14,6.13,6.122276768019931
20230825093626660,6.14,6.13,6.122276768019931
20230825093626700,6.14,6.13,6.122276768019931
20230825093626880,6.14,6.13,6.122276768019931
20230825093626900,6.14,6.13,6.122276768019931
20230825093626950,6.14,6.13,6.122276768019931
20230825093627040,6.14,6.13,6.122276768019931
20230825093627180,6.14,6.13,6.122276768019931
20230825093627210,6.14,6.13,6.122276768019931
20230825093627490,6.14,6.13,6.122276768019931
20230825093627590,6.14,6.13,6.122276768019931
20230825093627760,6.14,6.13,6.122276768019931
20230825093627790,6.14,6.13,6.122276768019931
20230825093628000,6.14,6.13,6.122276768019931
20230825093628090,6.14,6.13,6.12227977807971
20230825093628150,6.14,6.13,6.12227977807971
20230825093628210,6.14,6.13,6.122280781205774
20230825093628270,6.14,6.13,6.122280781205774
20230825093628550,6.14,6.13,6.122280781205774
20230825093628970,6.14,6.13,6.122280781205774
20230825093629060,6.14,6.13,6.122280781205774
20230825093629410,6.14,6.13,6.122280781205774
20230825093629450,6.14,6.13,6.122280781205774
20230825093629500,6.14,6.13,6.122280781205774
20230825093629550,6.14,6.13,6.122280781205774
20230825093629650,6.14,6.13,6.122280781205774
20230825093630050,6.14,6.13,6.122281218159176
20230825093630060,6.14,6.13,6.122281218159176
20230825093630070,6.14,6.13,6.122281218159176
20230825093630130,6.14,6.13,6.122281218159176
20230825093630140,6.14,6.13,6.122282221090168
20230825093630180,6.14,6.13,6.122282221090168
20230825093630190,6.14,6.13,6.122282221090168
20230825093630230,6.14,6.13,6.122282221090168
20230825093630240,6.14,6.13,6.122282221090168
20230825093630280,6.14,6.13,6.122282221090168
20230825093630340,6.14,6.13,6.122282221090168
20230825093630390,6.14,6.13,6.122282221090168
20230825093630400,6.14,6.13,6.122282221090168
20230825093630520,6.14,6.13,6.122282221090168
20230825093630530,6.14,6.13,6.122282221090168
20230825093630740,6.14,6.13,6.122282221090168
20230825093631040,6.14,6.13,6.122282221090168
20230825093631050,6.14,6.13,6.122282221090168
20230825093631140,6.14,6.13,6.1222844047080125
20230825093631190,6.14,6.13,6.1222844047080125
20230825093631200,6.14,6.13,6.1222844047080125
20230825093631480,6.14,6.13,6.1222844047080125
20230825093631490,6.14,6.13,6.1222844047080125
20230825093631750,6.14,6.13,6.1222844047080125
20230825093631770,6.14,6.13,6.12228640941496
20230825093631800,6.14,6.13,6.12228640941496
20230825093631870,6.14,6.13,6.12228640941496
20230825093631960,6.14,6.13,6.12228640941496
20230825093632400,6.14,6.13,6.12228640941496
20230825093632410,6.14,6.13,6.12228640941496
20230825093632780,6.14,6.13,6.12228640941496
20230825093632790,6.14,6.13,6.12228640941496
20230825093632800,6.14,6.13,6.12228640941496
20230825093632860,6.14,6.13,6.12228640941496
20230825093633080,6.14,6.13,6.122367220501268
20230825093633230,6.14,6.13,6.122367220501268
20230825093633670,6.14,6.13,6.122367220501268
20230825093634140,6.14,6.13,6.122367220501268
20230825093634310,6.14,6.13,6.122367220501268
20230825093634800,6.14,6.13,6.122380095586168
20230825093634970,6.14,6.13,6.122380095586168
20230825093635080,6.14,6.13,6.122380095586168
20230825093636190,6.14,6.13,6.122380095586168
20230825093636330,6.14,6.13,6.122380095586168
20230825093636410,6.14,6.13,6.122380095586168
20230825093636720,6.14,6.13,6.122380095586168
20230825093636800,6.14,6.13,6.122380095586168
20230825093637020,6.14,6.13,6.122386516853933
20230825093637040,6.14,6.13,6.122386516853933
20230825093637070,6.14,6.13,6.122420581655481
20230825093637110,6.14,6.13,6.122469604015616
20230825093637140,6.14,6.13,6.122469604015616
20230825093637170,6.14,6.13,6.122469604015616
20230825093637440,6.14,6.13,6.122469604015616
20230825093637920,6.14,6.13,6.122469604015616
20230825093637930,6.14,6.13,6.122469604015616
20230825093638000,6.14,6.13,6.122469604015616
20230825093638020,6.14,6.13,6.122469604015616
20230825093638340,6.14,6.13,6.122469604015616
20230825093638350,6.14,6.13,6.122469604015616
20230825093638500,6.14,6.13,6.122469604015616
20230825093638700,6.14,6.13,6.122469604015616
20230825093638900,6.14,6.13,6.122469604015616
20230825093639050,6.14,6.13,6.122469604015616
20230825093639170,6.14,6.13,6.122469604015616
20230825093640110,6.14,6.13,6.122469604015616
20230825093640140,6.14,6.13,6.122469604015616
20230825093640150,6.14,6.13,6.122469604015616
20230825093640330,6.14,6.13,6.122469604015616
20230825093640360,6.14,6.13,6.122469604015616
20230825093640390,6.14,6.13,6.122469604015616
20230825093640420,6.14,6.13,6.122469604015616
20230825093641030,6.14,6.13,6.122469604015616
20230825093641050,6.14,6.13,6.122469604015616
20230825093641340,6.14,6.13,6.122469604015616
20230825093641360,6.14,6.13,6.122469604015616
20230825093641370,6.14,6.13,6.122469604015616
20230825093641440,6.14,6.13,6.122469604015616
20230825093641530,6.14,6.13,6.122472542788649
20230825093641580,6.14,6.13,6.122472542788649
20230825093641590,6.14,6.13,6.122472542788649
20230825093641610,6.14,6.13,6.122472542788649
20230825093641650,6.14,6.13,6.122472542788649
20230825093641680,6.14,6.13,6.122472542788649
20230825093641880,6.14,6.13,6.122472542788649
20230825093642150,6.14,6.13,6.122472542788649
20230825093642160,6.14,6.13,6.122472542788649
20230825093642640,6.14,6.13,6.122472542788649
20230825093642790,6.14,6.13,6.1224735199018845
20230825093643270,6.14,6.13,6.1224735199018845
20230825093643460,6.14,6.13,6.1224735199018845
20230825093643930,6.14,6.13,6.1224735199018845
20230825093644370,6.14,6.13,6.1224735199018845
20230825093644430,6.14,6.13,6.1224735199018845
20230825093644690,6.14,6.13,6.1224735199018845
20230825093644770,6.14,6.13,6.1224735199018845
20230825093645110,6.14,6.13,6.1224735199018845
20230825093645140,6.14,6.13,6.1224735199018845
20230825093645750,6.14,6.13,6.12247547380156
20230825093645770,6.14,6.13,6.12247547380156
20230825093645950,6.14,6.13,6.12247547380156
20230825093645980,6.14,6.13,6.12247547380156
20230825093646250,6.14,6.13,6.12247547380156
20230825093646350,6.14,6.13,6.12247547380156
20230825093646970,6.14,6.13,6.12247547380156
20230825093647250,6.14,6.13,6.12247547380156
20230825093647560,6.14,6.13,6.12247547380156
20230825093648180,6.14,6.13,6.122491089329472
20230825093648240,6.14,6.13,6.122491089329472
20230825093649100,6.14,6.13,6.122744785949506
20230825093649110,6.15,6.14,6.122880091483337
20230825093649120,6.15,6.14,6.122880091483337
20230825093649130,6.15,6.14,6.122880091483337
20230825093649150,6.15,6.14,6.122880091483337
20230825093649160,6.15,6.14,6.122880091483337
20230825093649170,6.15,6.14,6.122880091483337
20230825093649200,6.15,6.14,6.122880091483337
20230825093649210,6.15,6.14,6.122880091483337
20230825093649220,6.15,6.14,6.122880091483337
20230825093649240,6.15,6.14,6.122880091483337
20230825093649510,6.15,6.14,6.122880091483337
20230825093649630,6.15,6.14,6.122880091483337
20230825093649650,6.15,6.14,6.122880091483337
20230825093649700,6.15,6.14,6.122880091483337
20230825093649790,6.15,6.14,6.122880091483337
20230825093649960,6.15,6.14,6.122880091483337
20230825093649990,6.15,6.14,6.12288102368636
20230825093650180,6.15,6.14,6.12288102368636
20230825093650230,6.15,6.14,6.12288102368636
20230825093650320,6.15,6.14,6.12288102368636
20230825093650330,6.15,6.14,6.12288102368636
20230825093650360,6.15,6.14,6.12288102368636
20230825093650380,6.15,6.14,6.1229429021567885
20230825093650400,6.15,6.14,6.1229429021567885
20230825093650440,6.15,6.14,6.1229429021567885
20230825093650480,6.15,6.14,6.1229429021567885
20230825093650540,6.15,6.14,6.123004498888829
20230825093650550,6.15,6.14,6.1230526999242505
20230825093650560,6.15,6.14,6.123059988099746
20230825093650650,6.15,6.14,6.123067272333982
20230825093650730,6.15,6.14,6.123099276223399
20230825093651500,6.15,6.14,6.123099276223399
20230825093651510,6.15,6.14,6.123099276223399
20230825093651540,6.15,6.14,6.123099276223399
20230825093651710,6.15,6.14,6.123099276223399
20230825093651720,6.15,6.14,6.123099276223399
20230825093652100,6.15,6.14,6.12310653922998
20230825093652280,6.15,6.14,6.123107451403888
20230825093652380,6.15,6.14,6.123107451403888
20230825093652480,6.15,6.14,6.123107451403888
20230825093653030,6.15,6.14,6.123107451403888
20230825093653170,6.15,6.14,6.123107451403888
20230825093653330,6.15,6.14,6.123108903406943
20230825093653410,6.15,6.14,6.123108903406943
20230825093653440,6.15,6.14,6.123108903406943
20230825093653600,6.15,6.14,6.123108903406943
20230825093653660,6.15,6.14,6.123108903406943
20230825093653700,6.15,6.14,6.123108903406943
20230825093653840,6.15,6.14,6.123108903406943
20230825093653920,6.15,6.14,6.123108903406943
20230825093653980,6.15,6.14,6.123108903406943
20230825093654000,6.15,6.14,6.123108903406943
20230825093654430,6.15,6.14,6.123108903406943
20230825093654620,6.15,6.14,6.123108903406943
20230825093654720,6.15,6.14,6.12313791057656
20230825093654830,6.15,6.14,6.123139359292417
20230825093654980,6.15,6.14,6.123139359292417
20230825093655100,6.15,6.14,6.1231523907067
20230825093655640,6.15,6.14,6.1231523907067
20230825093655770,6.15,6.14,6.1231523907067
20230825093655780,6.15,6.14,6.1231523907067
20230825093655810,6.15,6.14,6.1231523907067
20230825093655840,6.15,6.14,6.1231523907067
20230825093655980,6.15,6.14,6.1231523907067
20230825093656040,6.15,6.14,6.1231523907067
20230825093656230,6.15,6.14,6.1231523907067
20230825093656280,6.15,6.14,6.1231523907067
20230825093656310,6.15,6.14,6.1231523907067
20230825093656420,6.15,6.14,6.1231523907067
20230825093656930,6.15,6.14,6.1231523907067
20230825093657200,6.15,6.14,6.1231523907067
20230825093657320,6.15,6.14,6.123176971133132
20230825093657380,6.15,6.14,6.123176971133132
20230825093657410,6.15,6.14,6.123176971133132
20230825093658290,6.15,6.14,6.123176971133132
20230825093658330,6.15,6.14,6.123176971133132
20230825093658410,6.15,6.14,6.1231798599892295
20230825093658480,6.15,6.14,6.1231798599892295
20230825093658620,6.15,6.14,6.1231798599892295
20230825093658730,6.15,6.14,6.1231798599892295
20230825093658750,6.15,6.14,6.1231798599892295
20230825093658930,6.15,6.14,6.1231798599892295
20230825093659070,6.15,6.14,6.1231798599892295
20230825093659170,6.15,6.14,6.1231798599892295
20230825093659340,6.15,6.14,6.1231798599892295
20230825093659350,6.15,6.14,6.1231798599892295
20230825093659680,6.15,6.14,6.1231798599892295
20230825093659720,6.15,6.14,6.1231798599892295
20230825093700040,6.15,6.14,6.1231798599892295
20230825093700130,6.15,6.14,6.1231798599892295
20230825093700140,6.15,6.14,6.1231798599892295
20230825093700440,6.15,6.14,6.1231798599892295
20230825093700770,6.15,6.14,6.1231798599892295
20230825093700850,6.15,6.14,6.123300632572103
20230825093701060,6.15,6.14,6.123300632572103
20230825093701320,6.15,6.14,6.123300632572103
20230825093701340,6.15,6.14,6.123300632572103
20230825093701780,6.15,6.14,6.123300632572103
20230825093702580,6.15,6.14,6.123303494854202
20230825093702750,6.15,6.14,6.123304925765129
20230825093703060,6.15,6.14,6.123304925765129
20230825093703320,6.15,6.14,6.123304925765129
20230825093703410,6.15,6.14,6.123304925765129
20230825093703540,6.15,6.14,6.123304925765129
20230825093703980,6.15,6.14,6.123328159289193
20230825093703990,6.15,6.14,6.123328159289193
20230825093704030,6.15,6.14,6.123329586812246
20230825093704060,6.15,6.14,6.123329586812246
20230825093704090,6.15,6.14,6.123329586812246
20230825093704460,6.15,6.14,6.123329586812246
20230825093704640,6.15,6.14,6.123329586812246
20230825093705070,6.15,6.14,6.123329586812246
20230825093705260,6.15,6.14,6.123329586812246
20230825093705510,6.15,6.14,6.123332441399978
20230825093705810,6.15,6.14,6.123332441399978
20230825093706050,6.15,6.14,6.123332441399978
20230825093706230,6.15,6.14,6.123332441399978
20230825093706670,6.15,6.14,6.123332441399978
20230825093706900,6.15,6.14,6.123332441399978
20230825093707100,6.15,6.14,6.123336008560727
20230825093707370,6.15,6.14,6.123336008560727
20230825093707910,6.15,6.14,6.123336008560727
20230825093708040,6.15,6.14,6.123338682929439
20230825093708100,6.15,6.14,6.123375714514665
20230825093708240,6.15,6.14,6.123377136752136
20230825093708300,6.14,6.13,6.12389920836136
20230825093708310,6.14,6.13,6.12390670252379
20230825093708350,6.14,6.13,6.123917515117061
20230825093708360,6.14,6.13,6.123917515117061
20230825093708420,6.14,6.13,6.123917515117061
20230825093708510,6.14,6.13,6.123917515117061
20230825093708560,6.14,6.13,6.1239233312667904
20230825093708640,6.14,6.13,6.1239233312667904
20230825093708820,6.14,6.13,6.1239233312667904
20230825093708960,6.14,6.13,6.1239233312667904
20230825093709100,6.14,6.13,6.1239233312667904
20230825093709110,6.14,6.13,6.1239233312667904
20230825093709210,6.14,6.13,6.123935780290124
20230825093709350,6.15,6.14,6.123949038015165
20230825093709360,6.15,6.14,6.123949038015165
20230825093709450,6.15,6.14,6.123949865896431
20230825093709500,6.15,6.13,6.123951521402785
20230825093709670,6.15,6.13,6.123951521402785
20230825093709680,6.14,6.13,6.123951521402785
20230825093709770,6.14,6.13,6.123951521402785
20230825093709780,6.14,6.13,6.123951521402785
20230825093709800,6.14,6.13,6.123951521402785
20230825093710080,6.14,6.13,6.123951521402785
20230825093710090,6.14,6.13,6.123951521402785
20230825093710120,6.14,6.13,6.123951521402785
20230825093710200,6.14,6.13,6.1239886802161045
20230825093710210,6.14,6.13,6.1239886802161045
20230825093710260,6.14,6.13,6.1239886802161045
20230825093711890,6.14,6.13,6.1239886802161045
20230825093712180,6.14,6.13,6.1239886802161045
20230825093712420,6.14,6.13,6.1239886802161045
20230825093712460,6.14,6.13,6.1239886802161045
20230825093712620,6.14,6.13,6.123990327725472
20230825093713090,6.14,6.13,6.123990327725472
20230825093713140,6.14,6.13,6.123990327725472
20230825093713490,6.14,6.13,6.123994445015945
20230825093713630,6.14,6.13,6.123994445015945
20230825093713640,6.14,6.13,6.123994445015945
20230825093713670,6.14,6.13,6.123994445015945
20230825093713750,6.14,6.14,6.12399609133923
20230825093713770,6.14,6.14,6.123996914373875
20230825093713780,6.14,6.14,6.123996914373875
20230825093713840,6.14,6.14,6.123996914373875
20230825093713850,6.14,6.14,6.123996914373875
20230825093713890,6.14,6.14,6.123996914373875
20230825093713930,6.14,6.14,6.124002673246967
20230825093713980,6.14,6.14,6.124002673246967
20230825093714020,6.14,6.14,6.124002673246967
20230825093714040,6.14,6.14,6.124002673246967
20230825093714470,6.14,6.14,6.124002673246967
20230825093714820,6.14,6.14,6.124002673246967
20230825093715720,6.14,6.14,6.124002673246967
20230825093715840,6.14,6.14,6.124004317878072
20230825093715930,6.14,6.14,6.124004317878072
20230825093715950,6.14,6.14,6.1240059621710525
20230825093716040,6.14,6.14,6.1240059621710525
20230825093716080,6.14,6.14,6.124010071424901
20230825093716090,6.14,6.14,6.124011714535272
20230825093716120,6.14,6.14,6.124011714535272
20230825093716140,6.14,6.14,6.124012535963831
20230825093716180,6.14,6.14,6.124012535963831
20230825093716530,6.14,6.14,6.124012535963831
20230825093716580,6.14,6.14,6.124012535963831
20230825093717100,6.14,6.14,6.124013871050604
20230825093717140,6.14,6.14,6.124013871050604
20230825093717290,6.14,6.14,6.124013871050604
20230825093717450,6.14,6.14,6.124013871050604
20230825093717460,6.14,6.14,6.124013871050604
