Timestamp,ask1,bid1,VWAP
20230728093000070,6.06,7.4,0.0
20230728093000080,6.06,7.4,0.0
20230728093000100,6.06,7.4,0.0
20230728093000110,6.06,7.4,0.0
20230728093000120,6.06,7.4,0.0
20230728093000130,6.06,7.4,0.0
20230728093000140,6.06,7.4,0.0
20230728093000160,6.06,6.71,0.0
20230728093000170,6.06,6.71,0.0
20230728093000180,6.06,6.71,0.0
20230728093000190,6.06,6.71,0.0
20230728093000430,6.06,6.71,0.0
20230728093000440,6.06,6.71,0.0
20230728093000450,6.06,6.71,0.0
20230728093000460,6.06,6.71,0.0
20230728093000470,6.06,6.71,0.0
20230728093000510,6.06,6.71,0.0
20230728093000520,6.06,6.71,0.0
20230728093000570,6.06,6.71,0.0
20230728093000580,6.06,6.71,0.0
20230728093000590,6.06,6.71,0.0
20230728093000610,6.06,6.71,0.0
20230728093000630,6.06,6.71,0.0
20230728093000640,6.06,6.71,0.0
20230728093000650,6.06,6.71,0.0
20230728093000660,6.06,6.71,0.0
20230728093000670,6.06,6.71,0.0
20230728093000700,6.06,6.71,0.0
20230728093000720,6.06,6.71,0.0
20230728093000730,6.06,6.71,0.0
20230728093000760,6.06,6.71,0.0
20230728093000780,6.06,6.71,6.710579710144928
20230728093000790,6.06,6.71,6.710579710144928
20230728093000800,6.06,6.71,6.710579710144928
20230728093001450,6.06,6.71,6.710579710144928
20230728093001460,6.06,6.72,6.710579710144928
20230728093001470,6.06,6.72,6.710579710144928
20230728093001480,6.06,6.72,6.710579710144928
20230728093001510,6.06,6.72,6.710579710144928
20230728093001520,6.06,6.7,6.714510204081632
20230728093001530,6.06,6.7,6.7144918699186995
20230728093001580,6.06,6.7,6.7144918699186995
20230728093001620,6.06,6.7,6.7144918699186995
20230728093001640,6.06,6.7,6.7144918699186995
20230728093001720,6.06,6.7,6.7144918699186995
20230728093001740,6.06,6.7,6.714464646464647
20230728093001750,6.06,6.7,6.714464646464647
20230728093001770,6.71,6.7,6.714146341463414
20230728093001780,6.71,6.7,6.714146341463414
20230728093001810,6.71,6.7,6.714146341463414
20230728093001820,6.71,6.7,6.713981981981982
20230728093001840,6.71,6.7,6.713981981981982
20230728093001850,6.71,6.7,6.713981981981982
20230728093001880,6.71,6.7,6.713981981981982
20230728093001890,6.71,6.7,6.713981981981982
20230728093001930,6.71,6.7,6.713981981981982
20230728093001940,6.71,6.7,6.713981981981982
20230728093001960,6.71,6.7,6.713981981981982
20230728093001990,6.71,6.7,6.713981981981982
20230728093002000,6.71,6.7,6.713981981981982
20230728093002010,6.71,6.7,6.713981981981982
20230728093002030,6.71,6.7,6.713981981981982
20230728093002050,6.71,6.7,6.713981981981982
20230728093002060,6.71,6.7,6.713911504424779
20230728093003280,6.71,6.7,6.713911504424779
20230728093003300,6.71,6.7,6.713790737564323
20230728093003310,6.71,6.7,6.713790737564323
20230728093003320,6.71,6.7,6.713790737564323
20230728093003410,6.71,6.7,6.713790737564323
20230728093003420,6.71,6.7,6.713784246575343
20230728093003430,6.71,6.7,6.713784246575343
20230728093003480,6.71,6.7,6.713784246575343
20230728093003500,6.71,6.7,6.713784246575343
20230728093003520,6.71,6.7,6.7137713310580205
20230728093003560,6.71,6.7,6.7137713310580205
20230728093003570,6.71,6.7,6.7137713310580205
20230728093003640,6.71,6.7,6.7137713310580205
20230728093003650,6.71,6.7,6.7137713310580205
20230728093003680,6.71,6.7,6.7137713310580205
20230728093003750,6.71,6.7,6.7137713310580205
20230728093003760,6.71,6.7,6.7137713310580205
20230728093003790,6.71,6.7,6.7137713310580205
20230728093003880,6.71,6.7,6.7137713310580205
20230728093003900,6.71,6.7,6.7137713310580205
20230728093003920,6.71,6.7,6.7137713310580205
20230728093003940,6.71,6.7,6.7137713310580205
20230728093004120,6.71,6.7,6.7137713310580205
20230728093004150,6.71,6.7,6.713764906303237
20230728093004160,6.71,6.7,6.713469387755102
20230728093004180,6.71,6.71,6.713469387755102
20230728093004190,6.71,6.71,6.713469387755102
20230728093004240,6.71,6.71,6.713469387755102
20230728093004260,6.71,6.71,6.713469387755102
20230728093004320,6.71,6.71,6.713469387755102
20230728093004350,6.71,6.71,6.713469387755102
20230728093004390,6.71,6.71,6.713469387755102
20230728093004460,6.71,6.71,6.713469387755102
20230728093004490,6.71,6.71,6.713469387755102
20230728093004540,6.71,6.71,6.713469387755102
20230728093004600,6.71,6.7,6.713496932515337
20230728093007570,6.71,6.71,6.713496932515337
20230728093007800,6.71,6.71,6.713496932515337
20230728093007870,6.71,6.71,6.713496932515337
20230728093007970,6.71,6.71,6.713496932515337
20230728093008130,6.71,6.72,6.713496932515337
20230728093008140,6.71,6.72,6.713496932515337
20230728093008170,6.71,6.71,6.713496932515337
20230728093008180,6.71,6.72,6.713496932515337
20230728093008650,6.71,6.72,6.713496932515337
20230728093008990,6.71,6.72,6.713496932515337
20230728093009490,6.71,6.72,6.713496932515337
20230728093009600,6.71,6.72,6.713496932515337
20230728093009740,6.71,6.72,6.713496932515337
20230728093010040,6.71,6.72,6.713496932515337
20230728093010080,6.71,6.73,6.715863808322824
20230728093010090,6.71,6.73,6.715863808322824
20230728093010210,6.71,6.73,6.715863808322824
20230728093010390,6.71,6.73,6.715863808322824
20230728093013360,6.71,6.73,6.715863808322824
20230728093013480,6.71,6.73,6.715863808322824
20230728093013490,6.71,6.73,6.715863808322824
20230728093013590,6.71,6.73,6.715863808322824
20230728093013650,6.71,6.73,6.715863808322824
20230728093013820,6.71,6.73,6.715863808322824
20230728093014070,6.71,6.73,6.715863808322824
20230728093014240,6.71,6.73,6.715863808322824
20230728093014470,6.71,6.73,6.715863808322824
20230728093014740,6.71,6.73,6.715863808322824
20230728093014750,6.71,6.72,6.715863808322824
20230728093015120,6.71,6.72,6.717611111111111
20230728093017070,6.71,6.72,6.717611111111111
20230728093017100,6.71,6.72,6.717611111111111
20230728093017290,6.71,6.72,6.717611111111111
20230728093017360,6.71,6.72,6.717611111111111
20230728093017380,6.71,6.72,6.71766592920354
20230728093017560,6.71,6.72,6.71766592920354
20230728093017680,6.71,6.72,6.71766592920354
20230728093020020,6.71,6.72,6.71766592920354
20230728093020160,6.71,6.72,6.71766592920354
20230728093020280,6.71,6.72,6.71766592920354
20230728093020390,6.71,6.72,6.718123044838373
20230728093020410,6.74,6.73,6.718541247484909
20230728093020420,6.74,6.73,6.718541247484909
20230728093020510,6.74,6.73,6.718575727181545
20230728093020520,6.74,6.73,6.718575727181545
20230728093020610,6.74,6.73,6.7186779324055665
20230728093022480,6.74,6.73,6.7186779324055665
20230728093022500,6.74,6.73,6.7186779324055665
20230728093022830,6.74,6.73,6.7186779324055665
20230728093022950,6.74,6.73,6.7186779324055665
20230728093023040,6.74,6.73,6.7186779324055665
20230728093023500,6.74,6.73,6.7186779324055665
20230728093023580,6.74,6.72,6.7186779324055665
20230728093025070,6.74,6.72,6.7186779324055665
20230728093025080,6.74,6.72,6.7186779324055665
20230728093025100,6.73,6.72,6.7186779324055665
20230728093025240,6.73,6.72,6.7186779324055665
20230728093025710,6.73,6.72,6.7186779324055665
20230728093026020,6.73,6.72,6.7186779324055665
20230728093026210,6.73,6.72,6.7186779324055665
20230728093027890,6.73,6.72,6.7186779324055665
20230728093027910,6.73,6.73,6.7186779324055665
20230728093028090,6.73,6.73,6.7186779324055665
20230728093028110,6.73,6.73,6.7186779324055665
20230728093028180,6.73,6.72,6.719678284182305
20230728093028570,6.73,6.73,6.719678284182305
20230728093030700,6.73,6.73,6.719678284182305
20230728093030730,6.73,6.73,6.719678284182305
20230728093030900,6.73,6.73,6.719678284182305
20230728093031070,6.73,6.72,6.719678284182305
20230728093031170,6.74,6.72,6.719678284182305
20230728093033440,6.74,6.72,6.719678284182305
20230728093033490,6.74,6.72,6.719678284182305
20230728093033740,6.74,6.72,6.719678284182305
20230728093033830,6.74,6.73,6.720077253218884
20230728093034070,6.74,6.73,6.720077253218884
20230728093034140,6.74,6.73,6.720077253218884
20230728093034250,6.74,6.73,6.720077253218884
20230728093034260,6.74,6.73,6.720077253218884
20230728093035840,6.74,6.73,6.720077253218884
20230728093035900,6.74,6.73,6.720077253218884
20230728093036180,6.75,6.73,6.720077253218884
20230728093036350,6.74,6.73,6.720077253218884
20230728093036360,6.74,6.73,6.720077253218884
20230728093036820,6.74,6.73,6.721016813450761
20230728093036900,6.74,6.73,6.721016813450761
20230728093039100,6.74,6.73,6.721016813450761
20230728093039240,6.74,6.73,6.721016813450761
20230728093039380,6.74,6.73,6.721016813450761
20230728093041490,6.74,6.73,6.721016813450761
20230728093041740,6.74,6.73,6.721016813450761
20230728093042160,6.74,6.73,6.721016813450761
20230728093042480,6.74,6.73,6.721016813450761
20230728093044080,6.74,6.73,6.721016813450761
20230728093044140,6.74,6.73,6.721075697211155
20230728093044770,6.74,6.73,6.721075697211155
20230728093046610,6.74,6.73,6.721075697211155
20230728093046620,6.74,6.73,6.721075697211155
20230728093046890,6.74,6.73,6.721075697211155
20230728093046940,6.74,6.73,6.721075697211155
20230728093047250,6.74,6.73,6.721075697211155
20230728093047740,6.74,6.73,6.721075697211155
20230728093047750,6.74,6.73,6.721075697211155
20230728093049390,6.74,6.73,6.721075697211155
20230728093049520,6.74,6.73,6.721075697211155
20230728093049530,6.74,6.73,6.721075697211155
20230728093049540,6.74,6.73,6.721075697211155
20230728093049550,6.74,6.73,6.721075697211155
20230728093049560,6.74,6.73,6.721075697211155
20230728093049570,6.74,6.73,6.721075697211155
20230728093049650,6.74,6.73,6.721075697211155
20230728093049770,6.74,6.73,6.721075697211155
20230728093050230,6.74,6.73,6.721075697211155
20230728093050370,6.74,6.73,6.721075697211155
20230728093050390,6.74,6.73,6.721075697211155
20230728093050430,6.74,6.73,6.721075697211155
20230728093052080,6.74,6.74,6.721075697211155
20230728093052090,6.74,6.74,6.721075697211155
20230728093052100,6.74,6.74,6.721075697211155
20230728093052140,6.74,6.74,6.721075697211155
20230728093052150,6.74,6.74,6.721075697211155
20230728093052160,6.74,6.74,6.721075697211155
20230728093052170,6.74,6.74,6.721075697211155
20230728093052180,6.74,6.74,6.721075697211155
20230728093052260,6.74,6.74,6.721075697211155
20230728093052270,6.74,6.74,6.721075697211155
20230728093052280,6.74,6.74,6.721075697211155
20230728093052360,6.74,6.74,6.721075697211155
20230728093052520,6.74,6.74,6.721075697211155
20230728093052530,6.74,6.74,6.721075697211155
20230728093052540,6.74,6.74,6.721075697211155
20230728093052570,6.74,6.74,6.721075697211155
20230728093052660,6.74,6.74,6.721075697211155
20230728093052730,6.74,6.74,6.721075697211155
20230728093053020,6.74,6.74,6.721075697211155
20230728093053120,6.75,6.74,6.721075697211155
20230728093053140,6.75,6.74,6.721075697211155
20230728093053160,6.75,6.74,6.721075697211155
20230728093053210,6.75,6.74,6.721075697211155
20230728093053240,6.75,6.74,6.721075697211155
20230728093053260,6.75,6.74,6.721075697211155
20230728093055030,6.75,6.74,6.721075697211155
20230728093055060,6.75,6.74,6.721075697211155
20230728093055070,6.75,6.74,6.721075697211155
20230728093055080,6.75,6.74,6.721075697211155
20230728093055100,6.75,6.74,6.721075697211155
20230728093055220,6.75,6.74,6.721075697211155
20230728093055530,6.75,6.74,6.721075697211155
20230728093055730,6.75,6.73,6.721075697211155
20230728093055740,6.75,6.74,6.721075697211155
20230728093055750,6.75,6.74,6.721075697211155
20230728093055820,6.75,6.74,6.721075697211155
20230728093057900,6.75,6.74,6.721075697211155
20230728093058070,6.75,6.74,6.721075697211155
20230728093058100,6.75,6.74,6.721075697211155
20230728093058230,6.75,6.74,6.721075697211155
20230728093058520,6.75,6.74,6.721075697211155
20230728093058550,6.75,6.74,6.721075697211155
20230728093058560,6.75,6.74,6.721075697211155
20230728093058570,6.75,6.74,6.721075697211155
20230728093058580,6.75,6.74,6.721075697211155
20230728093058590,6.75,6.74,6.721075697211155
20230728093058600,6.75,6.74,6.721075697211155
20230728093058610,6.75,6.74,6.721075697211155
20230728093058630,6.75,6.74,6.721075697211155
20230728093100340,6.75,6.74,6.721075697211155
20230728093100410,6.75,6.74,6.721075697211155
20230728093100450,6.75,6.74,6.721075697211155
20230728093100860,6.75,6.74,6.721075697211155
20230728093100880,6.75,6.74,6.721075697211155
20230728093101060,6.75,6.74,6.721075697211155
20230728093101080,6.75,6.74,6.721075697211155
20230728093101180,6.75,6.74,6.721075697211155
20230728093101240,6.75,6.74,6.721075697211155
20230728093102820,6.75,6.74,6.721075697211155
20230728093103050,6.75,6.74,6.721075697211155
20230728093103230,6.75,6.74,6.721075697211155
20230728093103290,6.76,6.74,6.721075697211155
20230728093103320,6.76,6.74,6.721075697211155
20230728093103330,6.76,6.74,6.721075697211155
20230728093103920,6.76,6.74,6.721075697211155
20230728093104050,6.75,6.74,6.721075697211155
20230728093106110,6.75,6.74,6.721075697211155
20230728093108520,6.75,6.74,6.721075697211155
20230728093108930,6.75,6.74,6.721075697211155
20230728093109230,6.75,6.74,6.721075697211155
20230728093110900,6.75,6.74,6.721075697211155
20230728093110940,6.75,6.74,6.721075697211155
20230728093111020,6.75,6.74,6.721075697211155
20230728093111120,6.75,6.74,6.727304597701149
20230728093111420,6.75,6.74,6.727304597701149
20230728093111530,6.75,6.74,6.7280244852532
20230728093111540,6.76,6.75,6.730585054080629
20230728093111550,6.76,6.75,6.730585054080629
20230728093111560,6.76,6.75,6.730585054080629
20230728093111570,6.76,6.75,6.730585054080629
20230728093111640,6.76,6.75,6.730585054080629
20230728093111650,6.76,6.75,6.730585054080629
20230728093111670,6.76,6.75,6.730585054080629
20230728093111690,6.76,6.75,6.730585054080629
20230728093111700,6.76,6.75,6.730585054080629
20230728093111710,6.76,6.75,6.730585054080629
20230728093111740,6.76,6.75,6.730585054080629
20230728093112040,6.76,6.75,6.730585054080629
20230728093112130,6.76,6.75,6.730585054080629
20230728093112140,6.76,6.75,6.730585054080629
20230728093112150,6.76,6.75,6.731036644165863
20230728093112160,6.76,6.75,6.731271428571429
20230728093113660,6.76,6.75,6.731271428571429
20230728093113740,6.76,6.75,6.731271428571429
20230728093113820,6.76,6.75,6.731271428571429
20230728093113870,6.76,6.75,6.731271428571429
20230728093113910,6.76,6.75,6.731271428571429
20230728093113930,6.76,6.75,6.731271428571429
20230728093114050,6.76,6.75,6.731271428571429
20230728093114070,6.76,6.75,6.731271428571429
20230728093114150,6.76,6.75,6.731526538280883
20230728093114600,6.76,6.75,6.7316860735910575
20230728093114660,6.76,6.75,6.7316860735910575
20230728093116520,6.76,6.75,6.7316860735910575
20230728093116630,6.76,6.75,6.7316860735910575
20230728093116640,6.76,6.75,6.7316860735910575
20230728093116650,6.76,6.75,6.7316860735910575
20230728093116680,6.76,6.75,6.7316860735910575
20230728093116710,6.76,6.75,6.7316860735910575
20230728093116990,6.76,6.75,6.7316860735910575
20230728093117050,6.76,6.75,6.7316860735910575
20230728093117060,6.76,6.75,6.7316860735910575
20230728093117100,6.76,6.75,6.7316860735910575
20230728093117120,6.76,6.75,6.731957408246489
20230728093117140,6.76,6.75,6.731957408246489
20230728093117170,6.76,6.75,6.731957408246489
20230728093117510,6.76,6.75,6.731957408246489
20230728093119070,6.76,6.75,6.731957408246489
20230728093119100,6.76,6.75,6.731957408246489
20230728093119110,6.75,6.75,6.731957408246489
20230728093119230,6.75,6.75,6.731957408246489
20230728093119280,6.75,6.75,6.731957408246489
20230728093119580,6.75,6.75,6.731957408246489
20230728093119920,6.75,6.75,6.731957408246489
20230728093119980,6.75,6.75,6.731957408246489
20230728093120050,6.75,6.75,6.731957408246489
20230728093120120,6.75,6.75,6.732011727559765
20230728093120200,6.75,6.75,6.732011727559765
20230728093121750,6.75,6.75,6.732011727559765
20230728093121770,6.75,6.75,6.732011727559765
20230728093122070,6.75,6.75,6.732011727559765
20230728093122100,6.75,6.75,6.732011727559765
20230728093122220,6.75,6.75,6.732011727559765
20230728093122450,6.75,6.75,6.732011727559765
20230728093122660,6.75,6.75,6.732011727559765
20230728093122710,6.75,6.75,6.732011727559765
20230728093122830,6.75,6.75,6.732011727559765
20230728093124450,6.75,6.75,6.732011727559765
20230728093125020,6.75,6.75,6.732011727559765
20230728093125100,6.75,6.75,6.732011727559765
20230728093125320,6.75,6.75,6.732011727559765
20230728093127240,6.75,6.75,6.732011727559765
20230728093127590,6.75,6.75,6.732011727559765
20230728093127680,6.75,6.75,6.732011727559765
20230728093127810,6.75,6.75,6.732011727559765
20230728093127970,6.75,6.75,6.732011727559765
20230728093128120,6.75,6.75,6.732011727559765
20230728093128140,6.75,6.75,6.732011727559765
20230728093128320,6.75,6.75,6.732011727559765
20230728093128330,6.75,6.75,6.732011727559765
20230728093129980,6.75,6.74,6.732011727559765
20230728093130160,6.75,6.74,6.732011727559765
20230728093130220,6.75,6.74,6.732011727559765
20230728093130250,6.75,6.74,6.732011727559765
20230728093130520,6.75,6.74,6.732011727559765
20230728093130850,6.75,6.74,6.732011727559765
20230728093131000,6.75,6.74,6.732011727559765
20230728093131070,6.75,6.74,6.732011727559765
20230728093132710,6.75,6.74,6.732011727559765
20230728093132900,6.75,6.74,6.732011727559765
20230728093133410,6.75,6.74,6.732011727559765
20230728093133440,6.75,6.74,6.732011727559765
20230728093133530,6.75,6.74,6.732011727559765
20230728093135300,6.75,6.74,6.732011727559765
20230728093135320,6.75,6.74,6.732011727559765
20230728093135570,6.75,6.74,6.732011727559765
20230728093136380,6.75,6.74,6.732011727559765
20230728093136400,6.75,6.74,6.732011727559765
20230728093137910,6.75,6.74,6.732011727559765
20230728093137940,6.75,6.74,6.732011727559765
20230728093137990,6.75,6.74,6.732011727559765
20230728093138090,6.75,6.74,6.732011727559765
20230728093138140,6.75,6.74,6.732011727559765
20230728093140770,6.75,6.74,6.732011727559765
20230728093143410,6.75,6.74,6.732011727559765
20230728093143510,6.75,6.74,6.732011727559765
20230728093143630,6.75,6.74,6.732011727559765
20230728093143810,6.75,6.74,6.732011727559765
20230728093143830,6.75,6.74,6.732011727559765
20230728093143980,6.75,6.74,6.732011727559765
20230728093144210,6.75,6.74,6.733303787268332
20230728093146110,6.75,6.74,6.7333105114780505
20230728093146910,6.75,6.74,6.7333105114780505
20230728093147090,6.75,6.74,6.7333105114780505
20230728093147120,6.75,6.74,6.7333105114780505
20230728093147130,6.75,6.74,6.7333105114780505
20230728093148820,6.75,6.74,6.7333105114780505
20230728093149160,6.75,6.74,6.7333105114780505
20230728093149210,6.75,6.74,6.7333105114780505
20230728093149430,6.75,6.74,6.733348052990767
20230728093149490,6.75,6.74,6.733348052990767
20230728093149700,6.75,6.74,6.733348052990767
20230728093152040,6.75,6.74,6.733348052990767
20230728093152530,6.75,6.74,6.733348052990767
20230728093152560,6.75,6.74,6.733348052990767
20230728093152630,6.75,6.74,6.733348052990767
20230728093154390,6.75,6.74,6.733348052990767
20230728093154600,6.75,6.74,6.733348052990767
20230728093154630,6.75,6.74,6.733348052990767
20230728093154700,6.75,6.74,6.733348052990767
20230728093154840,6.75,6.74,6.733348052990767
20230728093155060,6.75,6.74,6.733348052990767
20230728093155160,6.75,6.74,6.733348052990767
20230728093155230,6.75,6.74,6.733348052990767
20230728093156960,6.75,6.74,6.733348052990767
20230728093157000,6.75,6.74,6.733348052990767
20230728093157160,6.75,6.74,6.733348052990767
20230728093157250,6.75,6.74,6.73336141195347
20230728093157380,6.75,6.74,6.73336141195347
20230728093157800,6.75,6.74,6.73336141195347
20230728093159800,6.75,6.74,6.73336141195347
20230728093159820,6.75,6.74,6.73336141195347
20230728093159870,6.75,6.74,6.73336141195347
20230728093159910,6.75,6.74,6.73336141195347
20230728093159950,6.75,6.74,6.73336141195347
20230728093200200,6.75,6.74,6.73336141195347
20230728093200430,6.75,6.74,6.73336141195347
20230728093202360,6.75,6.74,6.73336141195347
20230728093202430,6.75,6.74,6.73336141195347
20230728093202470,6.75,6.74,6.73336141195347
20230728093202730,6.75,6.74,6.73336141195347
20230728093202780,6.75,6.74,6.73336141195347
20230728093202810,6.75,6.74,6.73336141195347
20230728093202910,6.75,6.74,6.73336141195347
20230728093203090,6.75,6.74,6.73336141195347
20230728093203100,6.75,6.74,6.73336141195347
20230728093203130,6.75,6.74,6.734135871593878
20230728093203250,6.75,6.74,6.734135871593878
20230728093203420,6.75,6.74,6.734135871593878
20230728093203440,6.75,6.74,6.734135871593878
20230728093205010,6.75,6.74,6.734135871593878
20230728093205110,6.75,6.74,6.734135871593878
20230728093205320,6.75,6.74,6.734135871593878
20230728093205500,6.75,6.74,6.734135871593878
20230728093207930,6.75,6.74,6.734135871593878
20230728093207950,6.75,6.74,6.734135871593878
20230728093208410,6.75,6.74,6.734135871593878
20230728093210420,6.75,6.74,6.734135871593878
20230728093210860,6.75,6.74,6.734165424739195
20230728093210870,6.75,6.74,6.734165424739195
20230728093211130,6.75,6.74,6.734174107142858
20230728093211280,6.75,6.74,6.734174107142858
20230728093211340,6.75,6.74,6.734174107142858
20230728093213100,6.75,6.74,6.734176273707698
20230728093213240,6.75,6.74,6.734176273707698
20230728093213250,6.75,6.74,6.734176273707698
20230728093213390,6.75,6.74,6.734234901815487
20230728093213520,6.75,6.74,6.734234901815487
20230728093213710,6.75,6.74,6.734234901815487
20230728093214200,6.75,6.74,6.734234901815487
20230728093214240,6.75,6.74,6.734234901815487
20230728093215930,6.75,6.74,6.734252405625463
20230728093216050,6.75,6.74,6.73425453200148
20230728093216080,6.75,6.74,6.734258780036969
20230728093216100,6.75,6.74,6.734264597191427
20230728093216230,6.75,6.74,6.734264597191427
20230728093216530,6.75,6.74,6.734264597191427
20230728093216680,6.75,6.74,6.734264597191427
20230728093218980,6.75,6.74,6.734264597191427
20230728093219020,6.75,6.74,6.734264597191427
20230728093219080,6.75,6.74,6.734264597191427
20230728093219100,6.75,6.74,6.734264597191427
20230728093219260,6.75,6.74,6.734264597191427
20230728093219380,6.75,6.74,6.734264597191427
20230728093219400,6.75,6.74,6.734305147058824
20230728093219540,6.75,6.74,6.734305147058824
20230728093219550,6.75,6.74,6.734305147058824
20230728093219590,6.75,6.74,6.734305147058824
20230728093219620,6.75,6.74,6.734305147058824
20230728093219650,6.75,6.74,6.7343072399852995
20230728093219660,6.75,6.74,6.7343072399852995
20230728093221190,6.75,6.74,6.7343072399852995
20230728093221290,6.75,6.74,6.7343072399852995
20230728093221300,6.75,6.74,6.7343072399852995
20230728093221490,6.75,6.74,6.7343072399852995
20230728093221990,6.75,6.74,6.7343072399852995
20230728093222090,6.75,6.74,6.7343072399852995
20230728093222110,6.75,6.74,6.7343072399852995
20230728093224170,6.75,6.74,6.7343072399852995
20230728093224180,6.75,6.74,6.7343072399852995
20230728093224370,6.75,6.74,6.7343072399852995
20230728093224610,6.75,6.75,6.734427425237053
20230728093224770,6.75,6.74,6.734429456799125
20230728093224790,6.75,6.74,6.734429456799125
20230728093224900,6.75,6.74,6.734429456799125
20230728093225050,6.75,6.74,6.734429456799125
20230728093226850,6.75,6.74,6.734429456799125
20230728093226940,6.75,6.74,6.734429456799125
20230728093227210,6.75,6.74,6.734429456799125
20230728093229780,6.75,6.74,6.7344314868804664
20230728093229890,6.75,6.74,6.7344314868804664
20230728093230280,6.75,6.74,6.734791740833037
20230728093230410,6.75,6.74,6.735042444821731
20230728093230440,6.75,6.74,6.735042444821731
20230728093230460,6.75,6.74,6.735042444821731
20230728093232410,6.75,6.74,6.735123019885406
20230728093232450,6.75,6.74,6.735123019885406
20230728093232730,6.75,6.74,6.735123019885406
20230728093232750,6.75,6.74,6.735123019885406
20230728093232760,6.75,6.74,6.735123019885406
20230728093232800,6.75,6.74,6.735128032345013
20230728093232820,6.75,6.74,6.735128032345013
20230728093232870,6.75,6.74,6.735128032345013
20230728093233000,6.75,6.74,6.735128032345013
20230728093233100,6.75,6.74,6.7351330414280906
20230728093234710,6.75,6.74,6.7351330414280906
20230728093234780,6.75,6.74,6.7351330414280906
20230728093234840,6.75,6.74,6.7351330414280906
20230728093235130,6.75,6.74,6.7351330414280906
20230728093235150,6.75,6.74,6.7351330414280906
20230728093235160,6.75,6.74,6.7351330414280906
20230728093235550,6.75,6.74,6.7351330414280906
20230728093235580,6.75,6.74,6.7351330414280906
20230728093235740,6.75,6.74,6.7351330414280906
20230728093235780,6.75,6.74,6.7351330414280906
20230728093235840,6.75,6.74,6.7351330414280906
20230728093238130,6.75,6.74,6.7351330414280906
20230728093238280,6.75,6.74,6.7351330414280906
20230728093238410,6.75,6.74,6.7351330414280906
20230728093238430,6.75,6.74,6.7351330414280906
20230728093240240,6.75,6.74,6.7351330414280906
20230728093240340,6.75,6.74,6.7351330414280906
20230728093240550,6.75,6.74,6.7352254641909814
20230728093240710,6.75,6.74,6.7352254641909814
20230728093241150,6.75,6.74,6.7352254641909814
20230728093242940,6.75,6.74,6.7352254641909814
20230728093243050,6.75,6.74,6.7352254641909814
20230728093243090,6.75,6.74,6.735236676597153
20230728093243210,6.75,6.74,6.735236676597153
20230728093243220,6.75,6.74,6.735236676597153
20230728093243720,6.75,6.74,6.735236676597153
20230728093243750,6.75,6.74,6.735236676597153
20230728093243850,6.75,6.74,6.735236676597153
20230728093243940,6.75,6.74,6.735236676597153
20230728093246100,6.75,6.74,6.735236676597153
20230728093246580,6.75,6.74,6.735236676597153
20230728093248320,6.75,6.74,6.735236676597153
20230728093248360,6.75,6.74,6.735236676597153
20230728093249020,6.75,6.74,6.735236676597153
20230728093249160,6.75,6.74,6.735236676597153
20230728093249220,6.75,6.74,6.735261070720423
20230728093249360,6.75,6.74,6.735261070720423
20230728093251030,6.75,6.74,6.735261070720423
20230728093251210,6.75,6.74,6.735261070720423
20230728093251710,6.75,6.74,6.735261070720423
20230728093252030,6.75,6.74,6.735261070720423
20230728093253610,6.75,6.74,6.735261070720423
20230728093253920,6.75,6.74,6.735261070720423
20230728093254090,6.75,6.74,6.735538261997406
20230728093254120,6.75,6.74,6.735538261997406
20230728093256710,6.75,6.74,6.735538261997406
20230728093257170,6.75,6.74,6.735538261997406
20230728093257470,6.75,6.74,6.735538261997406
20230728093259030,6.75,6.74,6.735538261997406
20230728093259100,6.75,6.74,6.735538261997406
20230728093259110,6.75,6.74,6.735538261997406
20230728093259190,6.75,6.74,6.735538261997406
20230728093259320,6.75,6.74,6.735538261997406
20230728093259720,6.75,6.74,6.735538261997406
20230728093259820,6.75,6.74,6.735538261997406
20230728093259910,6.75,6.74,6.736030056355667
20230728093302080,6.75,6.74,6.736030056355667
20230728093302090,6.75,6.74,6.736030056355667
20230728093302100,6.75,6.74,6.7360344287949925
20230728093302110,6.75,6.74,6.7360344287949925
20230728093302180,6.75,6.74,6.7360344287949925
20230728093302300,6.75,6.74,6.7360344287949925
20230728093302680,6.75,6.74,6.7360344287949925
20230728093302770,6.75,6.74,6.736048689138577
20230728093302800,6.75,6.74,6.736053042121685
20230728093302860,6.75,6.74,6.736053042121685
20230728093304330,6.75,6.74,6.736053042121685
20230728093304640,6.75,6.74,6.73605739238927
20230728093304660,6.75,6.74,6.73605739238927
20230728093305150,6.75,6.74,6.73605739238927
20230728093305330,6.75,6.74,6.73605739238927
20230728093305570,6.75,6.74,6.73605739238927
20230728093307040,6.75,6.74,6.73605739238927
20230728093308120,6.75,6.74,6.73605739238927
20230728093309860,6.75,6.74,6.73605739238927
20230728093310180,6.75,6.74,6.73605739238927
20230728093310450,6.75,6.74,6.73605739238927
20230728093310700,6.75,6.74,6.73605739238927
20230728093310740,6.75,6.74,6.73605739238927
20230728093312690,6.75,6.74,6.73605739238927
20230728093312760,6.75,6.74,6.736098849860118
20230728093313170,6.75,6.74,6.736098849860118
20230728093315260,6.75,6.74,6.736098849860118
20230728093315340,6.75,6.74,6.736098849860118
20230728093315630,6.75,6.74,6.736098849860118
20230728093315660,6.75,6.74,6.736103169670603
20230728093316160,6.75,6.74,6.736103169670603
20230728093317900,6.75,6.74,6.736103169670603
20230728093318600,6.75,6.74,6.736103169670603
20230728093318790,6.75,6.74,6.736103169670603
20230728093319030,6.75,6.74,6.736103169670603
20230728093320590,6.75,6.74,6.736103169670603
20230728093320980,6.75,6.74,6.736103169670603
20230728093321020,6.75,6.74,6.736103169670603
20230728093321510,6.75,6.74,6.736103169670603
20230728093323740,6.75,6.74,6.736103169670603
20230728093323960,6.75,6.74,6.736103169670603
20230728093323990,6.75,6.74,6.736103169670603
20230728093326040,6.75,6.74,6.736103169670603
20230728093326120,6.75,6.74,6.736103169670603
20230728093326230,6.75,6.74,6.736103169670603
20230728093326250,6.75,6.74,6.736103169670603
20230728093326780,6.75,6.74,6.736103169670603
20230728093328660,6.75,6.74,6.736103169670603
20230728093328810,6.75,6.74,6.736103169670603
20230728093329010,6.75,6.74,6.736103169670603
20230728093329100,6.75,6.74,6.736103169670603
20230728093329150,6.75,6.74,6.736103169670603
20230728093332080,6.75,6.74,6.736103169670603
20230728093332110,6.75,6.74,6.736136783733826
20230728093332160,6.75,6.74,6.736136783733826
20230728093332190,6.75,6.74,6.736136783733826
20230728093334020,6.75,6.74,6.736136783733826
20230728093334050,6.75,6.74,6.736139162561576
20230728093334090,6.75,6.74,6.736142725315288
20230728093334770,6.75,6.74,6.736142725315288
20230728093336720,6.75,6.74,6.736142725315288
20230728093336750,6.75,6.74,6.736142725315288
20230728093336920,6.75,6.74,6.736142725315288
20230728093337090,6.75,6.74,6.73615975422427
20230728093337110,6.75,6.74,6.73615975422427
20230728093337130,6.75,6.74,6.736176200672989
20230728093337150,6.75,6.74,6.736185535550809
20230728093337170,6.75,6.74,6.7362017623822545
20230728093337210,6.75,6.74,6.736210973022128
20230728093337300,6.75,6.74,6.736214415505754
20230728093337400,6.75,6.74,6.736214415505754
20230728093337640,6.75,6.74,6.736214415505754
20230728093337690,6.75,6.74,6.736214415505754
20230728093339400,6.75,6.74,6.736214415505754
20230728093339490,6.75,6.74,6.736214415505754
20230728093339710,6.75,6.74,6.736214415505754
20230728093340090,6.75,6.74,6.736240942028986
20230728093340120,6.75,6.74,6.736240942028986
20230728093340190,6.75,6.74,6.736240942028986
20230728093340200,6.75,6.74,6.736240942028986
20230728093342130,6.74,6.73,6.736329599056604
20230728093342140,6.75,6.74,6.736330680813439
20230728093342210,6.75,6.74,6.736330680813439
20230728093342220,6.75,6.74,6.736330680813439
20230728093342260,6.75,6.73,6.736330680813439
20230728093342380,6.75,6.73,6.736330680813439
20230728093342690,6.74,6.73,6.736330680813439
20230728093342710,6.74,6.73,6.736330680813439
20230728093342720,6.74,6.73,6.736330680813439
20230728093342740,6.74,6.73,6.736330680813439
20230728093342870,6.75,6.74,6.7363660245183885
20230728093343020,6.75,6.74,6.7363660245183885
20230728093343060,6.75,6.74,6.7363660245183885
20230728093343070,6.75,6.74,6.7363700029180045
20230728093343080,6.75,6.74,6.736373978996499
20230728093343100,6.75,6.74,6.736381924198251
20230728093343110,6.75,6.74,6.736381924198251
20230728093343130,6.75,6.74,6.736381924198251
20230728093343140,6.75,6.74,6.736381924198251
20230728093343150,6.75,6.74,6.736381924198251
20230728093343360,6.75,6.74,6.736381924198251
20230728093345830,6.75,6.74,6.736381924198251
20230728093345950,6.75,6.74,6.736381924198251
20230728093347810,6.75,6.74,6.736387190684134
20230728093348110,6.75,6.74,6.736387190684134
20230728093348150,6.75,6.74,6.736387190684134
20230728093348180,6.75,6.74,6.736387190684134
20230728093348190,6.75,6.74,6.736387190684134
20230728093348500,6.75,6.74,6.736387190684134
20230728093348650,6.75,6.74,6.736387190684134
20230728093350880,6.75,6.74,6.736387190684134
20230728093351030,6.75,6.74,6.736387190684134
20230728093353120,6.75,6.74,6.736390343222804
20230728093353260,6.75,6.74,6.736390343222804
20230728093353590,6.75,6.74,6.736390343222804
20230728093353760,6.75,6.74,6.736390343222804
20230728093353900,6.75,6.74,6.736390343222804
20230728093354000,6.75,6.74,6.736429814385151
20230728093355780,6.75,6.74,6.736429814385151
20230728093356130,6.75,6.74,6.736436016213086
20230728093356230,6.75,6.74,6.736436016213086
20230728093356770,6.75,6.74,6.736436016213086
20230728093356780,6.75,6.74,6.736436016213086
20230728093356790,6.75,6.74,6.736436016213086
20230728093358300,6.75,6.74,6.736436016213086
20230728093358960,6.75,6.74,6.736436016213086
20230728093401080,6.75,6.74,6.736451706188548
20230728093401100,6.75,6.74,6.736451706188548
20230728093401160,6.75,6.74,6.736451706188548
20230728093401280,6.75,6.74,6.736451706188548
20230728093401300,6.75,6.74,6.736451706188548
20230728093401390,6.75,6.74,6.736451706188548
20230728093401640,6.75,6.74,6.736451706188548
20230728093401890,6.75,6.74,6.736451706188548
20230728093402120,6.75,6.74,6.7365286896945475
20230728093402130,6.75,6.74,6.7365286896945475
20230728093402240,6.75,6.74,6.7365286896945475
20230728093403720,6.74,6.74,6.7365286896945475
20230728093403740,6.74,6.74,6.7365286896945475
20230728093404070,6.74,6.74,6.7365286896945475
20230728093404090,6.74,6.74,6.7365286896945475
20230728093404110,6.74,6.74,6.7365286896945475
20230728093404320,6.74,6.74,6.7365286896945475
20230728093404400,6.74,6.74,6.7365286896945475
20230728093404540,6.74,6.74,6.7365286896945475
20230728093404720,6.74,6.74,6.7365286896945475
20230728093406410,6.74,6.74,6.7365286896945475
20230728093406700,6.74,6.74,6.736571750775303
20230728093407070,6.74,6.74,6.736571750775303
20230728093407080,6.74,6.74,6.736572717023675
20230728093407100,6.74,6.74,6.736573682727529
20230728093407260,6.74,6.74,6.736573682727529
20230728093407350,6.74,6.74,6.736573682727529
20230728093409120,6.74,6.74,6.736573682727529
20230728093409360,6.74,6.74,6.736573682727529
20230728093409470,6.74,6.74,6.736573682727529
20230728093409520,6.74,6.74,6.736573682727529
20230728093409830,6.74,6.74,6.736573682727529
20230728093409840,6.74,6.74,6.736573682727529
20230728093409860,6.74,6.74,6.736573682727529
20230728093409870,6.74,6.74,6.736573682727529
20230728093410010,6.74,6.74,6.736573682727529
20230728093410170,6.74,6.74,6.736573682727529
20230728093410280,6.74,6.74,6.736573682727529
20230728093412300,6.74,6.74,6.736573682727529
20230728093412420,6.74,6.74,6.736592883160549
20230728093412560,6.74,6.74,6.736592883160549
20230728093412690,6.74,6.74,6.736592883160549
20230728093412760,6.74,6.74,6.736592883160549
20230728093414720,6.74,6.74,6.736592883160549
20230728093415040,6.74,6.74,6.736592883160549
20230728093415590,6.74,6.74,6.736592883160549
20230728093417220,6.74,6.74,6.736592883160549
20230728093417640,6.74,6.74,6.736592883160549
20230728093418430,6.74,6.74,6.736592883160549
20230728093420140,6.74,6.74,6.736585502378953
20230728093420150,6.74,6.74,6.73658645775042
20230728093420220,6.74,6.74,6.736584615384615
20230728093420710,6.74,6.74,6.736586525020967
20230728093420780,6.74,6.72,6.735778758891342
20230728093420820,6.74,6.72,6.735778758891342
20230728093420850,6.74,6.72,6.735778758891342
20230728093420970,6.74,6.72,6.735778758891342
20230728093423120,6.74,6.72,6.735731350560702
20230728093423410,6.74,6.72,6.735731350560702
20230728093423650,6.74,6.72,6.735731350560702
20230728093423670,6.74,6.72,6.735731350560702
20230728093425410,6.74,6.72,6.735731350560702
20230728093425520,6.74,6.72,6.735731350560702
20230728093425610,6.74,6.72,6.735674824327599
20230728093425810,6.74,6.72,6.735674824327599
20230728093426130,6.74,6.72,6.735674824327599
20230728093428070,6.74,6.72,6.735674824327599
20230728093428090,6.74,6.72,6.735674824327599
20230728093428510,6.73,6.72,6.735674824327599
20230728093428520,6.73,6.72,6.735674824327599
20230728093428530,6.73,6.72,6.735674824327599
20230728093428540,6.73,6.72,6.735674824327599
20230728093428660,6.73,6.72,6.735674824327599
20230728093431020,6.73,6.72,6.735674824327599
20230728093431080,6.74,6.73,6.735603178425235
20230728093431090,6.74,6.73,6.735603178425235
20230728093431160,6.74,6.73,6.735603178425235
20230728093431170,6.74,6.73,6.735603178425235
20230728093431350,6.74,6.73,6.735603178425235
20230728093431480,6.74,6.73,6.73559644059644
20230728093431560,6.74,6.73,6.735595094974753
20230728093431650,6.74,6.73,6.735595094974753
20230728093431920,6.74,6.73,6.735595094974753
20230728093433400,6.74,6.73,6.735595094974753
20230728093434080,6.74,6.73,6.735595094974753
20230728093434230,6.74,6.73,6.735595094974753
20230728093436230,6.74,6.73,6.735595094974753
20230728093436330,6.74,6.73,6.735595094974753
20230728093436450,6.74,6.73,6.735595094974753
20230728093436530,6.74,6.73,6.735595094974753
20230728093437250,6.74,6.73,6.735595094974753
20230728093439120,6.74,6.73,6.735595094974753
20230728093439510,6.74,6.73,6.735595094974753
20230728093439590,6.74,6.73,6.735595094974753
20230728093439710,6.74,6.73,6.735595094974753
20230728093439740,6.74,6.73,6.735595094974753
20230728093439840,6.74,6.73,6.735595094974753
20230728093440050,6.74,6.73,6.735595094974753
20230728093441560,6.74,6.73,6.735595094974753
20230728093441760,6.74,6.73,6.735583013435701
20230728093442030,6.74,6.73,6.735578997842244
20230728093442370,6.74,6.73,6.735578997842244
20230728093442520,6.74,6.73,6.735577660594439
20230728093444390,6.74,6.73,6.735577660594439
20230728093444460,6.74,6.73,6.735577660594439
20230728093444630,6.74,6.73,6.735577660594439
20230728093444720,6.74,6.73,6.735577660594439
20230728093444730,6.73,6.73,6.735577660594439
20230728093444820,6.73,6.73,6.735577660594439
20230728093444910,6.73,6.73,6.735577660594439
20230728093445050,6.73,6.73,6.735577660594439
20230728093445190,6.73,6.73,6.735577660594439
20230728093445200,6.73,6.73,6.735577660594439
20230728093445320,6.73,6.73,6.735577660594439
20230728093447030,6.73,6.73,6.735577660594439
20230728093447060,6.73,6.73,6.735577660594439
20230728093447110,6.73,6.73,6.735577660594439
20230728093447120,6.73,6.73,6.735495260663507
20230728093447310,6.73,6.73,6.735495260663507
20230728093447330,6.73,6.73,6.735495260663507
20230728093447650,6.73,6.73,6.735495260663507
20230728093448090,6.73,6.73,6.735495260663507
20230728093449770,6.73,6.73,6.735495260663507
20230728093450760,6.73,6.73,6.735495260663507
20230728093452810,6.73,6.73,6.735495260663507
20230728093453280,6.73,6.73,6.735495260663507
20230728093454990,6.73,6.73,6.735495260663507
20230728093455060,6.73,6.73,6.735495260663507
20230728093455080,6.73,6.73,6.735495260663507
20230728093455090,6.73,6.73,6.735460324935248
20230728093455100,6.73,6.73,6.735460324935248
20230728093455310,6.73,6.73,6.735460324935248
20230728093455320,6.73,6.73,6.735460324935248
20230728093455530,6.73,6.73,6.735460324935248
20230728093455660,6.73,6.73,6.735460324935248
20230728093455810,6.73,6.73,6.735413145539906
20230728093455970,6.73,6.73,6.735413145539906
20230728093456130,6.73,6.73,6.7354059127170345
20230728093456210,6.73,6.73,6.735400843881856
20230728093457840,6.73,6.73,6.735400843881856
20230728093458080,6.73,6.73,6.735400843881856
20230728093458100,6.73,6.73,6.735400843881856
20230728093458220,6.73,6.73,6.735386416861827
20230728093458500,6.73,6.73,6.735386416861827
20230728093458510,6.73,6.73,6.735386416861827
20230728093500410,6.73,6.73,6.735386416861827
20230728093500640,6.73,6.73,6.735386416861827
20230728093500680,6.73,6.73,6.735386416861827
20230728093500770,6.73,6.73,6.735385155701241
20230728093501280,6.73,6.73,6.735385155701241
20230728093501370,6.73,6.73,6.735385155701241
20230728093501520,6.73,6.73,6.735385155701241
20230728093501530,6.73,6.73,6.735385155701241
20230728093501630,6.73,6.73,6.735385155701241
20230728093503830,6.73,6.73,6.735385155701241
20230728093504090,6.73,6.73,6.735324074074074
20230728093504150,6.73,6.73,6.735322841934737
20230728093504160,6.73,6.73,6.735322841934737
20230728093504200,6.73,6.73,6.735322841934737
20230728093505800,6.73,6.73,6.73527886160202
20230728093505950,6.73,6.73,6.73527886160202
20230728093506260,6.73,6.73,6.73527886160202
20230728093506520,6.73,6.73,6.73527886160202
20230728093506590,6.73,6.73,6.73527886160202
20230728093506990,6.73,6.73,6.73527886160202
20230728093508940,6.73,6.73,6.73527886160202
20230728093508980,6.73,6.73,6.73527886160202
20230728093509530,6.73,6.73,6.73527886160202
20230728093511860,6.73,6.73,6.73527886160202
20230728093512130,6.73,6.73,6.73527886160202
20230728093512450,6.73,6.73,6.73527886160202
20230728093513910,6.73,6.73,6.735228519195612
20230728093514090,6.73,6.73,6.735228519195612
20230728093514150,6.73,6.73,6.735228519195612
20230728093514240,6.73,6.73,6.735228519195612
20230728093514440,6.73,6.73,6.735228519195612
20230728093514600,6.73,6.73,6.735228519195612
20230728093514680,6.73,6.73,6.735228519195612
20230728093517790,6.73,6.73,6.735228519195612
20230728093517830,6.73,6.72,6.735211139009358
20230728093520130,6.73,6.72,6.735211139009358
20230728093520150,6.73,6.72,6.735211139009358
20230728093522030,6.73,6.72,6.734569304766069
20230728093522080,6.73,6.72,6.734460773719473
20230728093522100,6.73,6.72,6.734460773719473
20230728093522740,6.73,6.72,6.734460773719473
20230728093522950,6.73,6.72,6.734460773719473
20230728093523000,6.73,6.72,6.734460773719473
20230728093523140,6.73,6.72,6.734460773719473
20230728093524900,6.73,6.72,6.734460773719473
20230728093525080,6.73,6.72,6.734460773719473
20230728093525090,6.73,6.72,6.734460773719473
20230728093525100,6.73,6.72,6.734460773719473
20230728093525240,6.73,6.72,6.734460773719473
20230728093525250,6.73,6.72,6.734460773719473
20230728093525870,6.73,6.72,6.734460773719473
20230728093525880,6.73,6.72,6.734460773719473
20230728093527400,6.73,6.72,6.734460773719473
20230728093527620,6.73,6.72,6.734460773719473
20230728093527780,6.73,6.72,6.734460773719473
20230728093527810,6.73,6.72,6.734460773719473
20230728093527930,6.73,6.72,6.734460773719473
20230728093527950,6.73,6.72,6.734460773719473
20230728093528020,6.73,6.72,6.734460773719473
20230728093528070,6.73,6.72,6.734460773719473
20230728093528120,6.73,6.72,6.734460773719473
20230728093528320,6.73,6.72,6.734460773719473
20230728093531070,6.73,6.72,6.734297008547008
20230728093531080,6.73,6.72,6.734297008547008
20230728093531220,6.73,6.72,6.734297008547008
20230728093531240,6.73,6.72,6.734297008547008
20230728093532870,6.73,6.72,6.734297008547008
20230728093532910,6.73,6.72,6.734296090578936
20230728093532980,6.73,6.72,6.734296090578936
20230728093533250,6.73,6.72,6.734296090578936
20230728093533700,6.73,6.72,6.734296090578936
20230728093533770,6.73,6.72,6.734296090578936
20230728093536300,6.73,6.72,6.734296090578936
20230728093536630,6.72,6.72,6.734296090578936
20230728093538440,6.72,6.72,6.734296090578936
20230728093538470,6.72,6.72,6.734296090578936
20230728093538890,6.72,6.72,6.734296090578936
20230728093541090,6.72,6.72,6.734296090578936
20230728093541140,6.72,6.72,6.734296090578936
20230728093541260,6.72,6.72,6.734267746749094
20230728093541370,6.72,6.72,6.734266837169651
20230728093543600,6.72,6.72,6.734266837169651
20230728093546540,6.72,6.72,6.734266837169651
20230728093546550,6.72,6.72,6.734266837169651
20230728093546560,6.72,6.72,6.734266837169651
20230728093546690,6.72,6.72,6.734266837169651
20230728093548990,6.72,6.72,6.734266837169651
20230728093549060,6.72,6.72,6.734266837169651
20230728093549160,6.72,6.72,6.734265019173413
20230728093549190,6.72,6.72,6.734265019173413
20230728093550010,6.72,6.72,6.734264110756124
20230728093550040,6.72,6.72,6.734264110756124
20230728093552030,6.72,6.72,6.734264110756124
20230728093552040,6.72,6.72,6.734264110756124
20230728093552170,6.72,6.72,6.734264110756124
20230728093552230,6.72,6.72,6.734264110756124
20230728093552260,6.72,6.72,6.734264110756124
20230728093552730,6.72,6.72,6.734261387824606
20230728093552910,6.72,6.72,6.734261387824606
20230728093554410,6.72,6.72,6.734261387824606
20230728093554720,6.73,6.72,6.734261387824606
20230728093554730,6.73,6.72,6.734261387824606
20230728093555070,6.73,6.72,6.734261387824606
20230728093555080,6.73,6.72,6.734261387824606
20230728093555150,6.73,6.72,6.734261387824606
20230728093555230,6.72,6.72,6.734261387824606
20230728093555240,6.72,6.72,6.734261387824606
20230728093555400,6.72,6.72,6.734261387824606
20230728093557690,6.72,6.72,6.734261387824606
20230728093557740,6.72,6.72,6.734261387824606
20230728093557760,6.72,6.72,6.734261387824606
20230728093557900,6.72,6.72,6.734261387824606
20230728093558050,6.72,6.72,6.734261387824606
20230728093558090,6.72,6.72,6.734261387824606
20230728093558320,6.72,6.72,6.734261387824606
20230728093600010,6.72,6.72,6.734261387824606
20230728093600110,6.72,6.72,6.734261387824606
20230728093600190,6.73,6.72,6.734261387824606
20230728093600210,6.73,6.72,6.734261387824606
20230728093601000,6.73,6.72,6.734261387824606
20230728093601040,6.73,6.72,6.734261387824606
20230728093602670,6.73,6.72,6.734261387824606
20230728093602870,6.73,6.72,6.734261387824606
20230728093602950,6.73,6.72,6.734261387824606
20230728093603490,6.73,6.72,6.734261387824606
20230728093603530,6.72,6.72,6.734261387824606
20230728093603540,6.72,6.72,6.734261387824606
20230728093606220,6.72,6.72,6.734261387824606
20230728093608130,6.72,6.72,6.734261387824606
20230728093608470,6.72,6.72,6.734261387824606
20230728093608560,6.72,6.72,6.734261387824606
20230728093610990,6.72,6.72,6.734261387824606
20230728093611120,6.72,6.72,6.734261387824606
20230728093611200,6.72,6.72,6.734261387824606
20230728093611370,6.72,6.72,6.734261387824606
20230728093611640,6.72,6.72,6.734261387824606
20230728093611670,6.72,6.72,6.734261387824606
20230728093611680,6.72,6.72,6.734261387824606
20230728093611800,6.72,6.72,6.734261387824606
20230728093613420,6.72,6.72,6.734261387824606
20230728093613560,6.72,6.72,6.734261387824606
20230728093613630,6.72,6.72,6.734261387824606
20230728093613850,6.72,6.72,6.734261387824606
20230728093613990,6.72,6.72,6.734261387824606
20230728093614120,6.72,6.72,6.734261387824606
20230728093614170,6.72,6.72,6.734261387824606
20230728093614450,6.72,6.72,6.734261387824606
20230728093616700,6.72,6.72,6.734261387824606
20230728093616860,6.72,6.72,6.734261387824606
20230728093616970,6.72,6.72,6.734261387824606
20230728093619810,6.72,6.72,6.734261387824606
20230728093619820,6.72,6.72,6.734261387824606
20230728093621390,6.72,6.72,6.734261387824606
20230728093624270,6.72,6.72,6.734261387824606
20230728093624470,6.72,6.72,6.734261387824606
20230728093624630,6.72,6.72,6.734261387824606
20230728093624700,6.72,6.72,6.734261387824606
20230728093624880,6.72,6.72,6.734261387824606
20230728093625150,6.72,6.72,6.734261387824606
20230728093625220,6.72,6.72,6.734261387824606
20230728093627130,6.72,6.72,6.734261387824606
20230728093627160,6.72,6.72,6.734261387824606
20230728093627450,6.72,6.72,6.734261387824606
20230728093632240,6.72,6.72,6.734261387824606
20230728093632890,6.72,6.72,6.734261387824606
20230728093632930,6.72,6.72,6.734261387824606
20230728093635480,6.72,6.72,6.734261387824606
20230728093637600,6.72,6.72,6.734261387824606
20230728093638130,6.72,6.72,6.731741799684266
20230728093638590,6.72,6.72,6.731741799684266
20230728093640410,6.72,6.72,6.731741799684266
20230728093640820,6.72,6.72,6.731741799684266
20230728093640870,6.72,6.72,6.731741799684266
20230728093641130,6.72,6.72,6.7317341749956165
20230728093643000,6.72,6.72,6.731717737699177
20230728093644130,6.72,6.72,6.731702537182852
20230728093646130,6.72,6.72,6.731702537182852
20230728093646160,6.72,6.72,6.731702537182852
20230728093646230,6.72,6.72,6.731702537182852
20230728093646830,6.73,6.72,6.730476190476191
20230728093646880,6.73,6.72,6.730476190476191
20230728093646900,6.73,6.72,6.730476190476191
20230728093646910,6.73,6.72,6.730476190476191
20230728093648390,6.73,6.72,6.73047454972592
20230728093648640,6.73,6.72,6.730453266645827
20230728093648650,6.72,6.72,6.730430442919526
20230728093648660,6.72,6.72,6.730430442919526
20230728093648930,6.72,6.72,6.730430442919526
20230728093649060,6.72,6.72,6.730430442919526
20230728093649080,6.72,6.72,6.730430442919526
20230728093649160,6.72,6.72,6.730430442919526
20230728093649310,6.72,6.72,6.730430442919526
20230728093651120,6.72,6.72,6.730430442919526
20230728093651430,6.72,6.72,6.730430442919526
20230728093651940,6.72,6.72,6.730389933198695
20230728093652230,6.72,6.72,6.730389933198695
20230728093653830,6.72,6.72,6.730389933198695
20230728093654220,6.72,6.72,6.730389933198695
20230728093654570,6.72,6.72,6.730381868984788
20230728093654590,6.72,6.72,6.730381868984788
20230728093654600,6.72,6.72,6.730381868984788
20230728093654610,6.72,6.72,6.730381868984788
20230728093654680,6.72,6.72,6.730381868984788
20230728093654860,6.72,6.72,6.730381868984788
20230728093656790,6.72,6.72,6.730381868984788
20230728093656980,6.72,6.72,6.730381868984788
20230728093659330,6.72,6.72,6.730381868984788
20230728093659620,6.72,6.72,6.730381868984788
20230728093700360,6.72,6.72,6.730381868984788
20230728093700390,6.72,6.72,6.730381868984788
20230728093702330,6.72,6.72,6.730320987654321
20230728093702590,6.72,6.72,6.730316211630418
20230728093702670,6.72,6.72,6.730316211630418
20230728093702690,6.73,6.72,6.730285396074064
20230728093702700,6.73,6.72,6.730285396074064
20230728093702750,6.73,6.72,6.730285396074064
20230728093702790,6.73,6.72,6.730285396074064
20230728093702840,6.73,6.72,6.730285396074064
20230728093702900,6.73,6.72,6.730285396074064
20230728093702990,6.73,6.72,6.730285396074064
20230728093703040,6.73,6.72,6.730285396074064
20230728093703050,6.73,6.72,6.730285396074064
20230728093703060,6.73,6.72,6.730285396074064
20230728093703070,6.73,6.72,6.730285396074064
20230728093703120,6.73,6.72,6.730285396074064
20230728093705090,6.73,6.72,6.730285396074064
20230728093705130,6.73,6.72,6.730190344827586
20230728093705630,6.73,6.72,6.730190344827586
20230728093707480,6.73,6.72,6.730184725668597
20230728093707550,6.73,6.72,6.730184725668597
20230728093707560,6.73,6.72,6.730184725668597
20230728093707770,6.73,6.72,6.730184725668597
20230728093707800,6.73,6.72,6.730184725668597
20230728093708450,6.73,6.72,6.730184725668597
20230728093710250,6.73,6.72,6.730184725668597
20230728093710500,6.73,6.72,6.730184725668597
20230728093711130,6.73,6.72,6.730177661479135
20230728093712800,6.73,6.72,6.730177661479135
20230728093712920,6.73,6.72,6.730177661479135
20230728093713440,6.73,6.72,6.73017345814978
20230728093713470,6.74,6.72,6.73017345814978
20230728093713480,6.74,6.72,6.73017345814978
20230728093715440,6.74,6.72,6.73017345814978
20230728093715480,6.72,6.72,6.73017345814978
20230728093715860,6.72,6.72,6.73017345814978
20230728093716070,6.73,6.72,6.73017345814978
20230728093716080,6.73,6.72,6.73017345814978
20230728093716100,6.73,6.72,6.729847848898216
20230728093716380,6.73,6.72,6.729847848898216
20230728093718080,6.73,6.72,6.729847848898216
20230728093718090,6.73,6.72,6.729847848898216
20230728093718200,6.73,6.72,6.729847848898216
20230728093718550,6.73,6.72,6.729847848898216
20230728093719080,6.73,6.72,6.729847848898216
20230728093719090,6.73,6.72,6.729847848898216
20230728093719110,6.73,6.72,6.729847848898216
20230728093719230,6.73,6.72,6.729847848898216
20230728093720980,6.73,6.72,6.729847848898216
20230728093721730,6.73,6.72,6.729847848898216
20230728093721770,6.73,6.72,6.729847848898216
20230728093723580,6.73,6.72,6.729847848898216
20230728093724210,6.73,6.72,6.729847848898216
20230728093727030,6.73,6.72,6.729847848898216
20230728093729060,6.72,6.72,6.729847848898216
20230728093729730,6.72,6.72,6.729553731726083
20230728093729810,6.72,6.72,6.729553731726083
20230728093729830,6.72,6.72,6.729553731726083
20230728093731710,6.72,6.72,6.729553731726083
20230728093732050,6.72,6.72,6.729553731726083
20230728093732130,6.72,6.72,6.729548717948718
20230728093732140,6.72,6.72,6.729548717948718
20230728093732220,6.73,6.72,6.729548717948718
20230728093732330,6.73,6.72,6.729548717948718
20230728093732440,6.73,6.72,6.728429192846786
20230728093732450,6.73,6.72,6.728429192846786
20230728093734990,6.73,6.72,6.728429192846786
20230728093735120,6.73,6.71,6.728154981549816
20230728093735200,6.73,6.71,6.728154981549816
20230728093735350,6.73,6.71,6.728154981549816
20230728093737440,6.73,6.71,6.728154981549816
20230728093737690,6.73,6.71,6.728154981549816
20230728093738120,6.73,6.71,6.728154981549816
20230728093740080,6.73,6.71,6.728154981549816
20230728093742690,6.73,6.71,6.728154981549816
20230728093743010,6.73,6.71,6.728154981549816
20230728093743270,6.73,6.71,6.728154981549816
20230728093743330,6.73,6.72,6.728154981549816
20230728093745160,6.73,6.72,6.728154981549816
20230728093745600,6.73,6.72,6.728154981549816
20230728093745620,6.73,6.72,6.728154981549816
20230728093745990,6.73,6.71,6.728154981549816
20230728093746000,6.73,6.71,6.728154981549816
20230728093746010,6.73,6.71,6.728154981549816
20230728093747940,6.73,6.71,6.728154981549816
20230728093748370,6.73,6.71,6.728154981549816
20230728093748620,6.73,6.71,6.728154981549816
20230728093748840,6.73,6.71,6.728154981549816
20230728093750580,6.73,6.71,6.728154981549816
20230728093753370,6.73,6.72,6.728154981549816
20230728093753710,6.73,6.71,6.728154981549816
20230728093753760,6.73,6.72,6.728154981549816
20230728093753850,6.73,6.72,6.728154981549816
20230728093753930,6.73,6.72,6.728154981549816
20230728093754230,6.72,6.71,6.727650474595198
20230728093754250,6.72,6.71,6.727650474595198
20230728093756130,6.72,6.71,6.727601336302896
20230728093756140,6.72,6.71,6.727592036480925
20230728093756150,6.72,6.71,6.727591192170818
20230728093756230,6.72,6.71,6.727591192170818
20230728093756300,6.72,6.71,6.727590348048482
20230728093758810,6.72,6.71,6.727586130251167
20230728093759120,6.72,6.71,6.72753351800554
20230728093759140,6.72,6.71,6.72753351800554
20230728093759640,6.72,6.71,6.72753351800554
20230728093801320,6.72,6.71,6.72753351800554
20230728093801340,6.72,6.71,6.72753351800554
20230728093801470,6.72,6.71,6.72753351800554
20230728093801620,6.72,6.71,6.72753351800554
20230728093801960,6.72,6.71,6.72753351800554
20230728093802050,6.72,6.71,6.72753351800554
20230728093802140,6.72,6.71,6.727519929140833
20230728093802290,6.72,6.71,6.727518264334735
20230728093802430,6.72,6.71,6.727518264334735
20230728093805180,6.72,6.71,6.727518264334735
20230728093806960,6.72,6.71,6.727518264334735
20230728093807520,6.72,6.71,6.727518264334735
20230728093809940,6.72,6.71,6.727518264334735
20230728093812140,6.72,6.71,6.727518264334735
20230728093812680,6.72,6.71,6.7275124488215114
20230728093812790,6.72,6.71,6.7275124488215114
20230728093812940,6.72,6.71,6.7275124488215114
20230728093812970,6.72,6.71,6.7275124488215114
20230728093813040,6.72,6.71,6.7275124488215114
20230728093818430,6.72,6.71,6.7275124488215114
20230728093820280,6.72,6.71,6.7275124488215114
20230728093824090,6.72,6.71,6.7275124488215114
20230728093826070,6.72,6.71,6.7275124488215114
20230728093826260,6.72,6.71,6.7275124488215114
20230728093828520,6.72,6.71,6.7275124488215114
20230728093828530,6.72,6.71,6.7275124488215114
20230728093828540,6.72,6.71,6.7275124488215114
20230728093828550,6.72,6.71,6.7275124488215114
20230728093828560,6.72,6.71,6.7275124488215114
20230728093828920,6.72,6.71,6.7275124488215114
20230728093829150,6.72,6.71,6.727508573957296
20230728093829260,6.72,6.71,6.727508573957296
20230728093831090,6.72,6.72,6.727508573957296
20230728093831100,6.72,6.72,6.727508573957296
20230728093831150,6.72,6.72,6.727508573957296
20230728093831160,6.72,6.72,6.727508573957296
20230728093832130,6.72,6.72,6.727454964850615
20230728093834050,6.72,6.72,6.727454964850615
20230728093834360,6.72,6.72,6.727450054884742
20230728093834440,6.72,6.72,6.727450054884742
20230728093834450,6.72,6.72,6.727450054884742
20230728093834470,6.72,6.72,6.727450054884742
20230728093836420,6.72,6.72,6.727450054884742
20230728093836730,6.72,6.72,6.727450054884742
20230728093837080,6.72,6.72,6.727450054884742
20230728093837200,6.72,6.72,6.727450054884742
20230728093837280,6.72,6.72,6.727450054884742
20230728093837320,6.72,6.72,6.7274280398380215
20230728093839200,6.72,6.72,6.7274280398380215
20230728093839280,6.72,6.72,6.7274280398380215
20230728093839520,6.72,6.72,6.7274280398380215
20230728093839600,6.72,6.72,6.7274280398380215
20230728093842240,6.72,6.72,6.7274280398380215
20230728093842700,6.72,6.72,6.7274280398380215
20230728093842730,6.72,6.72,6.727421541826135
20230728093842740,6.72,6.72,6.727421541826135
20230728093842930,6.72,6.72,6.727421541826135
20230728093844720,6.72,6.72,6.727421541826135
20230728093844940,6.72,6.72,6.727421541826135
20230728093845400,6.72,6.72,6.727421541826135
20230728093845600,6.72,6.72,6.727421541826135
20230728093845650,6.72,6.72,6.727421541826135
20230728093845660,6.72,6.72,6.727421541826135
20230728093847290,6.72,6.72,6.727421541826135
20230728093847540,6.72,6.72,6.727421541826135
20230728093847820,6.72,6.72,6.727421541826135
20230728093848070,6.72,6.72,6.727421541826135
20230728093850010,6.72,6.72,6.727421541826135
20230728093850100,6.72,6.72,6.727421541826135
20230728093851090,6.72,6.72,6.727421541826135
20230728093851100,6.72,6.72,6.727421541826135
20230728093852600,6.72,6.72,6.727421541826135
20230728093852650,6.72,6.72,6.727421541826135
20230728093852890,6.72,6.72,6.727421541826135
20230728093852940,6.72,6.72,6.727421541826135
20230728093853040,6.72,6.72,6.727421541826135
20230728093853140,6.72,6.72,6.727421541826135
20230728093853750,6.72,6.72,6.727421541826135
20230728093855570,6.72,6.72,6.727421541826135
20230728093855650,6.72,6.72,6.727421541826135
20230728093855860,6.72,6.72,6.727421541826135
20230728093855970,6.72,6.72,6.727421541826135
20230728093856160,6.72,6.72,6.727421541826135
20230728093856370,6.72,6.72,6.727421541826135
20230728093856420,6.72,6.72,6.727421541826135
20230728093858610,6.72,6.72,6.727421541826135
20230728093900700,6.72,6.72,6.727421541826135
20230728093900870,6.72,6.72,6.727421541826135
20230728093901110,6.72,6.73,6.727421541826135
20230728093901240,6.72,6.73,6.727421541826135
20230728093901660,6.72,6.72,6.727341908982813
20230728093901670,6.72,6.72,6.727341908982813
20230728093903780,6.72,6.72,6.727341908982813
20230728093906160,6.72,6.72,6.727341908982813
20230728093907020,6.72,6.72,6.727332397711325
20230728093908780,6.72,6.72,6.727332397711325
20230728093908790,6.72,6.72,6.727332397711325
20230728093911780,6.72,6.72,6.727332397711325
20230728093914990,6.72,6.72,6.727332397711325
20230728093915060,6.72,6.72,6.727332397711325
20230728093917130,6.72,6.72,6.7273342675433865
20230728093917700,6.72,6.72,6.726923781418541
20230728093918080,6.72,6.72,6.726923781418541
20230728093918090,6.72,6.72,6.726923781418541
20230728093920040,6.72,6.72,6.726923781418541
20230728093920130,6.72,6.72,6.726908315565032
20230728093920220,6.72,6.72,6.726908315565032
20230728093920230,6.72,6.72,6.726908315565032
20230728093920380,6.72,6.72,6.726908315565032
20230728093923130,6.72,6.72,6.726908315565032
20230728093924980,6.72,6.72,6.726908315565032
20230728093925110,6.72,6.72,6.726908315565032
20230728093925120,6.72,6.72,6.726908315565032
20230728093925900,6.72,6.72,6.726908315565032
20230728093927670,6.72,6.72,6.726908315565032
20230728093927700,6.72,6.72,6.726908315565032
20230728093928030,6.72,6.72,6.726908315565032
20230728093928140,6.72,6.72,6.726908315565032
20230728093928220,6.72,6.72,6.726908315565032
20230728093928440,6.72,6.72,6.726908315565032
20230728093930550,6.72,6.72,6.726837503768466
20230728093930910,6.72,6.72,6.726781620651849
20230728093930920,6.72,6.72,6.726781620651849
20230728093930980,6.72,6.72,6.726781620651849
20230728093931080,6.72,6.72,6.726778242677824
20230728093931090,6.72,6.72,6.726778242677824
20230728093931110,6.72,6.72,6.726774193548387
20230728093931160,6.72,6.72,6.726774193548387
20230728093931430,6.72,6.72,6.726774193548387
20230728093931480,6.72,6.72,6.726774193548387
20230728093931540,6.72,6.72,6.726774193548387
20230728093931550,6.72,6.72,6.726774193548387
20230728093931560,6.72,6.72,6.726774193548387
20230728093933210,6.72,6.72,6.726553650549027
20230728093933220,6.72,6.72,6.726552388289677
20230728093933230,6.72,6.72,6.726551126516465
20230728093933240,6.72,6.72,6.726546714134513
20230728093934050,6.72,6.72,6.726546714134513
20230728093934070,6.72,6.72,6.726540421032395
20230728093934080,6.72,6.72,6.726460311431826
20230728093934090,6.72,6.72,6.726435868331442
20230728093934100,6.72,6.72,6.726435868331442
20230728093934120,6.72,6.72,6.726435868331442
20230728093934160,6.72,6.72,6.726435868331442
20230728093934180,6.72,6.72,6.726435868331442
20230728093934220,6.72,6.72,6.726435868331442
20230728093936710,6.72,6.72,6.726435868331442
20230728093939330,6.72,6.72,6.726435868331442
20230728093944460,6.72,6.72,6.726435868331442
20230728093946560,6.72,6.72,6.726435868331442
20230728093946580,6.72,6.72,6.726435868331442
20230728093947120,6.72,6.72,6.726435868331442
20230728093947210,6.72,6.72,6.726428503922125
20230728093947510,6.72,6.72,6.726428503922125
20230728093947550,6.72,6.72,6.726428503922125
20230728093949530,6.72,6.72,6.726428503922125
20230728093949880,6.72,6.72,6.726428503922125
20230728093950450,6.72,6.72,6.726428503922125
20230728093950470,6.72,6.72,6.726428503922125
20230728093952600,6.72,6.72,6.726428503922125
20230728093953010,6.72,6.72,6.726428503922125
20230728093953020,6.72,6.72,6.726428503922125
20230728093953140,6.72,6.72,6.726428503922125
20230728093954660,6.72,6.72,6.726428503922125
20230728093954840,6.72,6.72,6.726428503922125
20230728093954850,6.72,6.72,6.726428503922125
20230728093955050,6.72,6.72,6.726428503922125
20230728093955060,6.72,6.72,6.726428503922125
20230728093955080,6.72,6.72,6.726428503922125
20230728093955140,6.72,6.72,6.726428503922125
20230728093955150,6.72,6.72,6.726428503922125
20230728093955160,6.72,6.72,6.726428503922125
20230728093955220,6.72,6.72,6.726411875589067
20230728093955530,6.72,6.72,6.726411875589067
20230728093955610,6.72,6.72,6.726410667169242
20230728093955710,6.72,6.72,6.726404028993693
20230728093955770,6.72,6.72,6.726404028993693
20230728093957450,6.72,6.72,6.726404028993693
20230728093957970,6.72,6.72,6.726404028993693
20230728093958190,6.72,6.72,6.726404028993693
20230728093958600,6.72,6.72,6.726404028993693
20230728094000060,6.72,6.72,6.726404028993693
20230728094000100,6.72,6.72,6.726387193690734
20230728094000140,6.72,6.72,6.726387193690734
20230728094000150,6.72,6.72,6.726387193690734
20230728094000200,6.72,6.72,6.726387193690734
20230728094000740,6.72,6.72,6.726372503047923
20230728094000770,6.72,6.72,6.726372503047923
20230728094000840,6.72,6.72,6.726372503047923
20230728094000960,6.72,6.72,6.726372503047923
20230728094000970,6.72,6.72,6.726372503047923
20230728094001070,6.72,6.72,6.726374203224597
20230728094002810,6.72,6.72,6.726374203224597
20230728094003050,6.72,6.72,6.726374203224597
20230728094003090,6.72,6.72,6.726374203224597
20230728094003160,6.72,6.72,6.726374203224597
20230728094003170,6.72,6.72,6.726374203224597
20230728094003530,6.72,6.72,6.726374203224597
20230728094003790,6.72,6.72,6.726374203224597
20230728094003850,6.72,6.72,6.726374203224597
20230728094005680,6.72,6.72,6.726374203224597
20230728094006290,6.72,6.72,6.726374203224597
20230728094006410,6.72,6.72,6.726354293188826
20230728094006570,6.72,6.72,6.726354293188826
20230728094006610,6.72,6.72,6.726354293188826
20230728094006660,6.72,6.72,6.726354293188826
20230728094006670,6.72,6.72,6.726354293188826
20230728094008270,6.72,6.72,6.726354293188826
20230728094008450,6.72,6.72,6.726354293188826
20230728094009150,6.72,6.72,6.726354293188826
20230728094009160,6.72,6.72,6.726354293188826
20230728094009400,6.72,6.72,6.726354293188826
20230728094011430,6.72,6.72,6.726354293188826
20230728094011820,6.72,6.72,6.726354293188826
20230728094012030,6.72,6.72,6.726354293188826
20230728094013800,6.72,6.72,6.726354293188826
20230728094014140,6.72,6.72,6.726350733028294
20230728094014610,6.72,6.72,6.726351073762839
20230728094017410,6.72,6.72,6.726351073762839
20230728094019080,6.72,6.72,6.726353457124195
20230728094019400,6.72,6.72,6.726353457124195
20230728094019530,6.72,6.72,6.726353457124195
20230728094019650,6.72,6.72,6.726353457124195
20230728094019780,6.72,6.72,6.726353457124195
20230728094020190,6.72,6.72,6.726353457124195
20230728094021770,6.72,6.72,6.726353457124195
20230728094022070,6.72,6.72,6.726355837374114
20230728094022280,6.72,6.72,6.726355837374114
20230728094024840,6.72,6.72,6.726355837374114
20230728094025070,6.72,6.72,6.726356856530251
20230728094025260,6.72,6.72,6.726356856530251
20230728094025500,6.72,6.72,6.726356856530251
20230728094028030,6.72,6.72,6.726356856530251
20230728094028090,6.72,6.72,6.726356856530251
20230728094028150,6.72,6.72,6.726356856530251
20230728094032820,6.72,6.72,6.726356856530251
20230728094032980,6.72,6.72,6.726356856530251
20230728094033080,6.72,6.72,6.726354826686545
20230728094033650,6.72,6.72,6.726354826686545
20230728094035470,6.72,6.72,6.726354826686545
20230728094035850,6.72,6.72,6.726354826686545
20230728094036140,6.72,6.72,6.726354826686545
20230728094038130,6.72,6.72,6.726354826686545
20230728094038550,6.72,6.72,6.726346547552578
20230728094038560,6.72,6.72,6.726346547552578
20230728094038640,6.72,6.72,6.726346547552578
20230728094041120,6.72,6.72,6.726346547552578
20230728094043540,6.72,6.72,6.726346547552578
20230728094044010,6.72,6.72,6.726346547552578
20230728094046120,6.72,6.72,6.726346547552578
20230728094046170,6.72,6.72,6.726346547552578
20230728094046540,6.72,6.72,6.726346547552578
20230728094049110,6.72,6.72,6.726346547552578
20230728094049170,6.72,6.72,6.726346547552578
20230728094051940,6.72,6.72,6.726346547552578
20230728094052400,6.72,6.72,6.726346547552578
20230728094056820,6.72,6.72,6.726346547552578
20230728094057080,6.72,6.72,6.72625446878724
20230728094057660,6.72,6.72,6.72625446878724
20230728094059630,6.72,6.72,6.72625446878724
20230728094100520,6.72,6.72,6.72625446878724
20230728094100530,6.72,6.72,6.72625446878724
20230728094102800,6.72,6.72,6.72625446878724
20230728094102900,6.72,6.72,6.72625446878724
20230728094103010,6.72,6.72,6.72625446878724
20230728094105160,6.72,6.72,6.72625446878724
20230728094105630,6.72,6.72,6.726305271724387
20230728094107650,6.72,6.72,6.726305271724387
20230728094107690,6.72,6.72,6.726305271724387
20230728094107710,6.72,6.72,6.726305271724387
20230728094107850,6.72,6.72,6.726305271724387
20230728094108110,6.72,6.72,6.726305271724387
20230728094108570,6.72,6.72,6.726305271724387
20230728094110410,6.72,6.72,6.726305271724387
20230728094110540,6.72,6.72,6.726305271724387
20230728094111100,6.72,6.72,6.726305271724387
20230728094111340,6.72,6.72,6.726305271724387
20230728094111350,6.72,6.72,6.726305271724387
20230728094113010,6.72,6.72,6.726305271724387
20230728094113590,6.72,6.72,6.726302877243619
20230728094113620,6.72,6.72,6.726302877243619
20230728094115850,6.72,6.72,6.726302877243619
20230728094116090,6.72,6.72,6.726302877243619
20230728094116200,6.72,6.72,6.726302877243619
20230728094116270,6.72,6.72,6.726302877243619
20230728094116450,6.72,6.72,6.726302877243619
20230728094118690,6.72,6.72,6.726302877243619
20230728094119210,6.72,6.72,6.726302877243619
20230728094119340,6.72,6.72,6.726302877243619
20230728094121400,6.72,6.72,6.726302877243619
20230728094121430,6.72,6.72,6.726302877243619
20230728094123960,6.72,6.72,6.726302877243619
20230728094124660,6.72,6.72,6.726302877243619
20230728094126790,6.72,6.72,6.726302877243619
20230728094127370,6.72,6.72,6.726302877243619
20230728094127690,6.72,6.72,6.726302877243619
20230728094129140,6.72,6.72,6.726302877243619
20230728094129280,6.72,6.72,6.726302877243619
20230728094129710,6.72,6.72,6.726302877243619
20230728094131910,6.72,6.72,6.726302877243619
20230728094132050,6.72,6.72,6.726302877243619
20230728094132070,6.72,6.72,6.726302877243619
20230728094132120,6.72,6.73,6.726302877243619
20230728094132260,6.72,6.73,6.726302877243619
20230728094133020,6.72,6.73,6.726302877243619
20230728094134580,6.72,6.73,6.726302877243619
20230728094134670,6.72,6.73,6.726302877243619
20230728094134760,6.72,6.72,6.726302877243619
20230728094134810,6.72,6.72,6.726302877243619
20230728094134840,6.72,6.72,6.726302877243619
20230728094134850,6.72,6.72,6.726302877243619
20230728094135070,6.72,6.72,6.726302877243619
20230728094135330,6.72,6.72,6.726302877243619
20230728094135370,6.72,6.72,6.726302877243619
20230728094135380,6.72,6.72,6.726302877243619
20230728094135470,6.72,6.72,6.726302877243619
20230728094138110,6.72,6.73,6.726302877243619
20230728094138120,6.72,6.73,6.726302877243619
20230728094138130,6.72,6.72,6.726302877243619
20230728094138150,6.72,6.72,6.726302877243619
20230728094138170,6.72,6.72,6.726302877243619
20230728094138190,6.72,6.72,6.726302877243619
20230728094138210,6.72,6.72,6.726302877243619
20230728094138240,6.72,6.72,6.726302877243619
20230728094138250,6.72,6.72,6.726302877243619
20230728094138260,6.72,6.72,6.726302877243619
20230728094140050,6.72,6.72,6.726302877243619
20230728094140060,6.72,6.73,6.726302877243619
20230728094140070,6.72,6.73,6.726302877243619
20230728094140080,6.72,6.73,6.726322442802457
20230728094140090,6.72,6.73,6.726322442802457
20230728094140110,6.72,6.73,6.726322442802457
20230728094140160,6.72,6.73,6.726322442802457
20230728094140170,6.72,6.73,6.726322442802457
20230728094140180,6.72,6.73,6.726322442802457
20230728094140190,6.72,6.73,6.726322442802457
20230728094140280,6.72,6.73,6.726322442802457
20230728094140380,6.72,6.73,6.726327311560025
20230728094140400,6.72,6.73,6.726328528207866
20230728094140410,6.72,6.73,6.726328528207866
20230728094140460,6.72,6.73,6.726328528207866
20230728094140540,6.72,6.73,6.726358734087695
20230728094140580,6.72,6.73,6.726358734087695
20230728094140660,6.72,6.73,6.726358734087695
20230728094140910,6.72,6.73,6.726358734087695
20230728094141130,6.72,6.73,6.726382081686429
20230728094142700,6.72,6.73,6.726382399437906
20230728094142820,6.72,6.73,6.726382399437906
20230728094142830,6.72,6.73,6.726382399437906
20230728094143090,6.72,6.73,6.726382399437906
20230728094143150,6.72,6.73,6.726382399437906
20230728094143390,6.72,6.73,6.726382399437906
20230728094143610,6.73,6.73,6.726394348894349
20230728094143620,6.73,6.73,6.7264336337387345
20230728094143630,6.73,6.73,6.7264336337387345
20230728094143650,6.73,6.73,6.726572269853642
20230728094145430,6.73,6.73,6.726572269853642
20230728094145610,6.73,6.73,6.726572269853642
20230728094146080,6.73,6.73,6.726574595203048
20230728094146090,6.73,6.73,6.726582727587401
20230728094146330,6.73,6.73,6.726582727587401
20230728094146570,6.73,6.73,6.726582727587401
20230728094148190,6.73,6.73,6.726582727587401
20230728094148380,6.73,6.73,6.726582727587401
20230728094149120,6.73,6.73,6.726593340234644
20230728094149260,6.73,6.73,6.726593340234644
20230728094150760,6.73,6.73,6.726616431277988
20230728094150780,6.73,6.73,6.726617583742358
20230728094150840,6.73,6.73,6.72666008583691
20230728094150910,6.73,6.73,6.72666008583691
20230728094150930,6.73,6.73,6.72666008583691
20230728094151760,6.73,6.73,6.72666008583691
20230728094153740,6.73,6.73,6.72666008583691
20230728094153750,6.73,6.73,6.72666008583691
20230728094157110,6.73,6.73,6.72666008583691
20230728094200030,6.73,6.73,6.72666008583691
20230728094202050,6.73,6.73,6.72666008583691
20230728094202090,6.73,6.73,6.7266612307956395
20230728094202270,6.73,6.73,6.7266612307956395
20230728094204240,6.73,6.73,6.7266612307956395
20230728094205020,6.73,6.73,6.7266612307956395
20230728094205290,6.73,6.73,6.7266612307956395
20230728094207110,6.73,6.73,6.7266612307956395
20230728094207270,6.73,6.73,6.7266612307956395
20230728094207340,6.73,6.74,6.7266612307956395
20230728094207440,6.73,6.74,6.7266612307956395
20230728094207990,6.73,6.73,6.7266612307956395
20230728094208050,6.73,6.73,6.7266612307956395
20230728094208080,6.73,6.73,6.7266612307956395
20230728094208100,6.73,6.74,6.7266612307956395
20230728094208160,6.73,6.74,6.7266612307956395
20230728094209690,6.73,6.74,6.7266612307956395
20230728094209850,6.73,6.74,6.7266612307956395
20230728094209900,6.73,6.74,6.7266612307956395
20230728094209930,6.73,6.74,6.7266612307956395
20230728094210020,6.73,6.74,6.7266612307956395
20230728094210080,6.73,6.74,6.7266612307956395
20230728094210590,6.73,6.74,6.7266612307956395
20230728094210670,6.73,6.74,6.7266612307956395
20230728094212460,6.73,6.74,6.7266612307956395
20230728094213170,6.73,6.74,6.7266612307956395
20230728094215260,6.73,6.74,6.7266612307956395
20230728094215390,6.73,6.74,6.7266612307956395
20230728094215420,6.73,6.74,6.7266612307956395
20230728094215640,6.73,6.74,6.7266612307956395
20230728094215820,6.73,6.74,6.7266612307956395
20230728094216050,6.73,6.74,6.7266612307956395
20230728094216220,6.73,6.74,6.7266612307956395
20230728094218100,6.73,6.74,6.7266612307956395
20230728094218820,6.73,6.74,6.7266612307956395
20230728094218850,6.73,6.74,6.7266612307956395
20230728094220870,6.73,6.74,6.7266612307956395
20230728094220950,6.73,6.74,6.7266612307956395
20230728094221450,6.73,6.74,6.7266612307956395
20230728094221620,6.73,6.74,6.7266612307956395
20230728094223860,6.73,6.74,6.7266612307956395
20230728094224170,6.73,6.74,6.7266612307956395
20230728094225960,6.73,6.74,6.7266612307956395
20230728094226030,6.73,6.74,6.727643835616439
20230728094226080,6.73,6.74,6.727665432297536
20230728094226950,6.73,6.74,6.727665432297536
20230728094227090,6.73,6.74,6.72767621499839
20230728094228850,6.73,6.74,6.72767621499839
20230728094229060,6.73,6.74,6.72767621499839
20230728094232280,6.73,6.74,6.72767621499839
20230728094232340,6.73,6.74,6.72767621499839
20230728094234070,6.73,6.74,6.72767621499839
20230728094234080,6.73,6.74,6.72767621499839
20230728094234110,6.73,6.74,6.72767621499839
20230728094234130,6.73,6.74,6.72767621499839
20230728094234140,6.73,6.74,6.72767621499839
20230728094234150,6.73,6.74,6.72767621499839
20230728094234190,6.73,6.74,6.72767621499839
20230728094234250,6.73,6.74,6.72767621499839
20230728094234570,6.73,6.74,6.72767621499839
20230728094234660,6.73,6.74,6.72767621499839
20230728094234900,6.73,6.74,6.72767621499839
20230728094237070,6.73,6.74,6.72767621499839
20230728094237080,6.73,6.74,6.72767621499839
20230728094237740,6.73,6.74,6.72767621499839
20230728094237750,6.73,6.74,6.72767621499839
20230728094237800,6.73,6.74,6.72767621499839
20230728094239560,6.73,6.74,6.72767621499839
20230728094239680,6.73,6.74,6.72767621499839
20230728094239920,6.73,6.74,6.72767621499839
20230728094240070,6.73,6.74,6.72767621499839
20230728094245460,6.73,6.74,6.72767621499839
20230728094245680,6.73,6.74,6.72767621499839
20230728094247820,6.73,6.74,6.72767621499839
20230728094247850,6.73,6.74,6.72767621499839
20230728094248160,6.73,6.74,6.72767621499839
20230728094248280,6.73,6.74,6.72767621499839
20230728094251010,6.73,6.74,6.72767621499839
20230728094251230,6.73,6.74,6.72767621499839
20230728094251350,6.73,6.74,6.72767621499839
20230728094252980,6.73,6.74,6.72767621499839
20230728094253600,6.73,6.74,6.72767621499839
20230728094253730,6.73,6.74,6.72767621499839
20230728094255540,6.73,6.74,6.72767621499839
20230728094255590,6.73,6.74,6.72767621499839
20230728094256000,6.73,6.74,6.72767621499839
20230728094256090,6.73,6.74,6.72767621499839
20230728094256330,6.73,6.74,6.72767621499839
20230728094256430,6.73,6.74,6.72767621499839
20230728094256580,6.75,6.74,6.728560139807006
20230728094256590,6.75,6.74,6.728561008965203
20230728094256660,6.75,6.74,6.728561008965203
20230728094256740,6.75,6.74,6.728561008965203
20230728094258380,6.75,6.74,6.728561008965203
20230728094258940,6.75,6.74,6.728561008965203
20230728094259000,6.75,6.74,6.728561008965203
20230728094259080,6.75,6.74,6.728561008965203
20230728094259420,6.75,6.74,6.728561008965203
20230728094259500,6.75,6.74,6.728561008965203
20230728094302090,6.75,6.74,6.729021111841624
20230728094302180,6.75,6.74,6.729024318995107
20230728094303990,6.75,6.74,6.729024318995107
20230728094304030,6.75,6.74,6.729024318995107
20230728094304110,6.75,6.74,6.729024318995107
20230728094304140,6.75,6.74,6.729025120490726
20230728094304170,6.75,6.74,6.729025120490726
20230728094304190,6.75,6.74,6.729032328687149
20230728094304210,6.75,6.74,6.729033129013427
20230728094304870,6.75,6.74,6.729033129013427
20230728094306420,6.75,6.74,6.729033129013427
20230728094307150,6.75,6.74,6.729033129013427
20230728094307510,6.75,6.74,6.729033129013427
20230728094309420,6.75,6.74,6.729033129013427
20230728094309500,6.75,6.74,6.729033129013427
20230728094309600,6.75,6.74,6.729047688493511
20230728094309910,6.75,6.74,6.729047688493511
20230728094311850,6.75,6.74,6.729047688493511
20230728094312170,6.75,6.74,6.729047688493511
20230728094312360,6.75,6.74,6.729047688493511
20230728094312730,6.75,6.74,6.729047688493511
20230728094315300,6.75,6.74,6.729047688493511
20230728094315550,6.75,6.74,6.729047688493511
20230728094317260,6.75,6.74,6.729047688493511
20230728094317510,6.75,6.74,6.729047688493511
20230728094317920,6.75,6.74,6.729047688493511
20230728094318040,6.75,6.74,6.729047688493511
20230728094318140,6.75,6.74,6.729047688493511
20230728094319930,6.75,6.74,6.729047688493511
20230728094320430,6.74,6.74,6.729047688493511
20230728094320920,6.74,6.74,6.729047688493511
20230728094323000,6.74,6.74,6.729047688493511
20230728094323060,6.74,6.74,6.729047688493511
20230728094323120,6.74,6.74,6.729047688493511
20230728094323170,6.74,6.74,6.729047688493511
20230728094323540,6.74,6.74,6.729047688493511
20230728094323770,6.74,6.74,6.729047688493511
20230728094325480,6.74,6.74,6.729047688493511
20230728094325600,6.74,6.74,6.729047688493511
20230728094325640,6.74,6.74,6.729047688493511
20230728094325660,6.74,6.74,6.729047688493511
20230728094325850,6.74,6.74,6.729047688493511
20230728094325990,6.74,6.74,6.729047688493511
20230728094326060,6.74,6.74,6.729047688493511
20230728094326120,6.74,6.74,6.729047688493511
20230728094326400,6.74,6.74,6.729094808782899
20230728094328130,6.74,6.74,6.729094808782899
20230728094328350,6.74,6.74,6.729094808782899
20230728094328420,6.74,6.74,6.729094808782899
20230728094329050,6.74,6.74,6.729094808782899
20230728094329060,6.74,6.74,6.729094808782899
20230728094330650,6.74,6.74,6.729094808782899
20230728094330670,6.74,6.74,6.729094808782899
20230728094331150,6.74,6.74,6.729094808782899
20230728094331200,6.74,6.74,6.729094808782899
20230728094331280,6.74,6.74,6.729094874591058
20230728094331460,6.74,6.74,6.729094874591058
20230728094331480,6.74,6.74,6.729094874591058
20230728094333630,6.74,6.74,6.729094874591058
20230728094333910,6.74,6.74,6.729094874591058
20230728094334420,6.74,6.74,6.729094874591058
20230728094334430,6.74,6.74,6.729094874591058
20230728094334540,6.74,6.74,6.729094874591058
20230728094336810,6.74,6.74,6.729094874591058
20230728094337080,6.74,6.74,6.729094874591058
20230728094337190,6.74,6.74,6.729094874591058
20230728094339470,6.74,6.74,6.729094874591058
20230728094339850,6.74,6.74,6.729094874591058
20230728094339960,6.74,6.74,6.729094874591058
20230728094341490,6.74,6.74,6.729094874591058
20230728094341620,6.74,6.74,6.729094874591058
20230728094342110,6.74,6.74,6.729094874591058
20230728094344480,6.74,6.74,6.729094874591058
20230728094345030,6.74,6.74,6.729094874591058
20230728094347140,6.74,6.74,6.729121102248006
20230728094347240,6.74,6.74,6.729121102248006
20230728094347290,6.74,6.74,6.729121102248006
20230728094347350,6.74,6.74,6.729121102248006
20230728094348060,6.74,6.74,6.729121102248006
20230728094348090,6.74,6.74,6.7291223750905145
20230728094349850,6.74,6.74,6.7291223750905145
20230728094349970,6.74,6.74,6.7291223750905145
20230728094350120,6.74,6.74,6.72913037187093
20230728094350130,6.74,6.74,6.72913037187093
20230728094350210,6.74,6.74,6.72913037187093
20230728094350410,6.74,6.74,6.72913037187093
20230728094352490,6.74,6.74,6.72913037187093
20230728094352600,6.74,6.74,6.72913037187093
20230728094353130,6.74,6.74,6.729148567717728
20230728094353270,6.74,6.74,6.729148567717728
20230728094355380,6.74,6.74,6.729148567717728
20230728094355450,6.74,6.74,6.729148567717728
20230728094355460,6.74,6.74,6.729148567717728
20230728094355550,6.74,6.74,6.729148567717728
20230728094355560,6.74,6.74,6.729148567717728
20230728094355700,6.74,6.74,6.729148567717728
20230728094355950,6.74,6.74,6.729148567717728
20230728094356160,6.74,6.74,6.7292264164458135
20230728094358070,6.74,6.74,6.72922647185217
20230728094358080,6.75,6.74,6.729834425897141
20230728094358230,6.74,6.74,6.72984060516007
20230728094358240,6.74,6.74,6.729841291281151
20230728094358290,6.74,6.74,6.729841291281151
20230728094358330,6.74,6.74,6.729841291281151
20230728094358450,6.74,6.74,6.729841291281151
20230728094358810,6.75,6.74,6.729842663245324
20230728094358880,6.75,6.74,6.729842663245324
20230728094400580,6.75,6.74,6.729842663245324
20230728094401060,6.75,6.74,6.729842663245324
20230728094401070,6.75,6.74,6.729842663245324
20230728094401120,6.75,6.74,6.729842663245324
20230728094401200,6.75,6.74,6.729842663245324
20230728094401280,6.75,6.74,6.729842663245324
20230728094401490,6.75,6.74,6.729842663245324
20230728094403090,6.75,6.74,6.729842663245324
20230728094403110,6.75,6.74,6.729842663245324
20230728094403120,6.75,6.74,6.729842663245324
20230728094403200,6.75,6.74,6.729842663245324
20230728094403740,6.75,6.74,6.729842663245324
20230728094403870,6.75,6.74,6.729842663245324
20230728094404020,6.75,6.74,6.729842663245324
20230728094404090,6.75,6.74,6.72986380798274
20230728094406310,6.75,6.74,6.72986380798274
20230728094406400,6.75,6.74,6.729868589527596
20230728094406490,6.75,6.74,6.729868589527596
20230728094406580,6.75,6.74,6.729868589527596
20230728094406890,6.75,6.74,6.729868589527596
20230728094408980,6.75,6.74,6.729868589527596
20230728094411470,6.74,6.74,6.729868589527596
20230728094411530,6.74,6.74,6.729868589527596
20230728094411810,6.74,6.74,6.729868589527596
20230728094412370,6.74,6.74,6.729868589527596
20230728094413830,6.74,6.74,6.729868589527596
20230728094413950,6.74,6.74,6.729868589527596
20230728094414030,6.74,6.74,6.729868589527596
20230728094414070,6.74,6.74,6.729868589527596
20230728094414120,6.71,6.74,6.729868589527596
20230728094417120,6.71,6.74,6.729868616089476
20230728094417130,6.71,6.74,6.729868616089476
20230728094417190,6.71,6.74,6.729868616089476
20230728094419940,6.71,6.74,6.729868616089476
20230728094420450,6.71,6.74,6.729868616089476
20230728094422090,6.71,6.74,6.729868616089476
20230728094422100,6.74,6.74,6.72987339214762
20230728094422430,6.74,6.74,6.72987339214762
20230728094422940,6.74,6.74,6.72987339214762
20230728094423160,6.74,6.74,6.72987339214762
20230728094425150,6.74,6.73,6.729878175895766
20230728094425200,6.74,6.73,6.729878175895766
20230728094425670,6.74,6.73,6.729878175895766
20230728094430090,6.74,6.73,6.729878175895766
20230728094430750,6.74,6.73,6.729878175895766
20230728094431230,6.74,6.73,6.729878175895766
20230728094432910,6.74,6.73,6.729878175895766
20230728094433130,6.74,6.73,6.729878175895766
20230728094433140,6.74,6.73,6.729878175895766
20230728094433180,6.74,6.73,6.729878175895766
20230728094433550,6.74,6.73,6.729878175895766
20230728094433570,6.74,6.73,6.729878175895766
20230728094433770,6.74,6.73,6.729878175895766
20230728094435440,6.74,6.73,6.729878175895766
20230728094435610,6.74,6.73,6.729878175895766
20230728094435780,6.74,6.73,6.729878175895766
20230728094435850,6.74,6.73,6.729878175895766
20230728094439110,6.74,6.73,6.729878175895766
20230728094441130,6.74,6.73,6.729879510225349
20230728094441340,6.74,6.73,6.729879510225349
20230728094441740,6.74,6.73,6.729879510225349
20230728094442000,6.74,6.73,6.729879510225349
20230728094446510,6.74,6.73,6.729879510225349
20230728094446720,6.74,6.73,6.729879510225349
20230728094448960,6.74,6.73,6.729879510225349
20230728094449080,6.74,6.73,6.729879510225349
20230728094449630,6.74,6.73,6.7298795572916665
20230728094450120,6.74,6.73,6.7298795572916665
20230728094451790,6.74,6.73,6.7298795572916665
20230728094452380,6.74,6.73,6.7298795572916665
20230728094452390,6.74,6.73,6.7298795572916665
20230728094454600,6.74,6.73,6.7298795572916665
20230728094454750,6.74,6.73,6.7298795572916665
20230728094455110,6.74,6.73,6.7298795572916665
20230728094455370,6.74,6.73,6.7298795572916665
20230728094455540,6.74,6.73,6.7298795572916665
20230728094455580,6.74,6.73,6.7298795572916665
20230728094457270,6.74,6.73,6.7298795572916665
20230728094457410,6.74,6.73,6.7298795572916665
20230728094457910,6.74,6.73,6.7298795572916665
20230728094500030,6.74,6.73,6.72987958081104
20230728094500110,6.74,6.73,6.72987958081104
20230728094500660,6.74,6.73,6.72987958081104
20230728094500720,6.74,6.73,6.72987958081104
20230728094503140,6.74,6.73,6.72987958081104
20230728094503150,6.74,6.73,6.72987958081104
20230728094503190,6.74,6.73,6.72987958081104
20230728094503610,6.74,6.73,6.72987958081104
20230728094503640,6.74,6.73,6.72987958081104
20230728094505250,6.74,6.73,6.72987958081104
20230728094505450,6.74,6.73,6.72987958081104
20230728094505950,6.74,6.73,6.72987958081104
20230728094508200,6.74,6.73,6.72987958081104
20230728094508210,6.74,6.73,6.72987958081104
20230728094508780,6.74,6.73,6.72987958081104
20230728094510790,6.74,6.73,6.72987958081104
20230728094511080,6.74,6.73,6.72987958081104
20230728094511140,6.74,6.73,6.729880503961553
20230728094511780,6.74,6.73,6.729880503961553
20230728094513360,6.74,6.73,6.729880503961553
20230728094513480,6.74,6.73,6.729880503961553
20230728094513580,6.74,6.73,6.729880503961553
20230728094513590,6.73,6.73,6.729880503961553
20230728094513600,6.73,6.73,6.729880503961553
20230728094514470,6.74,6.73,6.729880503961553
20230728094516160,6.74,6.73,6.729880503961553
20230728094516180,6.73,6.73,6.729880503961553
20230728094516220,6.73,6.73,6.729880503961553
20230728094516230,6.73,6.73,6.729880503961553
20230728094517120,6.73,6.73,6.729880503961553
20230728094519070,6.73,6.73,6.729880503961553
20230728094519500,6.73,6.73,6.729880503961553
20230728094521920,6.73,6.73,6.729880503961553
20230728094524070,6.73,6.73,6.729880503961553
20230728094524310,6.73,6.73,6.729880503961553
20230728094525240,6.73,6.73,6.729880503961553
20230728094526910,6.73,6.73,6.729880503961553
20230728094527310,6.73,6.73,6.729880503961553
20230728094527320,6.73,6.73,6.729880503961553
20230728094527430,6.73,6.73,6.729880503961553
20230728094530080,6.73,6.73,6.729880503961553
20230728094532260,6.73,6.73,6.729880503961553
20230728094532650,6.73,6.73,6.729880503961553
20230728094532930,6.73,6.73,6.729880503961553
20230728094533150,6.73,6.73,6.729880503961553
20230728094535440,6.73,6.73,6.729880503961553
20230728094535610,6.73,6.73,6.729880503961553
20230728094535650,6.73,6.73,6.729880503961553
20230728094537630,6.73,6.73,6.729880503961553
20230728094537940,6.73,6.73,6.729880503961553
20230728094538370,6.73,6.73,6.729880503961553
20230728094538730,6.73,6.73,6.729880503961553
20230728094538770,6.73,6.73,6.729880503961553
20230728094540940,6.73,6.73,6.729880503961553
20230728094542990,6.73,6.73,6.729880503961553
20230728094543190,6.73,6.73,6.729880503961553
20230728094543700,6.73,6.73,6.729880503961553
20230728094543800,6.73,6.73,6.729880503961553
20230728094544080,6.73,6.73,6.729880503961553
20230728094544110,6.73,6.73,6.729880503961553
20230728094544120,6.73,6.73,6.729880503961553
20230728094544170,6.73,6.73,6.729880503961553
20230728094545920,6.73,6.73,6.729880503961553
20230728094545950,6.74,6.73,6.729880503961553
20230728094546130,6.74,6.73,6.729880503961553
20230728094546560,6.74,6.73,6.729880503961553
20230728094546590,6.74,6.73,6.729880503961553
20230728094546670,6.74,6.73,6.729880503961553
20230728094548520,6.74,6.73,6.729880503961553
20230728094548840,6.74,6.73,6.72983925712456
20230728094549390,6.74,6.73,6.72983925712456
20230728094551460,6.74,6.73,6.72983925712456
20230728094551770,6.74,6.73,6.72983925712456
20230728094551830,6.74,6.73,6.72983925712456
20230728094551940,6.74,6.73,6.72983925712456
20230728094554510,6.73,6.73,6.72983925712456
20230728094554580,6.73,6.73,6.729835477882338
20230728094556860,6.73,6.73,6.729835477882338
20230728094557000,6.73,6.73,6.729835477882338
20230728094557020,6.73,6.73,6.729835477882338
20230728094559700,6.74,6.73,6.729835477882338
20230728094600040,6.74,6.73,6.729835477882338
20230728094600110,6.74,6.73,6.729835477882338
20230728094600130,6.74,6.73,6.729835477882338
20230728094600140,6.74,6.73,6.729835477882338
20230728094600150,6.74,6.73,6.729815954773869
20230728094602120,6.74,6.73,6.7298017938907355
20230728094605130,6.74,6.73,6.7298017938907355
20230728094605320,6.74,6.73,6.7298017938907355
20230728094605680,6.74,6.73,6.7298017938907355
20230728094607210,6.74,6.73,6.7298017938907355
20230728094607590,6.74,6.73,6.7298017938907355
20230728094607600,6.74,6.73,6.7298017938907355
20230728094607770,6.73,6.73,6.7298017938907355
20230728094608120,6.73,6.73,6.7298017938907355
20230728094609930,6.73,6.73,6.7298017938907355
20230728094610600,6.73,6.73,6.7298017938907355
20230728094610630,6.73,6.73,6.7298017938907355
20230728094610840,6.73,6.73,6.7298017938907355
20230728094610950,6.73,6.73,6.7298017938907355
20230728094615430,6.73,6.73,6.7298017938907355
20230728094616560,6.73,6.73,6.7298017938907355
20230728094618450,6.73,6.73,6.7298017938907355
20230728094621940,6.73,6.73,6.7298017938907355
20230728094623410,6.73,6.73,6.7298017938907355
20230728094624040,6.73,6.73,6.7298017938907355
20230728094624090,6.73,6.73,6.7298017938907355
20230728094626320,6.73,6.73,6.7298017938907355
20230728094626420,6.73,6.73,6.7298017938907355
20230728094626440,6.73,6.73,6.7298017938907355
20230728094627090,6.73,6.73,6.7298017938907355
20230728094629000,6.73,6.73,6.7298017938907355
20230728094629420,6.73,6.73,6.7298017938907355
20230728094629450,6.73,6.73,6.7298017938907355
20230728094629640,6.73,6.73,6.7298017938907355
20230728094629940,6.73,6.73,6.7298017938907355
20230728094631540,6.73,6.73,6.7298017938907355
20230728094631690,6.73,6.73,6.7298017938907355
20230728094631930,6.73,6.73,6.7298017938907355
20230728094632130,6.73,6.73,6.729791067183786
20230728094632140,6.73,6.73,6.729791067183786
20230728094632320,6.73,6.73,6.729791067183786
20230728094634390,6.73,6.73,6.729791067183786
20230728094635120,6.73,6.73,6.729788058768365
20230728094636930,6.73,6.73,6.729788058768365
20230728094637140,6.73,6.73,6.729788058768365
20230728094637200,6.73,6.73,6.729783192752265
20230728094637250,6.73,6.73,6.729783192752265
20230728094637850,6.73,6.73,6.729783192752265
20230728094640470,6.73,6.73,6.729783192752265
20230728094642380,6.73,6.73,6.729783192752265
20230728094642730,6.73,6.73,6.729783192752265
20230728094643080,6.73,6.73,6.729783192752265
20230728094643150,6.73,6.73,6.729783192752265
20230728094645120,6.73,6.73,6.729783692806383
20230728094645160,6.73,6.73,6.729783706289347
20230728094645200,6.73,6.73,6.729783719770631
20230728094645550,6.74,6.73,6.729783746728157
20230728094645560,6.74,6.73,6.729783746728157
20230728094645580,6.74,6.73,6.729783746728157
20230728094645590,6.74,6.73,6.729783746728157
20230728094645600,6.74,6.73,6.729783746728157
20230728094645610,6.74,6.73,6.729783746728157
20230728094645660,6.74,6.73,6.72978381409258
20230728094645770,6.74,6.73,6.72978381409258
20230728094645810,6.74,6.73,6.72978381409258
20230728094646020,6.74,6.73,6.72978381409258
20230728094646060,6.74,6.73,6.729783881415047
20230728094646070,6.74,6.73,6.729783881415047
20230728094646090,6.74,6.73,6.729783881415047
20230728094646230,6.74,6.73,6.729783881415047
20230728094646240,6.74,6.73,6.729783881415047
20230728094646260,6.74,6.73,6.729783881415047
20230728094647720,6.74,6.73,6.729783881415047
20230728094648370,6.74,6.73,6.729783881415047
20230728094651340,6.74,6.73,6.729783881415047
20230728094653730,6.74,6.73,6.729783881415047
20230728094653740,6.74,6.73,6.729783881415047
20230728094653770,6.74,6.73,6.729783881415047
20230728094654200,6.74,6.73,6.729783881415047
20230728094656120,6.74,6.73,6.729783908332295
20230728094656130,6.74,6.73,6.729783908332295
20230728094656470,6.74,6.73,6.729783908332295
20230728094656830,6.74,6.73,6.729783908332295
20230728094657050,6.74,6.73,6.729783908332295
20230728094658570,6.74,6.73,6.729783908332295
20230728094658940,6.74,6.73,6.729783908332295
20230728094701620,6.74,6.73,6.729785829909102
20230728094701630,6.74,6.73,6.729785829909102
20230728094701640,6.74,6.73,6.729785829909102
20230728094701690,6.74,6.73,6.729785829909102
20230728094702050,6.74,6.73,6.729785829909102
20230728094704150,6.74,6.73,6.729785829909102
20230728094705140,6.74,6.73,6.729785829909102
20230728094706680,6.74,6.73,6.729785829909102
20230728094707060,6.74,6.73,6.729785829909102
20230728094710060,6.74,6.73,6.729785829909102
20230728094710080,6.74,6.73,6.729785829909102
20230728094710100,6.74,6.73,6.729785829909102
20230728094710360,6.74,6.73,6.729785829909102
20230728094710530,6.74,6.73,6.729785829909102
20230728094712920,6.74,6.73,6.729785829909102
20230728094713010,6.74,6.73,6.729785829909102
20230728094714830,6.74,6.73,6.729785829909102
20230728094715210,6.74,6.73,6.729785829909102
20230728094715570,6.74,6.73,6.729785829909102
20230728094715790,6.74,6.73,6.729785829909102
20230728094715860,6.74,6.73,6.729785829909102
20230728094717500,6.74,6.73,6.729785829909102
20230728094717820,6.74,6.73,6.729785829909102
20230728094718270,6.74,6.73,6.729785829909102
20230728094718380,6.74,6.73,6.729785829909102
20230728094718610,6.74,6.73,6.729785829909102
20230728094720130,6.74,6.73,6.729785829909102
20230728094720940,6.74,6.73,6.729785829909102
20230728094721270,6.74,6.73,6.729785829909102
20230728094721280,6.74,6.73,6.729785829909102
20230728094723010,6.74,6.73,6.729785829909102
20230728094723030,6.74,6.74,6.729785829909102
20230728094723540,6.74,6.73,6.729785829909102
20230728094723810,6.74,6.73,6.729785829909102
20230728094723850,6.74,6.73,6.729785829909102
20230728094723910,6.74,6.74,6.729785829909102
20230728094725600,6.74,6.74,6.729785829909102
20230728094725770,6.74,6.74,6.729785829909102
20230728094725870,6.74,6.74,6.729785829909102
20230728094726120,6.74,6.73,6.729785829909102
20230728094726440,6.74,6.73,6.729785829909102
20230728094728590,6.74,6.73,6.729785829909102
20230728094728600,6.74,6.74,6.729785829909102
20230728094728780,6.74,6.74,6.729785829909102
20230728094729120,6.74,6.73,6.729785829909102
20230728094729470,6.74,6.73,6.729785829909102
20230728094731200,6.74,6.73,6.729785829909102
20230728094731580,6.74,6.74,6.729785829909102
20230728094732120,6.74,6.74,6.729785829909102
20230728094733740,6.74,6.74,6.729785829909102
20230728094733830,6.74,6.73,6.729785829909102
20230728094734070,6.75,6.73,6.729785829909102
20230728094734120,6.75,6.73,6.729785829909102
20230728094734130,6.75,6.73,6.729785829909102
20230728094734150,6.75,6.73,6.729785829909102
20230728094734300,6.75,6.73,6.729785829909102
20230728094736480,6.75,6.73,6.729785829909102
20230728094739530,6.75,6.73,6.729785829909102
20230728094739600,6.75,6.73,6.730734269861881
20230728094739670,6.75,6.73,6.730734269861881
20230728094740020,6.75,6.73,6.730734269861881
20230728094740060,6.75,6.73,6.730734269861881
20230728094740080,6.75,6.74,6.730734269861881
20230728094740090,6.75,6.74,6.730734269861881
20230728094742430,6.75,6.74,6.730734269861881
20230728094742440,6.75,6.74,6.730734269861881
20230728094744410,6.75,6.74,6.730734269861881
20230728094744930,6.75,6.74,6.730734269861881
20230728094745110,6.75,6.74,6.730742466238132
20230728094745310,6.75,6.74,6.730742466238132
20230728094748110,6.75,6.74,6.730742466238132
20230728094748160,6.75,6.74,6.730742466238132
20230728094749870,6.75,6.74,6.730742466238132
20230728094750000,6.75,6.74,6.730742466238132
20230728094750640,6.75,6.74,6.730742466238132
20230728094750790,6.75,6.74,6.730742466238132
20230728094752650,6.75,6.74,6.730742466238132
20230728094753130,6.75,6.74,6.730771268766559
20230728094753260,6.75,6.74,6.730771268766559
20230728094755540,6.75,6.74,6.730771268766559
20230728094755650,6.75,6.74,6.730772355330547
20230728094759140,6.75,6.74,6.730772355330547
20230728094800720,6.75,6.74,6.730772355330547
20230728094800960,6.75,6.74,6.730772355330547
20230728094801180,6.75,6.74,6.730772355330547
20230728094804100,6.75,6.74,6.730772355330547
20230728094806040,6.75,6.74,6.730772355330547
20230728094808780,6.75,6.74,6.730788623141565
20230728094808910,6.75,6.74,6.730788623141565
20230728094809030,6.75,6.74,6.730788623141565
20230728094809230,6.75,6.74,6.730788623141565
20230728094809570,6.75,6.74,6.730792410714286
20230728094809590,6.75,6.74,6.730799976523066
20230728094809680,6.75,6.74,6.730801596150461
20230728094809890,6.75,6.74,6.730801596150461
20230728094811470,6.75,6.74,6.730801596150461
20230728094812440,6.75,6.74,6.730801596150461
20230728094814130,6.75,6.74,6.730802675585284
20230728094814190,6.75,6.74,6.730803215207698
20230728094814660,6.75,6.74,6.730803754766794
20230728094814900,6.75,6.74,6.730803754766794
20230728094817100,6.75,6.74,6.730803754766794
20230728094819910,6.75,6.74,6.730803754766794
20230728094820120,6.75,6.74,6.730804833695078
20230728094820190,6.75,6.74,6.730804833695078
20230728094822680,6.75,6.74,6.730804833695078
20230728094822700,6.75,6.74,6.730804833695078
20230728094823030,6.75,6.74,6.730804833695078
20230728094825410,6.75,6.74,6.730804833695078
20230728094825790,6.75,6.74,6.730804833695078
20230728094826070,6.75,6.74,6.730804833695078
20230728094826120,6.75,6.74,6.730817116060961
20230728094831420,6.75,6.74,6.730817116060961
20230728094831450,6.75,6.74,6.730817116060961
20230728094833210,6.75,6.74,6.730817116060961
20230728094833270,6.75,6.74,6.730817116060961
20230728094833640,6.75,6.74,6.730839716975615
20230728094833920,6.75,6.74,6.730839716975615
20230728094834200,6.75,6.74,6.730839716975615
20230728094835730,6.75,6.74,6.730839716975615
20230728094835780,6.75,6.74,6.730839716975615
20230728094835810,6.75,6.74,6.730839716975615
20230728094836020,6.75,6.74,6.730839716975615
20230728094836320,6.75,6.74,6.730839716975615
20230728094836370,6.75,6.74,6.730839716975615
20230728094836620,6.75,6.74,6.730839716975615
20230728094836840,6.75,6.74,6.730839716975615
20230728094838940,6.75,6.74,6.730839716975615
20230728094839130,6.75,6.74,6.730839716975615
20230728094839320,6.75,6.74,6.730839716975615
20230728094839400,6.75,6.74,6.730839716975615
20230728094839630,6.75,6.74,6.730839716975615
20230728094841130,6.75,6.74,6.730843028354283
20230728094841170,6.75,6.74,6.730843028354283
20230728094841210,6.75,6.74,6.730843028354283
20230728094841620,6.75,6.74,6.730844634089315
20230728094842000,6.75,6.74,6.730844634089315
20230728094842350,6.75,6.74,6.730853188507358
20230728094844100,6.75,6.74,6.730853188507358
20230728094844130,6.75,6.74,6.73085639229422
20230728094844220,6.75,6.74,6.73085639229422
20230728094844380,6.75,6.74,6.73085639229422
20230728094847090,6.75,6.74,6.73085639229422
20230728094847120,6.75,6.74,6.73085639229422
20230728094847130,6.75,6.74,6.730857459724493
20230728094847140,6.75,6.74,6.730864391951006
20230728094847260,6.75,6.74,6.730864391951006
20230728094847340,6.75,6.74,6.730864391951006
20230728094849190,6.75,6.74,6.730865990202939
20230728094849250,6.75,6.74,6.730865990202939
20230728094849420,6.75,6.74,6.730865990202939
20230728094849830,6.75,6.74,6.730867055393586
20230728094849990,6.75,6.74,6.730867055393586
20230728094850110,6.75,6.74,6.730882472786542
20230728094850170,6.75,6.74,6.730882472786542
20230728094850190,6.75,6.74,6.730882472786542
20230728094850200,6.75,6.74,6.7308845952394805
20230728094852070,6.75,6.74,6.730885656095432
20230728094852080,6.75,6.74,6.730888307155323
20230728094852220,6.75,6.74,6.73090048219369
20230728094852730,6.75,6.74,6.73090048219369
20230728094852750,6.75,6.74,6.730901010805159
20230728094852760,6.75,6.74,6.730903652941518
20230728094853040,6.75,6.74,6.730904181184669
20230728094853080,6.75,6.74,6.730905237486935
20230728094853090,6.75,6.74,6.730922105019126
20230728094853120,6.75,6.74,6.730924734920911
20230728094855100,6.75,6.74,6.730925786455014
20230728094855120,6.75,6.74,6.730926837745467
20230728094855130,6.75,6.74,6.730927888792355
20230728094855200,6.75,6.74,6.730928939595761
20230728094855290,6.75,6.74,6.730928939595761
20230728094855710,6.75,6.74,6.730932090545939
20230728094855840,6.75,6.74,6.730932090545939
20230728094857440,6.75,6.74,6.730944672486558
20230728094858290,6.75,6.74,6.73105891083457
20230728094900180,6.75,6.74,6.73105891083457
20230728094900400,6.75,6.74,6.731362157392599
20230728094900410,6.74,6.74,6.731385909915855
20230728094900440,6.74,6.74,6.731385909915855
20230728094900560,6.74,6.74,6.731389698202408
20230728094900590,6.74,6.74,6.731389698202408
20230728094900710,6.74,6.74,6.731389698202408
20230728094900880,6.74,6.74,6.731389698202408
20230728094900950,6.74,6.74,6.731389698202408
20230728094901050,6.74,6.74,6.731389698202408
20230728094901090,6.74,6.74,6.731389698202408
20230728094901120,6.74,6.74,6.73139010989011
20230728094901190,6.74,6.74,6.73139010989011
20230728094903230,6.74,6.74,6.731390582935004
20230728094905700,6.74,6.74,6.731408520203958
20230728094906040,6.74,6.74,6.731409462200538
