Timestamp,ask1,bid1,VWAP
20230710093000040,6.04,7.04,0.0
20230710093000050,6.04,7.04,0.0
20230710093000060,6.04,7.04,0.0
20230710093000070,6.04,7.04,0.0
20230710093000080,6.04,7.04,0.0
20230710093000090,6.04,7.04,0.0
20230710093000110,6.04,7.04,0.0
20230710093000120,6.04,7.04,0.0
20230710093000130,6.04,7.04,0.0
20230710093000340,6.64,7.04,6.739433962264151
20230710093000350,6.64,7.04,6.739565217391305
20230710093000360,6.64,7.04,6.739565217391305
20230710093000370,6.64,7.04,6.739565217391305
20230710093000380,6.64,7.04,6.739565217391305
20230710093000400,6.64,7.04,6.739565217391305
20230710093000410,6.64,7.04,6.739565217391305
20230710093000420,6.64,7.04,6.739565217391305
20230710093000430,6.64,7.04,6.739565217391305
20230710093000440,6.64,7.04,6.739565217391305
20230710093000450,6.64,7.04,6.739285714285714
20230710093000460,6.64,6.77,6.739508196721311
20230710093000470,6.64,6.77,6.739508196721311
20230710093000490,6.64,6.77,6.739508196721311
20230710093000500,6.64,6.77,6.739508196721311
20230710093000520,6.64,6.77,6.739508196721311
20230710093000530,6.64,6.77,6.739508196721311
20230710093000540,6.64,6.77,6.739508196721311
20230710093000550,6.64,6.77,6.739508196721311
20230710093000560,6.64,6.77,6.739516129032258
20230710093000570,6.64,6.77,6.739516129032258
20230710093000580,6.64,6.77,6.739516129032258
20230710093000990,6.64,6.77,6.739516129032258
20230710093001010,6.64,6.77,6.739516129032258
20230710093001020,6.64,6.77,6.73953125
20230710093001030,6.64,6.77,6.73953125
20230710093001040,6.64,6.77,6.73953125
20230710093001050,6.64,6.77,6.73953125
20230710093001060,6.64,6.77,6.73953125
20230710093001070,6.64,6.77,6.73953125
20230710093001090,6.64,6.77,6.73953125
20230710093001100,6.73,6.73,6.733588235294118
20230710093001110,6.73,6.73,6.733588235294118
20230710093001130,6.73,6.73,6.733526011560694
20230710093001140,6.73,6.73,6.733707865168539
20230710093001150,6.73,6.73,6.733707865168539
20230710093001160,6.73,6.73,6.733636363636363
20230710093001170,6.73,6.73,6.733636363636363
20230710093001180,6.73,6.73,6.733636363636363
20230710093001200,6.73,6.73,6.733636363636363
20230710093001210,6.73,6.73,6.733636363636363
20230710093001230,6.73,6.73,6.733636363636363
20230710093001260,6.73,6.73,6.733636363636363
20230710093001270,6.73,6.73,6.733636363636363
20230710093001280,6.73,6.73,6.733367346938776
20230710093001300,6.73,6.73,6.733120567375886
20230710093001320,6.73,6.72,6.731084634346755
20230710093001330,6.73,6.72,6.731084634346755
20230710093001340,6.73,6.72,6.7309287709497205
20230710093001350,6.73,6.72,6.7309287709497205
20230710093001360,6.73,6.72,6.7309287709497205
20230710093001370,6.73,6.72,6.7309287709497205
20230710093001380,6.73,6.72,6.7309287709497205
20230710093001390,6.73,6.72,6.7309287709497205
20230710093001400,6.73,6.72,6.7309287709497205
20230710093001410,6.73,6.72,6.730944558521561
20230710093001430,6.73,6.72,6.730944558521561
20230710093001450,6.73,6.72,6.730944558521561
20230710093001460,6.73,6.72,6.730944558521561
20230710093001470,6.73,6.72,6.730987738419619
20230710093001490,6.73,6.72,6.730987738419619
20230710093001500,6.73,6.72,6.730987738419619
20230710093001530,6.73,6.72,6.730987738419619
20230710093001560,6.73,6.72,6.730987738419619
20230710093002400,6.74,6.72,6.73107908847185
20230710093002410,6.74,6.72,6.73107908847185
20230710093002440,6.74,6.72,6.73107908847185
20230710093002470,6.74,6.74,6.73107908847185
20230710093002500,6.74,6.74,6.731440514469454
20230710093002510,6.74,6.74,6.731440514469454
20230710093002530,6.74,6.74,6.731440514469454
20230710093002550,6.73,6.74,6.731440514469454
20230710093002570,6.73,6.74,6.731440514469454
20230710093002580,6.73,6.74,6.731440514469454
20230710093002600,6.73,6.74,6.731440514469454
20230710093002630,6.73,6.74,6.731440514469454
20230710093002640,6.73,6.74,6.731440514469454
20230710093002650,6.73,6.74,6.731440514469454
20230710093002660,6.73,6.74,6.731440514469454
20230710093002670,6.73,6.74,6.731440514469454
20230710093002680,6.73,6.74,6.731440514469454
20230710093002690,6.73,6.74,6.731440514469454
20230710093002710,6.73,6.74,6.731546134663342
20230710093002760,6.73,6.74,6.731546134663342
20230710093002770,6.73,6.74,6.731546134663342
20230710093002790,6.73,6.74,6.731546134663342
20230710093002820,6.73,6.74,6.731546134663342
20230710093002830,6.73,6.74,6.731546134663342
20230710093002860,6.73,6.74,6.731546134663342
20230710093002870,6.73,6.74,6.731536555142503
20230710093002880,6.73,6.74,6.731536555142503
20230710093002890,6.73,6.74,6.731536555142503
20230710093002900,6.73,6.74,6.731536555142503
20230710093002910,6.73,6.74,6.731536555142503
20230710093002950,6.73,6.74,6.731536555142503
20230710093002960,6.73,6.74,6.731536555142503
20230710093002970,6.73,6.74,6.731536555142503
20230710093003000,6.73,6.74,6.731536555142503
20230710093003010,6.73,6.74,6.731536555142503
20230710093003030,6.73,6.74,6.73153560371517
20230710093003050,6.73,6.74,6.73153560371517
20230710093003080,6.72,6.74,6.731485819975339
20230710093003100,6.72,6.74,6.731464615384615
20230710093003130,6.72,6.74,6.731464615384615
20230710093003150,6.72,6.74,6.731457564575646
20230710093003160,6.72,6.74,6.731457564575646
20230710093003210,6.72,6.74,6.731450522433928
20230710093003220,6.72,6.74,6.731443488943489
20230710093003280,6.72,6.74,6.731408450704225
20230710093003330,6.72,6.74,6.731408450704225
20230710093004670,6.72,6.74,6.731408450704225
20230710093004710,6.72,6.74,6.731408450704225
20230710093004770,6.72,6.74,6.731408450704225
20230710093004790,6.72,6.74,6.731408450704225
20230710093004860,6.72,6.74,6.731408450704225
20230710093004890,6.72,6.74,6.731408450704225
20230710093004960,6.72,6.74,6.731408450704225
20230710093005010,6.72,6.74,6.731408450704225
20230710093005060,6.72,6.74,6.731408450704225
20230710093005070,6.72,6.74,6.731408450704225
20230710093005200,6.72,6.74,6.731408450704225
20230710093005230,6.72,6.74,6.731408450704225
20230710093005440,6.72,6.74,6.731408450704225
20230710093005540,6.72,6.74,6.731408450704225
20230710093005560,6.72,6.74,6.731408450704225
20230710093005570,6.72,6.74,6.731408450704225
20230710093005590,6.72,6.74,6.731408450704225
20230710093005640,6.72,6.74,6.731408450704225
20230710093005700,6.72,6.74,6.731408450704225
20230710093005760,6.72,6.74,6.731408450704225
20230710093005920,6.72,6.74,6.731408450704225
20230710093006100,6.72,6.74,6.731408450704225
20230710093006220,6.72,6.74,6.731408450704225
20230710093006320,6.73,6.74,6.731202090592334
20230710093006330,6.73,6.74,6.731202090592334
20230710093006400,6.73,6.74,6.731202090592334
20230710093006540,6.73,6.74,6.731202090592334
20230710093010110,6.73,6.71,6.731202090592334
20230710093010120,6.72,6.71,6.731202090592334
20230710093010260,6.73,6.71,6.730722559293988
20230710093010280,6.73,6.71,6.730722559293988
20230710093010290,6.73,6.71,6.730722559293988
20230710093010330,6.73,6.71,6.7305531686358755
20230710093010380,6.73,6.71,6.7305531686358755
20230710093010390,6.73,6.71,6.7305531686358755
20230710093010400,6.73,6.71,6.7305531686358755
20230710093010420,6.73,6.71,6.730542105263158
20230710093010530,6.73,6.72,6.730542105263158
20230710093010600,6.73,6.72,6.730534787123572
20230710093010720,6.73,6.73,6.730530927835051
20230710093010730,6.73,6.73,6.730530927835051
20230710093010820,6.73,6.73,6.730523108176739
20230710093010920,6.73,6.73,6.730523108176739
20230710093011260,6.73,6.73,6.730523108176739
20230710093011540,6.73,6.73,6.730522577371892
20230710093011560,6.73,6.73,6.730522577371892
20230710093011590,6.73,6.73,6.730519939424533
20230710093011700,6.74,6.73,6.730586466165414
20230710093011730,6.74,6.73,6.730586466165414
20230710093012140,6.74,6.73,6.730586466165414
20230710093012380,6.74,6.73,6.730586466165414
20230710093012990,6.74,6.73,6.730586466165414
20230710093016210,6.74,6.73,6.730586466165414
20230710093016380,6.74,6.73,6.730586466165414
20230710093016450,6.74,6.73,6.730586466165414
20230710093016480,6.74,6.73,6.730586466165414
20230710093016500,6.74,6.73,6.730586466165414
20230710093016710,6.74,6.73,6.730986117759693
20230710093016790,6.74,6.73,6.730986117759693
20230710093017390,6.74,6.73,6.730985645933014
20230710093017480,6.74,6.73,6.730985645933014
20230710093017490,6.74,6.73,6.731062114746325
20230710093017500,6.74,6.73,6.731061108479394
20230710093017510,6.74,6.73,6.731061108479394
20230710093017560,6.74,6.73,6.731061108479394
20230710093017670,6.74,6.73,6.731061108479394
20230710093019250,6.73,6.73,6.731061108479394
20230710093019370,6.73,6.73,6.731061108479394
20230710093019380,6.73,6.73,6.731061108479394
20230710093019420,6.73,6.73,6.731061108479394
20230710093019820,6.73,6.73,6.731061108479394
20230710093019890,6.73,6.73,6.731061108479394
20230710093019970,6.73,6.73,6.731061108479394
20230710093020200,6.73,6.73,6.731061108479394
20230710093020370,6.73,6.73,6.731061108479394
20230710093021930,6.73,6.73,6.731061108479394
20230710093022060,6.73,6.73,6.731061108479394
20230710093022090,6.73,6.73,6.731061108479394
20230710093022390,6.73,6.73,6.731061108479394
20230710093022430,6.73,6.73,6.731061108479394
20230710093022670,6.73,6.73,6.731061108479394
20230710093022780,6.73,6.73,6.731061108479394
20230710093022930,6.73,6.73,6.731061108479394
20230710093023110,6.73,6.73,6.731061108479394
20230710093023130,6.73,6.73,6.731061108479394
20230710093024640,6.73,6.73,6.731061108479394
20230710093024790,6.73,6.73,6.731061108479394
20230710093025000,6.73,6.73,6.731061108479394
20230710093025150,6.73,6.73,6.731061108479394
20230710093025340,6.73,6.73,6.731061108479394
20230710093025350,6.73,6.73,6.731061108479394
20230710093025520,6.73,6.73,6.730950374531835
20230710093025540,6.73,6.73,6.730950374531835
20230710093025680,6.73,6.73,6.730950374531835
20230710093025760,6.74,6.72,6.730950374531835
20230710093025810,6.73,6.72,6.730950374531835
20230710093025820,6.73,6.72,6.730950374531835
20230710093028120,6.73,6.72,6.730950374531835
20230710093028140,6.73,6.72,6.730950374531835
20230710093028190,6.73,6.72,6.730950374531835
20230710093028210,6.73,6.72,6.730950374531835
20230710093028230,6.73,6.72,6.730950374531835
20230710093028240,6.73,6.72,6.730950374531835
20230710093028530,6.73,6.72,6.730950374531835
20230710093030000,6.73,6.72,6.730950374531835
20230710093030080,6.73,6.72,6.730950374531835
20230710093030090,6.73,6.72,6.730950374531835
20230710093030120,6.73,6.72,6.730950374531835
20230710093030180,6.73,6.72,6.730950374531835
20230710093030190,6.73,6.72,6.730950374531835
20230710093030200,6.73,6.72,6.730950374531835
20230710093030300,6.73,6.72,6.730950374531835
20230710093030330,6.73,6.72,6.730950374531835
20230710093030340,6.73,6.72,6.730950374531835
20230710093030400,6.73,6.72,6.730950374531835
20230710093030770,6.73,6.72,6.730950374531835
20230710093030830,6.73,6.72,6.730950374531835
20230710093030870,6.73,6.72,6.730950374531835
20230710093030970,6.73,6.72,6.730758337140247
20230710093031160,6.73,6.72,6.730714285714286
20230710093033490,6.73,6.72,6.730714285714286
20230710093033600,6.73,6.72,6.730714285714286
20230710093033830,6.73,6.72,6.730660932548664
20230710093035860,6.73,6.72,6.730660932548664
20230710093035930,6.73,6.72,6.730660932548664
20230710093035940,6.73,6.72,6.730660932548664
20230710093035960,6.72,6.72,6.730499331252786
20230710093035970,6.72,6.72,6.730499331252786
20230710093035980,6.72,6.72,6.730499331252786
20230710093036070,6.72,6.72,6.730415745245467
20230710093036080,6.72,6.72,6.730415745245467
20230710093036210,6.72,6.72,6.730411140583555
20230710093036280,6.72,6.72,6.730411140583555
20230710093036480,6.72,6.72,6.730411140583555
20230710093036490,6.72,6.72,6.730411140583555
20230710093036520,6.72,6.72,6.730411140583555
20230710093036660,6.72,6.72,6.730411140583555
20230710093038500,6.72,6.72,6.730411140583555
20230710093038580,6.72,6.72,6.730383936451898
20230710093038890,6.72,6.72,6.730383936451898
20230710093038960,6.72,6.72,6.730383936451898
20230710093038990,6.72,6.72,6.730383936451898
20230710093039320,6.72,6.72,6.730383936451898
20230710093040810,6.72,6.72,6.730383936451898
20230710093040880,6.72,6.72,6.730383936451898
20230710093041700,6.72,6.72,6.730383936451898
20230710093041740,6.72,6.72,6.730383936451898
20230710093041750,6.72,6.72,6.730383936451898
20230710093041880,6.72,6.72,6.730383936451898
20230710093043580,6.72,6.72,6.7301993931512785
20230710093043880,6.73,6.72,6.73009251471825
20230710093043890,6.73,6.72,6.73009251471825
20230710093043900,6.73,6.72,6.73009251471825
20230710093043910,6.72,6.72,6.730088272383354
20230710093044060,6.72,6.72,6.730088272383354
20230710093044100,6.72,6.72,6.730088272383354
20230710093044250,6.72,6.72,6.730088272383354
20230710093044340,6.72,6.72,6.730088272383354
20230710093044380,6.72,6.72,6.730088272383354
20230710093044420,6.72,6.72,6.730088272383354
20230710093044430,6.72,6.72,6.730088272383354
20230710093044440,6.72,6.72,6.730088272383354
20230710093046360,6.72,6.72,6.730088272383354
20230710093047120,6.72,6.72,6.730088272383354
20230710093047190,6.72,6.72,6.730079798404032
20230710093047260,6.72,6.72,6.730025062656642
20230710093047310,6.72,6.72,6.730025062656642
20230710093047380,6.72,6.72,6.730025062656642
20230710093049000,6.72,6.72,6.730025031289111
20230710093049040,6.72,6.72,6.730025010421008
20230710093049160,6.72,6.72,6.730025010421008
20230710093049270,6.72,6.72,6.730025010421008
20230710093049350,6.72,6.72,6.730025010421008
20230710093049570,6.72,6.72,6.730025010421008
20230710093049650,6.72,6.72,6.730020833333334
20230710093049880,6.72,6.72,6.730020833333334
20230710093050150,6.72,6.72,6.730020833333334
20230710093050160,6.72,6.72,6.730020833333334
20230710093051610,6.72,6.72,6.730020833333334
20230710093051620,6.72,6.72,6.730020833333334
20230710093051730,6.72,6.72,6.730020833333334
20230710093051850,6.72,6.72,6.730020833333334
20230710093052320,6.72,6.72,6.730020833333334
20230710093052830,6.72,6.72,6.730020833333334
20230710093054340,6.72,6.72,6.730020833333334
20230710093054410,6.72,6.72,6.730020833333334
20230710093054500,6.72,6.72,6.730020833333334
20230710093054860,6.72,6.72,6.730020833333334
20230710093054870,6.72,6.72,6.730012494793836
20230710093055150,6.72,6.72,6.730012494793836
20230710093057390,6.72,6.72,6.729830788278993
20230710093057500,6.72,6.72,6.729822607260726
20230710093058040,6.72,6.72,6.729822607260726
20230710093058080,6.72,6.72,6.729741166803615
20230710093058180,6.72,6.72,6.729741166803615
20230710093059990,6.72,6.72,6.729733059548255
20230710093100050,6.72,6.72,6.729733059548255
20230710093100140,6.72,6.72,6.729713114754098
20230710093100270,6.72,6.72,6.729713114754098
20230710093100300,6.72,6.72,6.7296969696969695
20230710093100600,6.72,6.72,6.7296969696969695
20230710093100680,6.72,6.72,6.7296969696969695
20230710093100880,6.72,6.72,6.729656722517368
20230710093102590,6.72,6.72,6.729652777777778
20230710093102890,6.72,6.72,6.729652777777778
20230710093102970,6.72,6.72,6.729461974110032
20230710093105190,6.72,6.72,6.729461974110032
20230710093105510,6.72,6.72,6.729461974110032
20230710093105910,6.72,6.72,6.729461974110032
20230710093106030,6.72,6.72,6.729461974110032
20230710093106160,6.72,6.72,6.729461974110032
20230710093106230,6.72,6.72,6.729461974110032
20230710093111000,6.72,6.72,6.729461974110032
20230710093113660,6.72,6.72,6.729461974110032
20230710093113760,6.72,6.72,6.729461974110032
20230710093113770,6.72,6.72,6.729461974110032
20230710093113830,6.72,6.72,6.729461974110032
20230710093113860,6.72,6.72,6.729378508420209
20230710093114220,6.72,6.72,6.729378508420209
20230710093116090,6.72,6.72,6.729359743897559
20230710093116150,6.72,6.72,6.729359743897559
20230710093116160,6.72,6.72,6.729359743897559
20230710093116190,6.72,6.72,6.729359743897559
20230710093116230,6.72,6.72,6.729359743897559
20230710093116300,6.72,6.72,6.729359743897559
20230710093116330,6.72,6.72,6.729359743897559
20230710093116640,6.72,6.72,6.729359743897559
20230710093116720,6.72,6.72,6.729359743897559
20230710093116750,6.72,6.72,6.729359743897559
20230710093116870,6.72,6.72,6.729359743897559
20230710093118840,6.72,6.72,6.729359743897559
20230710093119090,6.72,6.72,6.729329073482428
20230710093119230,6.72,6.72,6.729329073482428
20230710093121570,6.72,6.72,6.729329073482428
20230710093121590,6.72,6.72,6.729329073482428
20230710093122090,6.72,6.72,6.729321628092578
20230710093122110,6.72,6.72,6.729321628092578
20230710093122120,6.72,6.72,6.729321628092578
20230710093122300,6.72,6.72,6.729321628092578
20230710093122370,6.72,6.72,6.729164378187525
20230710093122550,6.72,6.72,6.729164378187525
20230710093124070,6.72,6.72,6.729164378187525
20230710093124090,6.72,6.72,6.729164378187525
20230710093124120,6.72,6.72,6.729164378187525
20230710093124490,6.72,6.72,6.729160784313725
20230710093124800,6.72,6.72,6.729160784313725
20230710093125090,6.72,6.72,6.729146436961629
20230710093125130,6.72,6.72,6.729146436961629
20230710093125260,6.72,6.72,6.729146436961629
20230710093126730,6.72,6.72,6.729146436961629
20230710093127420,6.72,6.72,6.729146436961629
20230710093127470,6.72,6.72,6.729146436961629
20230710093127700,6.72,6.72,6.729146436961629
20230710093129510,6.72,6.72,6.729146436961629
20230710093129520,6.72,6.72,6.729146436961629
20230710093129920,6.72,6.72,6.729146436961629
20230710093130060,6.72,6.72,6.729146436961629
20230710093130200,6.72,6.72,6.729146436961629
20230710093130510,6.72,6.72,6.729146436961629
20230710093130580,6.72,6.72,6.729146436961629
20230710093130620,6.72,6.71,6.729005052467937
20230710093132300,6.72,6.72,6.728836765827612
20230710093132310,6.72,6.71,6.728769871309614
20230710093132320,6.72,6.71,6.728769871309614
20230710093132470,6.72,6.71,6.728769871309614
20230710093132500,6.72,6.71,6.728769871309614
20230710093132550,6.72,6.71,6.728769871309614
20230710093132800,6.72,6.71,6.728642857142857
20230710093132820,6.72,6.71,6.728642857142857
20230710093132830,6.72,6.71,6.728642857142857
20230710093133040,6.72,6.71,6.728642857142857
20230710093133160,6.72,6.71,6.728642857142857
20230710093135130,6.72,6.71,6.728642857142857
20230710093135260,6.72,6.71,6.728642857142857
20230710093136010,6.72,6.71,6.728642857142857
20230710093137590,6.72,6.71,6.728642857142857
20230710093137630,6.72,6.71,6.728642857142857
20230710093138040,6.72,6.71,6.728642857142857
20230710093138160,6.72,6.71,6.728642857142857
20230710093138170,6.72,6.71,6.728642857142857
20230710093138500,6.72,6.71,6.728642857142857
20230710093138730,6.72,6.71,6.728642857142857
20230710093140200,6.72,6.71,6.728642857142857
20230710093140890,6.72,6.71,6.728642857142857
20230710093141300,6.72,6.71,6.728642857142857
20230710093143020,6.72,6.71,6.728613713001124
20230710093143060,6.72,6.71,6.728379578246393
20230710093143100,6.72,6.71,6.728379578246393
20230710093143530,6.72,6.71,6.728379578246393
20230710093143660,6.72,6.71,6.728379578246393
20230710093143740,6.72,6.71,6.728379578246393
20230710093144040,6.72,6.71,6.728379578246393
20230710093145960,6.72,6.71,6.728311831920383
20230710093146110,6.72,6.71,6.728311831920383
20230710093146640,6.72,6.71,6.728305709023941
20230710093146770,6.72,6.71,6.728305709023941
20230710093146780,6.72,6.71,6.728305709023941
20230710093149160,6.72,6.71,6.728305709023941
20230710093149220,6.72,6.71,6.728298969072165
20230710093149430,6.72,6.71,6.728298969072165
20230710093151130,6.72,6.71,6.728298969072165
20230710093151810,6.72,6.71,6.728298969072165
20230710093151890,6.72,6.71,6.728298969072165
20230710093152080,6.72,6.71,6.7282922340817075
20230710093152110,6.72,6.71,6.7282922340817075
20230710093152230,6.72,6.71,6.7282922340817075
20230710093153900,6.72,6.71,6.728000724375226
20230710093154120,6.72,6.71,6.728000724375226
20230710093154130,6.72,6.71,6.728000724375226
20230710093154170,6.72,6.71,6.727800859598854
20230710093154180,6.72,6.71,6.727705735660848
20230710093154200,6.72,6.71,6.72769943019943
20230710093154220,6.72,6.71,6.72769943019943
20230710093154390,6.72,6.71,6.727686832740214
20230710093156540,6.72,6.71,6.727686832740214
20230710093156690,6.72,6.71,6.727389783065081
20230710093156700,6.72,6.71,6.727377622377622
20230710093157230,6.72,6.71,6.727143842704381
20230710093157240,6.72,6.71,6.727143842704381
20230710093157280,6.72,6.71,6.727143842704381
20230710093157300,6.72,6.71,6.727143842704381
20230710093157310,6.72,6.71,6.727143842704381
20230710093157540,6.72,6.71,6.727067307692308
20230710093157550,6.72,6.71,6.727008898015058
20230710093159160,6.72,6.71,6.726887529731567
20230710093159170,6.72,6.71,6.72686460807601
20230710093159340,6.72,6.71,6.72686460807601
20230710093159560,6.72,6.71,6.72686460807601
20230710093159730,6.72,6.71,6.72686460807601
20230710093159840,6.72,6.71,6.72686460807601
20230710093200100,6.72,6.71,6.726807575245181
20230710093200110,6.72,6.71,6.726779203241053
20230710093200120,6.72,6.71,6.726767881241566
20230710093202120,6.72,6.71,6.726767881241566
20230710093202170,6.71,6.71,6.726767881241566
20230710093202270,6.71,6.71,6.726767881241566
20230710093202330,6.71,6.71,6.726767881241566
20230710093202340,6.71,6.71,6.726767881241566
20230710093202660,6.71,6.71,6.726767881241566
20230710093202860,6.71,6.71,6.726767881241566
20230710093204560,6.71,6.71,6.726767881241566
20230710093204640,6.71,6.71,6.726767881241566
20230710093205130,6.71,6.71,6.726767881241566
20230710093205310,6.71,6.71,6.726767881241566
20230710093205550,6.71,6.71,6.726767881241566
20230710093207680,6.71,6.71,6.726767881241566
20230710093207810,6.71,6.71,6.726767881241566
20230710093208100,6.71,6.71,6.726767881241566
20230710093208160,6.71,6.71,6.726767881241566
20230710093208260,6.71,6.71,6.726767881241566
20230710093208340,6.71,6.71,6.726767881241566
20230710093210010,6.71,6.71,6.726767881241566
20230710093210110,6.71,6.71,6.726767881241566
20230710093210120,6.71,6.71,6.726767881241566
20230710093210170,6.71,6.71,6.726767881241566
20230710093210240,6.71,6.71,6.726767881241566
20230710093210260,6.71,6.71,6.726767881241566
20230710093210270,6.71,6.71,6.726767881241566
20230710093210280,6.71,6.71,6.726767881241566
20230710093210370,6.71,6.71,6.726767881241566
20230710093210990,6.71,6.71,6.726767881241566
20230710093213120,6.71,6.71,6.726767881241566
20230710093213370,6.71,6.71,6.726767881241566
20230710093213630,6.71,6.71,6.724692236313022
20230710093213710,6.71,6.71,6.724651449722393
20230710093213740,6.71,6.71,6.724651449722393
20230710093215400,6.71,6.71,6.724651449722393
20230710093215740,6.71,6.71,6.724651449722393
20230710093215810,6.71,6.71,6.724651449722393
20230710093215970,6.71,6.71,6.724651449722393
20230710093216480,6.71,6.71,6.724651449722393
20230710093217990,6.71,6.71,6.724651449722393
20230710093219050,6.71,6.71,6.724651449722393
20230710093219210,6.71,6.71,6.724651449722393
20230710093221030,6.71,6.71,6.724651449722393
20230710093221040,6.71,6.71,6.724651449722393
20230710093221130,6.71,6.71,6.724651449722393
20230710093221230,6.71,6.71,6.724651449722393
20230710093221390,6.71,6.71,6.724651449722393
20230710093221520,6.71,6.71,6.724455324357405
20230710093223420,6.71,6.71,6.72435100548446
20230710093223560,6.71,6.71,6.72435100548446
20230710093223690,6.71,6.71,6.723630987581313
20230710093223720,6.71,6.71,6.723630987581313
20230710093223890,6.71,6.71,6.723630987581313
20230710093224030,6.71,6.71,6.723630987581313
20230710093226210,6.71,6.71,6.723630987581313
20230710093226450,6.71,6.71,6.723630987581313
20230710093226920,6.71,6.71,6.723630987581313
20230710093227020,6.71,6.71,6.723630987581313
20230710093227330,6.71,6.71,6.723630987581313
20230710093229880,6.71,6.71,6.723630987581313
20230710093229910,6.71,6.71,6.723630987581313
20230710093231700,6.71,6.71,6.723630987581313
20230710093231900,6.71,6.71,6.723596102745793
20230710093231920,6.71,6.71,6.723450704225352
20230710093232000,6.71,6.71,6.723450704225352
20230710093232040,6.71,6.71,6.723450704225352
20230710093232070,6.71,6.71,6.723450704225352
20230710093232120,6.71,6.71,6.723450704225352
20230710093232240,6.71,6.71,6.723450704225352
20230710093232380,6.71,6.71,6.723450704225352
20230710093232390,6.71,6.71,6.723017785427424
20230710093232400,6.71,6.7,6.7205954825462015
20230710093232670,6.71,6.7,6.7205954825462015
20230710093234300,6.71,6.7,6.720537496800614
20230710093234310,6.71,6.7,6.7204017289600815
20230710093234320,6.71,6.7,6.720247287408529
20230710093234330,6.71,6.7,6.720216679264298
20230710093234410,6.71,6.7,6.720165870821814
20230710093234740,6.71,6.7,6.720165870821814
20230710093235030,6.71,6.7,6.720102397602398
20230710093235260,6.71,6.7,6.720102397602398
20230710093237100,6.71,6.7,6.720067314884068
20230710093237120,6.71,6.7,6.720042330677291
20230710093237370,6.71,6.7,6.720042330677291
20230710093237630,6.71,6.7,6.720042330677291
20230710093237820,6.71,6.7,6.718696864111498
20230710093237910,6.71,6.7,6.718696864111498
20230710093237920,6.71,6.7,6.718664660958112
20230710093237930,6.71,6.7,6.718664660958112
20230710093237960,6.71,6.7,6.718664660958112
20230710093239660,6.71,6.7,6.718493464801651
20230710093240100,6.71,6.7,6.718468055873598
20230710093240120,6.71,6.7,6.718468055873598
20230710093240130,6.71,6.7,6.718468055873598
20230710093240200,6.71,6.7,6.71843137254902
20230710093240210,6.71,6.7,6.71843137254902
20230710093242620,6.71,6.7,6.71843137254902
20230710093242940,6.71,6.7,6.71835603996367
20230710093243110,6.71,6.7,6.7181540534471145
20230710093243120,6.71,6.7,6.717924611973393
20230710093243150,6.71,6.7,6.717924611973393
20230710093243190,6.71,6.7,6.717823606845108
20230710093243200,6.71,6.7,6.717823606845108
20230710093243340,6.71,6.7,6.717823606845108
20230710093243470,6.71,6.7,6.717823606845108
20230710093243540,6.71,6.7,6.717823606845108
20230710093245120,6.71,6.7,6.717823606845108
20230710093245140,6.71,6.7,6.717823606845108
20230710093245350,6.71,6.7,6.717823606845108
20230710093245660,6.71,6.7,6.717823606845108
20230710093245750,6.71,6.7,6.717721932114882
20230710093245820,6.71,6.7,6.717721932114882
20230710093246180,6.71,6.7,6.717714223575467
20230710093246200,6.71,6.7,6.717694143167028
20230710093246230,6.71,6.7,6.717694143167028
20230710093247820,6.71,6.7,6.717694143167028
20230710093248460,6.71,6.7,6.717694143167028
20230710093250430,6.71,6.7,6.717694143167028
20230710093250440,6.7,6.7,6.717694143167028
20230710093250680,6.71,6.7,6.717694143167028
20230710093251280,6.71,6.7,6.717694143167028
20230710093251300,6.71,6.7,6.717694143167028
20230710093251320,6.71,6.7,6.717694143167028
20230710093251610,6.7,6.7,6.717694143167028
20230710093253120,6.7,6.7,6.717694143167028
20230710093253420,6.7,6.7,6.717694143167028
20230710093253580,6.7,6.7,6.717694143167028
20230710093253620,6.7,6.7,6.717694143167028
20230710093253720,6.7,6.7,6.717694143167028
20230710093253730,6.7,6.7,6.717694143167028
20230710093253940,6.7,6.7,6.717694143167028
20230710093253970,6.7,6.7,6.717694143167028
20230710093255980,6.7,6.7,6.717694143167028
20230710093256010,6.7,6.7,6.717694143167028
20230710093256420,6.7,6.7,6.717694143167028
20230710093256500,6.7,6.7,6.717694143167028
20230710093256820,6.7,6.7,6.717694143167028
20230710093258610,6.7,6.7,6.717694143167028
20230710093258760,6.7,6.7,6.717694143167028
20230710093258890,6.7,6.7,6.717694143167028
20230710093259130,6.7,6.7,6.717694143167028
20230710093259140,6.7,6.7,6.717694143167028
20230710093259250,6.7,6.7,6.717694143167028
20230710093259260,6.7,6.7,6.717694143167028
20230710093259300,6.7,6.7,6.717694143167028
20230710093259420,6.7,6.7,6.717694143167028
20230710093259710,6.7,6.7,6.717694143167028
20230710093301180,6.71,6.7,6.717694143167028
20230710093301470,6.71,6.7,6.717694143167028
20230710093301500,6.71,6.7,6.717694143167028
20230710093301800,6.71,6.7,6.717694143167028
20230710093301980,6.71,6.7,6.717694143167028
20230710093302140,6.71,6.7,6.717694143167028
20230710093302150,6.71,6.7,6.717694143167028
20230710093302190,6.71,6.7,6.717694143167028
20230710093302210,6.71,6.7,6.717694143167028
20230710093303900,6.71,6.7,6.717694143167028
20230710093303960,6.71,6.7,6.717694143167028
20230710093304080,6.71,6.7,6.717694143167028
20230710093304140,6.71,6.7,6.717694143167028
20230710093304230,6.71,6.7,6.717694143167028
20230710093304340,6.71,6.7,6.717694143167028
20230710093304350,6.71,6.7,6.717694143167028
20230710093304850,6.71,6.7,6.717694143167028
20230710093304860,6.71,6.7,6.717694143167028
20230710093306760,6.71,6.7,6.717694143167028
20230710093306970,6.71,6.7,6.717694143167028
20230710093307080,6.71,6.7,6.717694143167028
20230710093307130,6.71,6.7,6.717694143167028
20230710093307170,6.71,6.7,6.717694143167028
20230710093307270,6.71,6.7,6.717694143167028
20230710093307310,6.71,6.7,6.717694143167028
20230710093307370,6.71,6.7,6.717694143167028
20230710093307390,6.71,6.7,6.717694143167028
20230710093307620,6.71,6.7,6.717694143167028
20230710093309750,6.71,6.7,6.717694143167028
20230710093309840,6.71,6.7,6.717694143167028
20230710093309920,6.71,6.7,6.717694143167028
20230710093310030,6.71,6.7,6.717694143167028
20230710093310280,6.71,6.7,6.717694143167028
20230710093310290,6.71,6.7,6.717694143167028
20230710093310330,6.71,6.7,6.717694143167028
20230710093310430,6.71,6.7,6.717694143167028
20230710093310470,6.71,6.7,6.717694143167028
20230710093312260,6.71,6.7,6.717694143167028
20230710093312650,6.71,6.7,6.717694143167028
20230710093312800,6.71,6.7,6.717694143167028
20230710093312980,6.71,6.7,6.717694143167028
20230710093313170,6.71,6.7,6.717694143167028
20230710093314700,6.71,6.7,6.717212734556188
20230710093315010,6.71,6.7,6.717212734556188
20230710093315230,6.71,6.7,6.7172018541930045
20230710093315360,6.71,6.7,6.7172018541930045
20230710093315460,6.71,6.7,6.717176520092573
20230710093315570,6.71,6.7,6.717176520092573
20230710093315680,6.71,6.7,6.717176520092573
20230710093317510,6.71,6.7,6.71714045769473
20230710093317580,6.71,6.7,6.71714045769473
20230710093318020,6.71,6.7,6.71714045769473
20230710093318230,6.71,6.7,6.71714045769473
20230710093318320,6.71,6.7,6.71714045769473
20230710093318330,6.71,6.7,6.71714045769473
20230710093320270,6.71,6.7,6.71714045769473
20230710093320460,6.71,6.7,6.71714045769473
20230710093320470,6.71,6.7,6.71714045769473
20230710093322900,6.71,6.7,6.71714045769473
20230710093322960,6.71,6.7,6.71714045769473
20230710093322970,6.71,6.7,6.717072203672788
20230710093323070,6.71,6.7,6.717072203672788
20230710093323170,6.71,6.7,6.717072203672788
20230710093323340,6.71,6.7,6.717072203672788
20230710093325700,6.71,6.7,6.717072203672788
20230710093325810,6.71,6.7,6.717072203672788
20230710093325830,6.71,6.7,6.717072203672788
20230710093326000,6.71,6.7,6.717072203672788
20230710093326690,6.71,6.7,6.717072203672788
20230710093328190,6.71,6.7,6.717072203672788
20230710093328330,6.71,6.7,6.717072203672788
20230710093328480,6.71,6.7,6.717072203672788
20230710093328510,6.71,6.7,6.717072203672788
20230710093328830,6.71,6.7,6.717072203672788
20230710093329150,6.71,6.7,6.717072203672788
20230710093329160,6.71,6.7,6.717072203672788
20230710093329180,6.71,6.7,6.717072203672788
20230710093329280,6.71,6.7,6.717072203672788
20230710093331200,6.71,6.7,6.717072203672788
20230710093331240,6.71,6.7,6.717072203672788
20230710093331280,6.71,6.7,6.717072203672788
20230710093331320,6.71,6.7,6.717072203672788
20230710093331460,6.71,6.7,6.717072203672788
20230710093331720,6.71,6.7,6.7170186721991705
20230710093331860,6.71,6.7,6.7170186721991705
20230710093331910,6.71,6.7,6.716878600823045
20230710093333710,6.71,6.7,6.716878600823045
20230710093333990,6.71,6.7,6.716878600823045
20230710093334150,6.71,6.7,6.716875128574367
20230710093334180,6.71,6.7,6.716875128574367
20230710093334260,6.71,6.7,6.716833572747794
20230710093334440,6.71,6.7,6.716833572747794
20230710093334760,6.71,6.7,6.716833572747794
20230710093337160,6.71,6.7,6.716833572747794
20230710093337230,6.71,6.7,6.716833572747794
20230710093342000,6.71,6.7,6.716833572747794
20230710093344520,6.71,6.7,6.716833572747794
20230710093344820,6.71,6.7,6.716827968013122
20230710093347120,6.71,6.7,6.716827968013122
20230710093347450,6.71,6.7,6.716827968013122
20230710093347800,6.71,6.7,6.716827968013122
20230710093348180,6.71,6.7,6.716827968013122
20230710093348210,6.71,6.7,6.716827968013122
20230710093350210,6.71,6.7,6.716827968013122
20230710093350770,6.71,6.7,6.716827968013122
20230710093350780,6.71,6.7,6.716827968013122
20230710093350910,6.71,6.7,6.716827968013122
20230710093351020,6.71,6.7,6.716827968013122
20230710093353250,6.71,6.7,6.716827968013122
20230710093353370,6.71,6.7,6.716827968013122
20230710093353460,6.71,6.7,6.716827968013122
20230710093353590,6.71,6.7,6.716827968013122
20230710093355780,6.71,6.7,6.716827968013122
20230710093355960,6.71,6.7,6.716827968013122
20230710093356000,6.71,6.7,6.716827968013122
20230710093356130,6.71,6.7,6.716827968013122
20230710093356140,6.71,6.7,6.716827968013122
20230710093356210,6.71,6.7,6.716827968013122
20230710093357900,6.71,6.7,6.716827968013122
20230710093358040,6.71,6.7,6.716827968013122
20230710093358080,6.71,6.7,6.716827968013122
20230710093358130,6.71,6.7,6.716827968013122
20230710093358170,6.71,6.7,6.716827968013122
20230710093358180,6.71,6.7,6.716827968013122
20230710093358250,6.71,6.7,6.716827968013122
20230710093358780,6.71,6.7,6.716827968013122
20230710093401100,6.71,6.7,6.716827968013122
20230710093401170,6.71,6.7,6.716827968013122
20230710093401320,6.71,6.7,6.716827968013122
20230710093401390,6.71,6.7,6.716827968013122
20230710093401400,6.71,6.7,6.716827968013122
20230710093401560,6.71,6.7,6.716827968013122
20230710093403710,6.71,6.7,6.716827968013122
20230710093403750,6.71,6.7,6.716827968013122
20230710093404040,6.71,6.7,6.716827968013122
20230710093404150,6.71,6.7,6.716827968013122
20230710093404240,6.71,6.7,6.716827968013122
20230710093406100,6.71,6.7,6.716827968013122
20230710093406780,6.71,6.7,6.716827968013122
20230710093406990,6.71,6.7,6.716827968013122
20230710093407090,6.71,6.7,6.716827968013122
20230710093407150,6.71,6.7,6.716827968013122
20230710093407160,6.71,6.7,6.716827968013122
20230710093408710,6.71,6.7,6.716827968013122
20230710093408720,6.71,6.7,6.716827968013122
20230710093408730,6.71,6.7,6.716827968013122
20230710093408740,6.71,6.7,6.716827968013122
20230710093408750,6.71,6.7,6.716413427561838
20230710093408760,6.71,6.7,6.716413427561838
20230710093408770,6.71,6.7,6.716413427561838
20230710093408780,6.71,6.7,6.716413427561838
20230710093408800,6.71,6.7,6.716413427561838
20230710093408900,6.71,6.7,6.716380859375
20230710093409320,6.71,6.7,6.716380859375
20230710093409550,6.71,6.7,6.716380859375
20230710093409620,6.71,6.7,6.716380859375
20230710093409700,6.71,6.7,6.716380859375
20230710093411500,6.71,6.7,6.716372147454652
20230710093411610,6.71,6.7,6.716372147454652
20230710093411930,6.71,6.7,6.716372147454652
20230710093412230,6.71,6.7,6.716372147454652
20230710093414130,6.71,6.7,6.716372147454652
20230710093414140,6.71,6.7,6.716372147454652
20230710093414180,6.71,6.7,6.716372147454652
20230710093414280,6.71,6.7,6.716372147454652
20230710093414350,6.71,6.7,6.716372147454652
20230710093415160,6.71,6.7,6.716372147454652
20230710093416910,6.71,6.7,6.716372147454652
20230710093417090,6.71,6.7,6.716204633204633
20230710093417170,6.71,6.7,6.716204633204633
20230710093417270,6.71,6.7,6.716204633204633
20230710093417480,6.71,6.7,6.716204633204633
20230710093417910,6.71,6.7,6.716204633204633
20230710093419600,6.71,6.7,6.71619267822736
20230710093419610,6.71,6.7,6.71619267822736
20230710093420060,6.71,6.7,6.71619267822736
20230710093420180,6.71,6.7,6.71619267822736
20230710093420450,6.71,6.7,6.71619267822736
20230710093422200,6.71,6.7,6.71619267822736
20230710093422290,6.71,6.7,6.71619267822736
20230710093422730,6.71,6.7,6.71619267822736
20230710093422750,6.71,6.7,6.71619267822736
20230710093422790,6.71,6.7,6.71619267822736
20230710093423280,6.71,6.7,6.716189558851859
20230710093425000,6.72,6.7,6.716004485142964
20230710093425010,6.72,6.7,6.716004485142964
20230710093425150,6.72,6.7,6.716004485142964
20230710093425430,6.72,6.7,6.716004485142964
20230710093427770,6.72,6.7,6.715899558498896
20230710093427870,6.72,6.7,6.715899558498896
20230710093428180,6.72,6.7,6.715899558498896
20230710093428240,6.72,6.7,6.715899558498896
20230710093428320,6.72,6.7,6.715867178924259
20230710093428450,6.72,6.7,6.715836214740674
20230710093430300,6.72,6.7,6.715836214740674
20230710093430380,6.72,6.7,6.715836214740674
20230710093430800,6.72,6.7,6.715836214740674
20230710093430830,6.72,6.7,6.715836214740674
20230710093431120,6.72,6.7,6.715836214740674
20230710093431190,6.72,6.71,6.715836214740674
20230710093431230,6.72,6.71,6.715836214740674
20230710093431440,6.72,6.71,6.715836214740674
20230710093431500,6.72,6.71,6.715836214740674
20230710093435860,6.72,6.71,6.715836214740674
20230710093435900,6.72,6.71,6.715836214740674
20230710093436040,6.72,6.71,6.715836214740674
20230710093436060,6.72,6.71,6.715836214740674
20230710093436300,6.72,6.71,6.715836214740674
20230710093436340,6.72,6.71,6.715836214740674
20230710093436610,6.72,6.71,6.715836214740674
20230710093438460,6.72,6.71,6.715836214740674
20230710093438690,6.72,6.71,6.715836214740674
20230710093438880,6.72,6.71,6.715836214740674
20230710093438910,6.72,6.71,6.715836214740674
20230710093441650,6.72,6.71,6.715836214740674
20230710093441760,6.72,6.71,6.715836214740674
20230710093442090,6.72,6.71,6.715836214740674
20230710093442240,6.72,6.71,6.715836214740674
20230710093442280,6.72,6.71,6.715836214740674
20230710093444040,6.72,6.71,6.715836214740674
20230710093444070,6.72,6.71,6.715836214740674
20230710093444230,6.72,6.71,6.715836214740674
20230710093447590,6.72,6.71,6.715836214740674
20230710093449370,6.72,6.71,6.715836214740674
20230710093449380,6.72,6.71,6.715836214740674
20230710093449440,6.72,6.71,6.715836214740674
20230710093449490,6.72,6.71,6.715836214740674
20230710093449610,6.72,6.71,6.715836214740674
20230710093449940,6.72,6.71,6.715836214740674
20230710093450120,6.72,6.71,6.715836214740674
20230710093450130,6.72,6.71,6.715836214740674
20230710093450160,6.72,6.71,6.715836214740674
20230710093450170,6.72,6.71,6.715836214740674
20230710093450180,6.72,6.71,6.715836214740674
20230710093450200,6.72,6.71,6.715836214740674
20230710093450240,6.72,6.71,6.715836214740674
20230710093451920,6.72,6.71,6.715836214740674
20230710093452060,6.72,6.71,6.715836214740674
20230710093452080,6.72,6.71,6.715836214740674
20230710093452110,6.72,6.71,6.715836214740674
20230710093452430,6.72,6.71,6.715836214740674
20230710093452630,6.72,6.71,6.715836214740674
20230710093453100,6.72,6.71,6.715836214740674
20230710093455080,6.72,6.71,6.715836214740674
20230710093455160,6.72,6.71,6.715836214740674
20230710093455180,6.72,6.71,6.715836214740674
20230710093455370,6.72,6.71,6.715836214740674
20230710093455650,6.72,6.71,6.715836214740674
20230710093457300,6.72,6.71,6.715836214740674
20230710093457490,6.72,6.71,6.715836214740674
20230710093458170,6.72,6.71,6.715836214740674
20230710093458340,6.72,6.71,6.715836214740674
20230710093458440,6.72,6.71,6.715836214740674
20230710093500180,6.72,6.71,6.715836214740674
20230710093500370,6.72,6.71,6.715836214740674
20230710093500400,6.72,6.71,6.715836214740674
20230710093500800,6.72,6.71,6.715836214740674
20230710093501010,6.72,6.71,6.715836214740674
20230710093501110,6.72,6.71,6.715836214740674
20230710093501180,6.72,6.71,6.715836214740674
20230710093501190,6.72,6.71,6.715836214740674
20230710093503270,6.72,6.71,6.715836214740674
20230710093503480,6.72,6.71,6.715836214740674
20230710093503930,6.72,6.71,6.715836214740674
20230710093505430,6.72,6.71,6.715836214740674
20230710093505820,6.72,6.71,6.715836214740674
20230710093506040,6.72,6.71,6.715836214740674
20230710093506150,6.72,6.71,6.715836214740674
20230710093506160,6.72,6.71,6.715836214740674
20230710093506590,6.72,6.71,6.715836214740674
20230710093508160,6.72,6.71,6.715836214740674
20230710093508170,6.72,6.71,6.715836214740674
20230710093509130,6.72,6.71,6.715836214740674
20230710093509270,6.72,6.71,6.715836214740674
20230710093509280,6.72,6.71,6.715836214740674
20230710093509310,6.72,6.71,6.715836214740674
20230710093510830,6.72,6.71,6.715836214740674
20230710093510900,6.72,6.71,6.715836214740674
20230710093511100,6.72,6.71,6.7156977747110576
20230710093511360,6.72,6.71,6.7156977747110576
20230710093511380,6.72,6.71,6.7156977747110576
20230710093511550,6.72,6.71,6.7157707308801085
20230710093511820,6.72,6.71,6.7157707308801085
20230710093511840,6.72,6.71,6.715789295964883
20230710093513580,6.72,6.71,6.715789295964883
20230710093513740,6.72,6.71,6.715789295964883
20230710093514000,6.72,6.71,6.715789295964883
20230710093514110,6.72,6.71,6.71580346626283
20230710093514230,6.72,6.71,6.71580346626283
20230710093514430,6.72,6.71,6.71580346626283
20230710093514670,6.72,6.71,6.71580346626283
20230710093516250,6.72,6.71,6.71580346626283
20230710093516300,6.72,6.71,6.7158140315542125
20230710093516340,6.72,6.71,6.7158140315542125
20230710093516350,6.72,6.71,6.7158140315542125
20230710093516760,6.72,6.71,6.7158140315542125
20230710093517160,6.72,6.71,6.7158140315542125
20230710093519200,6.72,6.71,6.715816993464053
20230710093521720,6.72,6.71,6.715816993464053
20230710093522610,6.72,6.71,6.715816993464053
20230710093522660,6.72,6.71,6.715816993464053
20230710093524520,6.72,6.71,6.715845539280958
20230710093524770,6.72,6.71,6.715845539280958
20230710093524910,6.72,6.71,6.715845539280958
20230710093525020,6.72,6.71,6.715845539280958
20230710093525110,6.72,6.71,6.715845539280958
20230710093525170,6.72,6.71,6.715845539280958
20230710093525520,6.72,6.71,6.715845539280958
20230710093527070,6.72,6.71,6.715845539280958
20230710093527290,6.72,6.71,6.715845539280958
20230710093527480,6.72,6.71,6.715845539280958
20230710093529680,6.72,6.71,6.715845539280958
20230710093529950,6.72,6.71,6.715845539280958
20230710093529990,6.72,6.71,6.715845539280958
20230710093530300,6.72,6.71,6.715845539280958
20230710093530340,6.72,6.71,6.71585155732273
20230710093530360,6.72,6.71,6.71585155732273
20230710093530410,6.72,6.71,6.71585155732273
20230710093530610,6.72,6.71,6.71585155732273
20230710093530890,6.72,6.71,6.71585155732273
20230710093530930,6.72,6.71,6.71585155732273
20230710093532490,6.72,6.71,6.71585155732273
20230710093532720,6.72,6.71,6.71585155732273
20230710093532770,6.72,6.71,6.715858418789282
20230710093532980,6.72,6.71,6.715925805401888
20230710093533600,6.72,6.71,6.715925805401888
20230710093535210,6.72,6.71,6.715925805401888
20230710093535810,6.72,6.71,6.715925805401888
20230710093538340,6.72,6.71,6.715925805401888
20230710093538400,6.72,6.71,6.715925805401888
20230710093538480,6.72,6.71,6.715925805401888
20230710093540480,6.72,6.71,6.715925805401888
20230710093540550,6.72,6.71,6.715925805401888
20230710093540690,6.72,6.71,6.715925805401888
20230710093541160,6.72,6.71,6.715925805401888
20230710093541280,6.72,6.71,6.715925805401888
20230710093541290,6.72,6.71,6.715925805401888
20230710093541420,6.72,6.71,6.715925805401888
20230710093543200,6.72,6.71,6.715925805401888
20230710093543210,6.72,6.71,6.715875906526994
20230710093543220,6.72,6.71,6.715885852090032
20230710093543270,6.72,6.71,6.715885852090032
20230710093543390,6.72,6.71,6.715889156626506
20230710093543690,6.72,6.71,6.715889156626506
20230710093544180,6.72,6.71,6.71588629830725
20230710093544390,6.72,6.71,6.71588629830725
20230710093546070,6.72,6.71,6.71588629830725
20230710093546110,6.72,6.71,6.71588629830725
20230710093546610,6.72,6.71,6.71588629830725
20230710093546690,6.72,6.71,6.71588629830725
20230710093548900,6.72,6.71,6.71588629830725
20230710093549110,6.72,6.71,6.71588629830725
20230710093549210,6.72,6.71,6.715873570520966
20230710093549250,6.72,6.71,6.71587422582182
20230710093549450,6.72,6.71,6.71587422582182
20230710093549590,6.72,6.71,6.71587422582182
20230710093549690,6.72,6.71,6.71587422582182
20230710093549700,6.72,6.71,6.71587422582182
20230710093551310,6.72,6.71,6.71587422582182
20230710093552390,6.72,6.71,6.71587422582182
20230710093554720,6.72,6.71,6.71587422582182
20230710093554730,6.72,6.71,6.715888556587439
20230710093554990,6.72,6.71,6.715888556587439
20230710093555140,6.72,6.71,6.715888556587439
20230710093555170,6.72,6.71,6.715891143621205
20230710093555220,6.72,6.71,6.715892435917597
20230710093557510,6.72,6.71,6.715892435917597
20230710093600170,6.72,6.71,6.715892435917597
20230710093600510,6.72,6.71,6.715892435917597
20230710093602390,6.72,6.71,6.71589824120603
20230710093602670,6.72,6.71,6.71589824120603
20230710093602710,6.72,6.71,6.715904030108201
20230710093602940,6.72,6.71,6.715904030108201
20230710093603110,6.72,6.71,6.715904030108201
20230710093605160,6.72,6.71,6.715904030108201
20230710093605680,6.72,6.71,6.715904030108201
20230710093605940,6.72,6.71,6.715904030108201
20230710093607690,6.72,6.71,6.715904030108201
20230710093607700,6.72,6.71,6.715904030108201
20230710093608480,6.72,6.71,6.715904030108201
20230710093610690,6.72,6.71,6.715904030108201
20230710093611340,6.72,6.71,6.715904030108201
20230710093611390,6.72,6.71,6.715904030108201
20230710093612870,6.72,6.71,6.71589819890368
20230710093613130,6.72,6.71,6.71589819890368
20230710093613140,6.72,6.71,6.71589819890368
20230710093613150,6.72,6.71,6.715870344397693
20230710093613160,6.72,6.71,6.715874202086253
20230710093613200,6.72,6.71,6.715874844333748
20230710093613580,6.72,6.71,6.715874844333748
20230710093613690,6.72,6.71,6.715874844333748
20230710093616050,6.72,6.71,6.715874844333748
20230710093616070,6.72,6.71,6.715852977667494
20230710093616080,6.72,6.71,6.715852977667494
20230710093616090,6.72,6.71,6.715852977667494
20230710093616100,6.72,6.71,6.715852977667494
20230710093616110,6.72,6.71,6.715852977667494
20230710093616130,6.72,6.71,6.715852977667494
20230710093616140,6.72,6.71,6.715852977667494
20230710093616170,6.72,6.71,6.715852977667494
20230710093616190,6.72,6.71,6.715852977667494
20230710093616690,6.72,6.71,6.715710394916024
20230710093616700,6.72,6.71,6.715708667372561
20230710093616710,6.72,6.71,6.715717735849057
20230710093616750,6.72,6.71,6.715717735849057
20230710093618380,6.72,6.71,6.715717735849057
20230710093618970,6.72,6.71,6.715717735849057
20230710093619080,6.72,6.71,6.715710839740691
20230710093619100,6.72,6.71,6.715710839740691
20230710093619110,6.72,6.71,6.715710839740691
20230710093619150,6.72,6.71,6.715710839740691
20230710093619160,6.72,6.71,6.715710839740691
20230710093619170,6.72,6.71,6.715710839740691
20230710093619210,6.72,6.71,6.71570847763891
20230710093619260,6.72,6.71,6.715718149038461
20230710093621050,6.72,6.71,6.715718149038461
20230710093621060,6.72,6.71,6.715718149038461
20230710093621080,6.72,6.71,6.715718149038461
20230710093621100,6.72,6.71,6.715718149038461
20230710093621170,6.72,6.71,6.715718149038461
20230710093621180,6.72,6.71,6.715718149038461
20230710093621730,6.72,6.71,6.715718149038461
20230710093621740,6.72,6.71,6.715718149038461
20230710093621860,6.72,6.71,6.715718149038461
20230710093621890,6.72,6.71,6.715718149038461
20230710093621930,6.72,6.71,6.715628512274475
20230710093622070,6.72,6.71,6.715626016260162
20230710093622080,6.72,6.71,6.715626016260162
20230710093622100,6.72,6.71,6.715626016260162
20230710093622130,6.72,6.71,6.715626016260162
20230710093623840,6.72,6.71,6.715626016260162
20230710093624280,6.72,6.71,6.715626016260162
20230710093624800,6.72,6.71,6.715559450774174
20230710093626460,6.72,6.71,6.715559450774174
20230710093626470,6.71,6.71,6.715559450774174
20230710093626650,6.71,6.71,6.715559450774174
20230710093626820,6.71,6.71,6.715559450774174
20230710093627130,6.71,6.71,6.715559450774174
20230710093627450,6.71,6.71,6.715559450774174
20230710093627510,6.71,6.71,6.715559450774174
20230710093627570,6.71,6.71,6.715559450774174
20230710093629390,6.71,6.71,6.715559450774174
20230710093629970,6.71,6.71,6.715535350596451
20230710093629980,6.71,6.71,6.715535350596451
20230710093630120,6.71,6.71,6.715535350596451
20230710093630270,6.71,6.71,6.715535350596451
20230710093631910,6.71,6.71,6.715535350596451
20230710093632250,6.71,6.71,6.715533090909091
20230710093632900,6.71,6.71,6.715533090909091
20230710093632940,6.71,6.71,6.715533090909091
20230710093632980,6.71,6.71,6.715533090909091
20230710093633000,6.71,6.71,6.715533090909091
20230710093634700,6.71,6.7,6.715358837911693
20230710093634920,6.71,6.7,6.715358837911693
20230710093635010,6.71,6.7,6.715358837911693
20230710093635030,6.72,6.7,6.715358837911693
20230710093635100,6.72,6.7,6.715358837911693
20230710093635120,6.71,6.7,6.715358837911693
20230710093635170,6.71,6.7,6.715358837911693
20230710093635180,6.71,6.7,6.715358837911693
20230710093635190,6.71,6.7,6.715358837911693
20230710093635220,6.71,6.7,6.715358837911693
20230710093635280,6.71,6.7,6.715358837911693
20230710093635290,6.71,6.7,6.715358837911693
20230710093635340,6.71,6.7,6.715358837911693
20230710093637170,6.71,6.7,6.715358837911693
20230710093637270,6.71,6.7,6.71509842519685
20230710093637340,6.71,6.7,6.71509842519685
20230710093637380,6.71,6.7,6.71509842519685
20230710093637390,6.71,6.7,6.71509842519685
20230710093637690,6.71,6.7,6.71509842519685
20230710093637700,6.71,6.7,6.7149409476170625
20230710093637730,6.72,6.7,6.714896637265711
20230710093640130,6.71,6.7,6.714896637265711
20230710093640140,6.71,6.7,6.714896637265711
20230710093640150,6.71,6.7,6.714896637265711
20230710093640270,6.71,6.7,6.714896637265711
20230710093640500,6.71,6.7,6.714896637265711
20230710093640540,6.71,6.7,6.714896637265711
20230710093640700,6.71,6.7,6.714896637265711
20230710093642990,6.71,6.7,6.714896637265711
20230710093643090,6.71,6.7,6.714896637265711
20230710093643100,6.71,6.7,6.714896637265711
20230710093643110,6.71,6.7,6.714896637265711
20230710093643170,6.71,6.7,6.714896637265711
20230710093643420,6.71,6.7,6.714896637265711
20230710093643780,6.71,6.7,6.714896637265711
20230710093645270,6.71,6.7,6.714896637265711
20230710093645450,6.71,6.7,6.714896637265711
20230710093645580,6.71,6.7,6.714896637265711
20230710093646120,6.71,6.7,6.714896637265711
20230710093648870,6.71,6.7,6.714896637265711
20230710093649190,6.71,6.7,6.714896637265711
20230710093649200,6.71,6.7,6.714896637265711
20230710093650790,6.71,6.7,6.714896637265711
20230710093651800,6.71,6.7,6.714847861842105
20230710093653860,6.71,6.7,6.714847861842105
20230710093654280,6.71,6.7,6.714847861842105
20230710093656050,6.71,6.7,6.714847861842105
20230710093656060,6.71,6.7,6.714847861842105
20230710093656130,6.71,6.7,6.714847861842105
20230710093657070,6.71,6.7,6.714847861842105
20230710093657080,6.71,6.7,6.714847861842105
20230710093657090,6.71,6.7,6.714847861842105
20230710093657100,6.71,6.7,6.714847861842105
20230710093657110,6.71,6.7,6.714847861842105
20230710093657140,6.71,6.7,6.714847861842105
20230710093659000,6.71,6.7,6.714847861842105
20230710093659070,6.71,6.7,6.714847861842105
20230710093659920,6.71,6.7,6.714847861842105
20230710093701520,6.71,6.7,6.714847861842105
20230710093701690,6.71,6.7,6.7148072717331875
20230710093701730,6.71,6.7,6.7148072717331875
20230710093702040,6.71,6.7,6.7148072717331875
20230710093702110,6.71,6.7,6.7148072717331875
20230710093702120,6.71,6.7,6.7148072717331875
20230710093702570,6.71,6.7,6.7148072717331875
20230710093702650,6.71,6.7,6.7148072717331875
20230710093704380,6.71,6.7,6.7148072717331875
20230710093704620,6.71,6.7,6.7148072717331875
20230710093704690,6.71,6.7,6.7148072717331875
20230710093705120,6.71,6.7,6.7148072717331875
20230710093705170,6.71,6.7,6.7148072717331875
20230710093707040,6.71,6.7,6.714802622592542
20230710093707080,6.71,6.7,6.714784447476125
20230710093707150,6.71,6.7,6.714784447476125
20230710093707370,6.71,6.7,6.714784447476125
20230710093707390,6.71,6.7,6.714784447476125
20230710093707700,6.71,6.7,6.714784447476125
20230710093707710,6.71,6.7,6.714621089536138
20230710093709760,6.71,6.7,6.714621089536138
20230710093709950,6.71,6.7,6.714621089536138
20230710093710060,6.71,6.7,6.714621089536138
20230710093710100,6.71,6.7,6.714621089536138
20230710093710120,6.71,6.7,6.714621089536138
20230710093710130,6.71,6.7,6.714621089536138
20230710093710280,6.71,6.7,6.714621089536138
20230710093710290,6.71,6.7,6.714621089536138
20230710093710450,6.71,6.7,6.714621089536138
20230710093710690,6.71,6.7,6.714432921154102
20230710093712370,6.71,6.7,6.714432921154102
20230710093712720,6.71,6.7,6.714432921154102
20230710093712770,6.71,6.7,6.714432921154102
20230710093713140,6.71,6.7,6.714432921154102
20230710093713210,6.71,6.7,6.714432921154102
20230710093713350,6.71,6.7,6.714432921154102
20230710093713370,6.71,6.7,6.714432921154102
20230710093713400,6.71,6.7,6.714432921154102
20230710093714970,6.71,6.7,6.714432921154102
20230710093715060,6.71,6.7,6.714421597240648
20230710093715380,6.71,6.7,6.714287028518859
20230710093715420,6.71,6.7,6.714287028518859
20230710093715660,6.71,6.7,6.714287028518859
20230710093715840,6.71,6.7,6.714287028518859
20230710093715890,6.71,6.7,6.714287028518859
20230710093716030,6.71,6.7,6.714287028518859
20230710093716090,6.71,6.7,6.714287028518859
20230710093716130,6.71,6.7,6.714287028518859
20230710093717940,6.71,6.7,6.714287028518859
20230710093718120,6.71,6.7,6.714287028518859
20230710093718300,6.71,6.7,6.714287028518859
20230710093718480,6.71,6.7,6.714193211488251
20230710093718520,6.71,6.7,6.714193211488251
20230710093718690,6.71,6.7,6.714160621761658
20230710093720670,6.71,6.7,6.714160621761658
20230710093721080,6.71,6.7,6.714160621761658
20230710093721210,6.71,6.7,6.714149624644059
20230710093723090,6.71,6.7,6.714149624644059
20230710093723130,6.71,6.7,6.714149624644059
20230710093723320,6.71,6.7,6.714149624644059
20230710093723610,6.71,6.7,6.714149624644059
20230710093723670,6.71,6.7,6.714149624644059
20230710093724210,6.71,6.7,6.714149624644059
20230710093724240,6.71,6.7,6.714149624644059
20230710093725840,6.71,6.7,6.714149624644059
20230710093726060,6.71,6.7,6.714149624644059
20230710093726150,6.71,6.7,6.714149624644059
20230710093726220,6.71,6.7,6.714149624644059
20230710093726580,6.71,6.7,6.714149624644059
20230710093728550,6.71,6.7,6.714026173979985
20230710093728560,6.71,6.7,6.714022575679836
20230710093728690,6.71,6.7,6.714008200922604
20230710093729160,6.71,6.7,6.714004611837049
20230710093729250,6.71,6.7,6.714004611837049
20230710093731170,6.71,6.7,6.713999231655782
20230710093731200,6.71,6.7,6.713975965226285
20230710093731250,6.71,6.7,6.713975965226285
20230710093731360,6.71,6.7,6.713975965226285
20230710093731370,6.71,6.7,6.713975965226285
20230710093731690,6.71,6.7,6.713915034342406
20230710093732070,6.71,6.7,6.713915034342406
20230710093732150,6.71,6.7,6.713915034342406
20230710093734070,6.71,6.7,6.713909726637
20230710093734080,6.71,6.7,6.7138691683569975
20230710093734090,6.71,6.7,6.7138656527249685
20230710093734130,6.71,6.7,6.713856871437619
20230710093734330,6.71,6.7,6.713856871437619
20230710093734370,6.71,6.7,6.713856871437619
20230710093734690,6.71,6.7,6.7137983616887205
20230710093736560,6.71,6.7,6.7137983616887205
20230710093736750,6.71,6.7,6.7137983616887205
20230710093736840,6.71,6.7,6.7137983616887205
20230710093737070,6.71,6.7,6.713784464308196
20230710093737110,6.71,6.7,6.713784464308196
20230710093737130,6.71,6.7,6.713782729103726
20230710093737140,6.71,6.7,6.713776408450705
20230710093737160,6.71,6.7,6.713776408450705
20230710093737320,6.71,6.7,6.713776408450705
20230710093737460,6.71,6.7,6.713776408450705
20230710093737690,6.71,6.7,6.713736677115987
20230710093739480,6.71,6.7,6.713729790700589
20230710093739490,6.71,6.7,6.713729790700589
20230710093739620,6.71,6.7,6.713729790700589
20230710093739740,6.71,6.7,6.713729790700589
20230710093739750,6.71,6.7,6.713729790700589
20230710093739960,6.71,6.7,6.713729790700589
20230710093740100,6.71,6.7,6.713729790700589
20230710093740370,6.71,6.7,6.713729790700589
20230710093742070,6.71,6.7,6.713715751282372
20230710093742310,6.71,6.7,6.713708890834063
20230710093742950,6.71,6.7,6.713708890834063
20230710093743100,6.71,6.7,6.713708890834063
20230710093743120,6.71,6.7,6.713708890834063
20230710093743160,6.71,6.7,6.713708890834063
20230710093744660,6.71,6.7,6.713708890834063
20230710093745010,6.71,6.7,6.713708890834063
20230710093745070,6.71,6.7,6.713707176794198
20230710093747480,6.71,6.7,6.713707176794198
20230710093747490,6.71,6.7,6.713707176794198
20230710093750310,6.71,6.7,6.713707176794198
20230710093750680,6.71,6.7,6.713707176794198
20230710093753080,6.71,6.7,6.713707176794198
20230710093753450,6.71,6.7,6.713707176794198
20230710093753470,6.71,6.7,6.71368545772013
20230710093753750,6.71,6.7,6.71368545772013
20230710093755600,6.71,6.7,6.71368545772013
20230710093755700,6.71,6.7,6.713680339109836
20230710093755740,6.71,6.7,6.713680339109836
20230710093755760,6.71,6.7,6.713680339109836
20230710093755840,6.71,6.7,6.713680339109836
20230710093756410,6.71,6.7,6.713680339109836
20230710093758370,6.71,6.7,6.713680339109836
20230710093758420,6.71,6.7,6.713680339109836
20230710093758460,6.71,6.7,6.713680339109836
20230710093758470,6.71,6.7,6.713680339109836
20230710093758660,6.71,6.7,6.713680339109836
20230710093758700,6.71,6.7,6.713680339109836
20230710093759280,6.71,6.7,6.713680339109836
20230710093759350,6.71,6.7,6.713680339109836
20230710093801140,6.71,6.7,6.713680339109836
20230710093801190,6.71,6.7,6.713680339109836
20230710093801250,6.71,6.7,6.713680339109836
20230710093801700,6.71,6.7,6.713680339109836
20230710093803740,6.71,6.7,6.713538328814395
20230710093804130,6.71,6.7,6.713538328814395
20230710093804340,6.71,6.7,6.713538328814395
20230710093804700,6.71,6.7,6.713538328814395
20230710093806500,6.71,6.7,6.713538328814395
20230710093807110,6.71,6.7,6.713538328814395
20230710093807210,6.71,6.7,6.713538328814395
20230710093810000,6.71,6.7,6.713538328814395
20230710093810120,6.71,6.7,6.713538328814395
20230710093812200,6.71,6.7,6.713508901166359
20230710093812210,6.71,6.7,6.713508901166359
20230710093812730,6.71,6.7,6.713508901166359
20230710093814440,6.71,6.7,6.713508901166359
20230710093814480,6.71,6.7,6.713508901166359
20230710093814790,6.71,6.7,6.713447480267153
20230710093815020,6.71,6.7,6.713447480267153
20230710093817050,6.71,6.7,6.713447480267153
20230710093817100,6.71,6.7,6.713447480267153
20230710093817110,6.71,6.7,6.713447480267153
20230710093817120,6.71,6.7,6.713447480267153
20230710093817300,6.71,6.7,6.713447480267153
20230710093817370,6.71,6.7,6.713447480267153
20230710093817890,6.71,6.7,6.713447480267153
20230710093817960,6.71,6.7,6.713447480267153
20230710093820360,6.71,6.7,6.713447480267153
20230710093820370,6.71,6.7,6.713447480267153
20230710093820640,6.71,6.7,6.713447480267153
20230710093822500,6.71,6.7,6.713447480267153
20230710093822690,6.71,6.7,6.713447480267153
20230710093822770,6.71,6.7,6.713281362437035
20230710093822780,6.71,6.7,6.713244827173783
20230710093823030,6.71,6.7,6.713243243243244
20230710093823370,6.71,6.7,6.713240076518412
20230710093823460,6.71,6.7,6.713237367100705
20230710093825150,6.71,6.7,6.713237367100705
20230710093825170,6.71,6.7,6.713237367100705
20230710093825180,6.71,6.7,6.713237367100705
20230710093825230,6.71,6.7,6.713237367100705
20230710093825550,6.71,6.7,6.711792061296158
20230710093825560,6.71,6.7,6.71143432050356
20230710093825570,6.7,6.7,6.711399033021294
20230710093825580,6.71,6.7,6.711380301941049
20230710093825590,6.71,6.7,6.711380301941049
20230710093825600,6.71,6.7,6.711380301941049
20230710093825610,6.71,6.7,6.711380301941049
20230710093825620,6.71,6.7,6.711380301941049
20230710093825630,6.71,6.7,6.711380301941049
20230710093825660,6.7,6.7,6.711372126436782
20230710093825670,6.7,6.7,6.711349994878623
20230710093825680,6.7,6.7,6.711325633687653
20230710093825690,6.7,6.7,6.711303682546159
20230710093825700,6.7,6.7,6.711301376848547
20230710093825710,6.7,6.7,6.711300224352438
20230710093825720,6.7,6.7,6.711300224352438
20230710093825890,6.7,6.7,6.711287562391769
20230710093825920,6.7,6.7,6.711287562391769
20230710093825990,6.7,6.7,6.711284114052953
20230710093826370,6.7,6.7,6.7112680496237545
20230710093828080,6.7,6.7,6.711228087952174
20230710093828120,6.7,6.7,6.711228087952174
20230710093828130,6.7,6.7,6.711228087952174
20230710093828180,6.7,6.7,6.711228087952174
20230710093828190,6.7,6.7,6.711228087952174
20230710093828200,6.7,6.7,6.711228087952174
20230710093828270,6.7,6.7,6.711228087952174
20230710093828280,6.7,6.69,6.711179559684912
20230710093828330,6.7,6.69,6.711179559684912
20230710093828570,6.7,6.69,6.711179559684912
20230710093828690,6.7,6.69,6.711179559684912
20230710093828730,6.7,6.69,6.711179559684912
20230710093828830,6.7,6.69,6.711179559684912
20230710093829030,6.7,6.69,6.711179559684912
20230710093829090,6.7,6.69,6.711179559684912
20230710093829100,6.7,6.69,6.711179559684912
20230710093830570,6.7,6.69,6.711179559684912
20230710093830650,6.7,6.69,6.711179559684912
20230710093830750,6.7,6.69,6.711179559684912
20230710093830760,6.7,6.69,6.711087849343885
20230710093830840,6.7,6.69,6.71108008008008
20230710093830920,6.7,6.69,6.71108008008008
20230710093831010,6.7,6.69,6.71108008008008
20230710093831090,6.7,6.69,6.71108008008008
20230710093831120,6.7,6.69,6.71108008008008
20230710093831190,6.7,6.69,6.71108008008008
20230710093831200,6.7,6.69,6.71108008008008
20230710093831220,6.7,6.69,6.71108008008008
20230710093831350,6.7,6.69,6.71108008008008
20230710093831400,6.7,6.69,6.71108008008008
20230710093831480,6.7,6.69,6.711074537268634
20230710093831520,6.7,6.69,6.711074537268634
20230710093831690,6.7,6.69,6.711074537268634
20230710093831710,6.7,6.69,6.711074537268634
20230710093831740,6.7,6.69,6.711074537268634
20230710093831790,6.7,6.69,6.711074537268634
20230710093833850,6.7,6.69,6.711074537268634
20230710093833930,6.7,6.69,6.711074537268634
20230710093834080,6.7,6.69,6.711074537268634
20230710093834090,6.7,6.69,6.711074537268634
20230710093834120,6.7,6.69,6.711074537268634
20230710093834370,6.7,6.69,6.711074537268634
20230710093834430,6.7,6.69,6.711074537268634
20230710093836080,6.7,6.69,6.711074537268634
20230710093836370,6.7,6.69,6.711074537268634
20230710093836510,6.7,6.69,6.711074537268634
20230710093836600,6.7,6.69,6.711074537268634
20230710093837120,6.7,6.69,6.711074537268634
20230710093837150,6.7,6.69,6.711074537268634
20230710093837170,6.7,6.69,6.710913962488836
20230710093837210,6.7,6.69,6.710913962488836
20230710093838760,6.7,6.69,6.710913962488836
20230710093838950,6.7,6.69,6.710913962488836
20230710093839040,6.7,6.69,6.710913962488836
20230710093841690,6.7,6.69,6.710913962488836
20230710093841990,6.7,6.69,6.710913962488836
20230710093842080,6.7,6.69,6.710913962488836
20230710093842310,6.7,6.69,6.71088657751362
20230710093842580,6.7,6.69,6.71088657751362
20230710093844350,6.7,6.69,6.71088657751362
20230710093844470,6.7,6.69,6.71088657751362
20230710093845070,6.7,6.69,6.71088657751362
20230710093846780,6.7,6.69,6.71088657751362
20230710093847480,6.7,6.69,6.710864063272368
20230710093847910,6.7,6.69,6.710864063272368
20230710093849690,6.7,6.69,6.710864063272368
20230710093849840,6.7,6.69,6.710864063272368
20230710093849880,6.7,6.69,6.710864063272368
20230710093849890,6.7,6.69,6.710864063272368
20230710093850050,6.7,6.69,6.710770818995182
20230710093850300,6.7,6.69,6.710770818995182
20230710093852170,6.7,6.69,6.710770818995182
20230710093852290,6.7,6.69,6.710770818995182
20230710093852560,6.7,6.69,6.710770818995182
20230710093852700,6.7,6.69,6.710705674801529
20230710093852780,6.7,6.69,6.710705674801529
20230710093852790,6.7,6.69,6.710705674801529
20230710093852940,6.7,6.69,6.71061475409836
20230710093852950,6.7,6.69,6.71061475409836
20230710093854850,6.7,6.69,6.71061475409836
20230710093855070,6.7,6.69,6.71061475409836
20230710093855100,6.7,6.69,6.71061475409836
20230710093855210,6.7,6.69,6.71061475409836
20230710093855560,6.7,6.69,6.710599239988308
20230710093855630,6.7,6.69,6.710599239988308
20230710093855690,6.7,6.69,6.710599239988308
20230710093855830,6.7,6.69,6.710599239988308
20230710093856100,6.7,6.69,6.710599239988308
20230710093857580,6.7,6.69,6.710599239988308
20230710093857630,6.7,6.69,6.710599239988308
20230710093858040,6.7,6.69,6.710599239988308
20230710093858100,6.7,6.69,6.710599239988308
20230710093858290,6.7,6.69,6.710599239988308
20230710093858690,6.7,6.69,6.710599239988308
20230710093858730,6.7,6.69,6.710599239988308
20230710093900580,6.7,6.69,6.710599239988308
20230710093900890,6.7,6.69,6.710599239988308
20230710093901110,6.7,6.69,6.710599239988308
20230710093902970,6.7,6.69,6.710599239988308
20230710093902980,6.7,6.69,6.710599239988308
20230710093903480,6.7,6.69,6.710599239988308
20230710093904080,6.7,6.69,6.710599239988308
20230710093904100,6.7,6.69,6.710599239988308
20230710093905820,6.7,6.69,6.710599239988308
20230710093906840,6.7,6.69,6.710599239988308
20230710093908610,6.7,6.69,6.710599239988308
20230710093908640,6.7,6.69,6.710599239988308
20230710093908660,6.7,6.69,6.710599239988308
20230710093908910,6.7,6.69,6.710599239988308
20230710093911130,6.7,6.69,6.710599239988308
20230710093911140,6.7,6.69,6.710599239988308
20230710093911540,6.7,6.69,6.710599239988308
20230710093911820,6.7,6.69,6.710599239988308
20230710093911890,6.7,6.69,6.710599239988308
20230710093912040,6.7,6.69,6.710599239988308
20230710093914050,6.7,6.69,6.710599239988308
20230710093916530,6.7,6.69,6.710581191588785
20230710093916700,6.7,6.69,6.710575182481752
20230710093917120,6.7,6.69,6.710547785547786
20230710093919220,6.7,6.69,6.710547785547786
20230710093919570,6.7,6.69,6.710547785547786
20230710093919700,6.7,6.69,6.710547785547786
20230710093919760,6.7,6.69,6.710547785547786
20230710093920290,6.7,6.69,6.710547785547786
20230710093922700,6.7,6.69,6.710547785547786
20230710093922760,6.7,6.69,6.710517692680562
20230710093922870,6.7,6.69,6.710517692680562
20230710093924820,6.7,6.69,6.710517692680562
20230710093925100,6.7,6.69,6.710517692680562
20230710093925240,6.7,6.69,6.710517692680562
20230710093925680,6.7,6.69,6.710517692680562
20230710093925700,6.7,6.69,6.710517692680562
20230710093927450,6.7,6.69,6.7105105599689985
20230710093927540,6.7,6.69,6.7105105599689985
20230710093927920,6.7,6.69,6.7105105599689985
20230710093928070,6.7,6.69,6.7105105599689985
20230710093928100,6.7,6.69,6.7105105599689985
20230710093928340,6.7,6.69,6.7105105599689985
20230710093928490,6.7,6.69,6.7105105599689985
20230710093930280,6.7,6.69,6.7105105599689985
20230710093930460,6.7,6.69,6.7105105599689985
20230710093930630,6.7,6.69,6.7105105599689985
20230710093930640,6.7,6.69,6.7105105599689985
20230710093931080,6.7,6.69,6.7105105599689985
20230710093932820,6.7,6.69,6.7105105599689985
20230710093932930,6.7,6.69,6.7105105599689985
20230710093932950,6.7,6.69,6.7105105599689985
20230710093933010,6.7,6.69,6.710459992269038
20230710093933140,6.7,6.69,6.710459992269038
20230710093935430,6.7,6.69,6.710459992269038
20230710093935500,6.7,6.69,6.710419479267117
20230710093938710,6.7,6.69,6.7104114472923495
20230710093938950,6.7,6.69,6.7104114472923495
20230710093941040,6.7,6.69,6.7104114472923495
20230710093941600,6.7,6.69,6.7104114472923495
20230710093943700,6.7,6.69,6.7104114472923495
20230710093943760,6.7,6.69,6.7104114472923495
20230710093944300,6.7,6.69,6.7104114472923495
20230710093944430,6.7,6.69,6.7104114472923495
20230710093946180,6.7,6.69,6.7104114472923495
20230710093946270,6.7,6.69,6.7104114472923495
20230710093946410,6.7,6.69,6.7104114472923495
20230710093946700,6.7,6.69,6.7104114472923495
20230710093947290,6.7,6.69,6.7104114472923495
20230710093947320,6.7,6.69,6.7104114472923495
20230710093949100,6.7,6.69,6.7104114472923495
20230710093949160,6.7,6.69,6.7104114472923495
20230710093949170,6.7,6.69,6.7104114472923495
20230710093949260,6.7,6.69,6.7104114472923495
20230710093949700,6.7,6.69,6.7104114472923495
20230710093949890,6.7,6.69,6.7104114472923495
20230710093952140,6.7,6.69,6.7104114472923495
20230710093952200,6.7,6.69,6.7104114472923495
20230710093952210,6.7,6.69,6.7104114472923495
20230710093952690,6.7,6.69,6.7104114472923495
20230710093954510,6.7,6.69,6.7104114472923495
20230710093954720,6.7,6.69,6.710337909186906
20230710093955340,6.7,6.69,6.710337909186906
20230710093957920,6.7,6.69,6.710337909186906
20230710093958000,6.7,6.69,6.710337909186906
20230710093959830,6.7,6.69,6.710337909186906
20230710093959890,6.7,6.69,6.710337909186906
20230710094000040,6.7,6.69,6.710337909186906
20230710094000060,6.7,6.69,6.710337909186906
20230710094000240,6.7,6.69,6.710312559923298
20230710094000250,6.7,6.69,6.710312559923298
20230710094000270,6.7,6.69,6.710304772857964
20230710094000300,6.7,6.69,6.710298936475999
20230710094000320,6.7,6.69,6.710293103448276
20230710094000480,6.7,6.69,6.710293103448276
20230710094000600,6.7,6.69,6.710293103448276
20230710094000630,6.7,6.69,6.710293103448276
20230710094002360,6.7,6.69,6.710293103448276
20230710094002380,6.7,6.69,6.710293103448276
20230710094002680,6.7,6.69,6.710293103448276
20230710094003090,6.7,6.69,6.710293103448276
20230710094003180,6.7,6.69,6.710293103448276
20230710094003250,6.7,6.69,6.7102822696392685
20230710094003500,6.7,6.69,6.7102822696392685
20230710094003570,6.7,6.69,6.7102822696392685
20230710094005150,6.7,6.69,6.7102822696392685
20230710094005250,6.7,6.69,6.7102822696392685
20230710094005480,6.7,6.69,6.710281285878301
20230710094005580,6.7,6.69,6.710281285878301
20230710094006030,6.7,6.69,6.710281285878301
20230710094007980,6.7,6.69,6.710281285878301
20230710094008100,6.7,6.69,6.710281285878301
20230710094008150,6.7,6.69,6.710281285878301
20230710094008220,6.7,6.69,6.710281285878301
20230710094008380,6.7,6.69,6.710281285878301
20230710094008490,6.7,6.69,6.710281285878301
20230710094008900,6.7,6.69,6.710281285878301
20230710094010550,6.7,6.69,6.710281285878301
20230710094010690,6.7,6.69,6.710083372809096
20230710094010700,6.7,6.69,6.710083372809096
20230710094010710,6.7,6.69,6.710075764750449
20230710094010740,6.7,6.69,6.710071962882303
20230710094010750,6.7,6.69,6.710068162453848
20230710094010820,6.7,6.69,6.710068162453848
20230710094011050,6.7,6.69,6.710068162453848
20230710094011060,6.7,6.69,6.7100586676760035
20230710094011080,6.7,6.69,6.71004918187837
20230710094011110,6.7,6.69,6.71004918187837
20230710094011150,6.7,6.69,6.71004918187837
20230710094011160,6.7,6.69,6.71003213003213
20230710094013140,6.7,6.69,6.710026452527161
20230710094013150,6.7,6.69,6.710026452527161
20230710094013370,6.7,6.69,6.710020772353885
20230710094013610,6.7,6.69,6.710020772353885
20230710094013690,6.7,6.69,6.709928571428572
20230710094013700,6.7,6.69,6.709928571428572
20230710094013740,6.7,6.69,6.70990612091626
20230710094013830,6.7,6.69,6.70990612091626
20230710094014060,6.7,6.69,6.70990612091626
20230710094015920,6.7,6.69,6.70990612091626
20230710094016090,6.7,6.69,6.70990612091626
20230710094016120,6.7,6.69,6.709861423220974
20230710094016350,6.7,6.69,6.709861423220974
20230710094016420,6.7,6.69,6.709861423220974
20230710094016560,6.7,6.69,6.709861423220974
20230710094016700,6.7,6.69,6.709805788982259
20230710094018640,6.7,6.69,6.709805788982259
20230710094019080,6.7,6.69,6.7098020911127705
20230710094019090,6.7,6.69,6.7098020911127705
20230710094019370,6.7,6.69,6.709797517962116
20230710094019380,6.7,6.69,6.709797517962116
20230710094019690,6.7,6.69,6.7097314375987365
20230710094021230,6.7,6.69,6.709714948932219
20230710094021290,6.7,6.69,6.7095695852534565
20230710094021340,6.7,6.69,6.709567781771265
20230710094021370,6.7,6.69,6.709567781771265
20230710094021390,6.7,6.69,6.709567781771265
20230710094021500,6.7,6.69,6.7095317818048015
20230710094021760,6.7,6.69,6.7095317818048015
20230710094021930,6.7,6.69,6.7095317818048015
20230710094022090,6.7,6.69,6.709513831449315
20230710094022250,6.7,6.69,6.709513831449315
20230710094022280,6.7,6.69,6.709513831449315
20230710094022470,6.7,6.69,6.709513831449315
20230710094022480,6.7,6.69,6.709513831449315
20230710094023930,6.7,6.69,6.709513831449315
20230710094024160,6.7,6.69,6.709433461468058
20230710094024170,6.7,6.69,6.709429904831625
20230710094024540,6.7,6.69,6.709429904831625
20230710094024800,6.7,6.69,6.709429904831625
20230710094024890,6.7,6.69,6.709429904831625
20230710094025080,6.7,6.69,6.709323807790317
20230710094025090,6.7,6.69,6.709323807790317
20230710094025160,6.7,6.69,6.709323807790317
20230710094026850,6.7,6.69,6.709300190857039
20230710094027110,6.7,6.69,6.709300190857039
20230710094027320,6.7,6.69,6.709300190857039
20230710094027370,6.7,6.69,6.709300190857039
20230710094027380,6.7,6.69,6.709251201160367
20230710094027390,6.7,6.69,6.709251201160367
20230710094027420,6.7,6.69,6.709251201160367
20230710094027760,6.7,6.69,6.709251201160367
20230710094029500,6.7,6.69,6.70923028162637
20230710094029640,6.7,6.69,6.708991235914863
20230710094029650,6.7,6.69,6.708729934732757
20230710094029660,6.7,6.69,6.708729934732757
20230710094029670,6.7,6.69,6.708678863576392
20230710094029680,6.7,6.69,6.70850470547229
20230710094029720,6.69,6.69,6.70850470547229
20230710094029730,6.69,6.69,6.708503093142808
20230710094029740,6.69,6.69,6.708352778497969
20230710094029760,6.69,6.69,6.708351192533702
20230710094029780,6.69,6.69,6.7083385146804835
20230710094029790,6.69,6.69,6.708336931180382
20230710094029950,6.69,6.69,6.708128734847191
20230710094029960,6.69,6.69,6.707028305669152
20230710094029970,6.69,6.69,6.707028305669152
20230710094029980,6.69,6.69,6.707028305669152
20230710094030010,6.69,6.69,6.707028305669152
20230710094030020,6.69,6.69,6.707028305669152
20230710094030030,6.69,6.69,6.707028305669152
20230710094030040,6.69,6.68,6.707028305669152
20230710094030050,6.69,6.68,6.707028305669152
20230710094030060,6.69,6.68,6.707028305669152
20230710094030070,6.69,6.68,6.707028305669152
20230710094030080,6.69,6.68,6.707028305669152
20230710094030100,6.69,6.68,6.707028305669152
20230710094030260,6.69,6.68,6.707028305669152
20230710094030280,6.69,6.68,6.706070682855154
20230710094030290,6.69,6.68,6.7060686668728735
20230710094030310,6.69,6.68,6.7060686668728735
20230710094030350,6.69,6.68,6.7060686668728735
20230710094030370,6.69,6.68,6.705988300492611
20230710094030380,6.69,6.68,6.705988300492611
20230710094030590,6.69,6.68,6.705988300492611
20230710094032150,6.69,6.68,6.705988300492611
20230710094032160,6.69,6.68,6.705988300492611
20230710094032200,6.69,6.68,6.705978302685235
20230710094032220,6.69,6.68,6.705966315465662
20230710094032370,6.69,6.68,6.705966315465662
20230710094032520,6.69,6.68,6.705966315465662
20230710094033000,6.69,6.68,6.705966315465662
20230710094033110,6.69,6.68,6.705966315465662
20230710094033130,6.69,6.68,6.705966315465662
20230710094033230,6.69,6.68,6.705930785758134
20230710094034920,6.69,6.68,6.705930785758134
20230710094035360,6.69,6.68,6.705930785758134
20230710094035570,6.69,6.68,6.705930785758134
20230710094035670,6.69,6.68,6.705930785758134
20230710094037700,6.69,6.68,6.705477231604343
20230710094038000,6.69,6.68,6.705477231604343
20230710094038130,6.69,6.68,6.705477231604343
20230710094038140,6.69,6.68,6.705477231604343
20230710094038520,6.69,6.68,6.705477231604343
20230710094038530,6.69,6.68,6.705477231604343
20230710094040150,6.69,6.68,6.705477231604343
20230710094040370,6.69,6.68,6.705477231604343
20230710094040390,6.69,6.68,6.705477231604343
20230710094040700,6.69,6.67,6.705294161676647
20230710094040710,6.69,6.67,6.705290375692262
20230710094041010,6.69,6.67,6.705275243081526
20230710094041040,6.69,6.67,6.7052714627580015
20230710094041070,6.69,6.67,6.70526201689467
20230710094041220,6.69,6.67,6.70526201689467
20230710094042940,6.69,6.68,6.70526201689467
20230710094042980,6.69,6.68,6.705256352765321
20230710094043000,6.69,6.68,6.705256352765321
20230710094043150,6.69,6.68,6.705256352765321
20230710094043200,6.69,6.68,6.705256352765321
20230710094043220,6.69,6.68,6.705256352765321
20230710094043240,6.69,6.68,6.705256352765321
20230710094043610,6.69,6.68,6.705256352765321
20230710094043700,6.69,6.67,6.705154831025755
20230710094043730,6.69,6.67,6.705137928470518
20230710094044090,6.69,6.68,6.705137928470518
20230710094044100,6.69,6.68,6.705137928470518
20230710094045640,6.69,6.68,6.705137928470518
20230710094045670,6.69,6.67,6.70510619337591
20230710094045730,6.69,6.67,6.705083840332393
20230710094045740,6.69,6.67,6.705083840332393
20230710094045770,6.69,6.67,6.705083840332393
20230710094045830,6.69,6.67,6.7050448181346765
20230710094046080,6.69,6.67,6.705031837701762
20230710094046090,6.69,6.67,6.7050281314776425
20230710094046100,6.69,6.68,6.7050281314776425
20230710094046130,6.69,6.68,6.7050281314776425
20230710094046140,6.69,6.68,6.7050281314776425
20230710094046530,6.69,6.68,6.7050281314776425
20230710094046700,6.69,6.68,6.7050281314776425
20230710094048370,6.69,6.68,6.7050281314776425
20230710094048390,6.69,6.68,6.7050281314776425
20230710094048470,6.69,6.68,6.7050281314776425
20230710094048690,6.69,6.68,6.7050281314776425
20230710094048980,6.69,6.67,6.7050281314776425
20230710094049090,6.69,6.67,6.7050281314776425
20230710094049100,6.69,6.67,6.7050281314776425
20230710094049130,6.69,6.68,6.7050281314776425
20230710094049150,6.69,6.68,6.704809708880252
20230710094049340,6.69,6.68,6.704809708880252
20230710094051110,6.69,6.68,6.704809708880252
20230710094051130,6.69,6.68,6.704809708880252
20230710094051380,6.69,6.68,6.704809708880252
20230710094051490,6.69,6.68,6.704809708880252
20230710094051580,6.69,6.68,6.704809708880252
20230710094051690,6.69,6.68,6.704809708880252
20230710094051790,6.69,6.68,6.704809708880252
20230710094051930,6.69,6.68,6.704809708880252
20230710094052030,6.69,6.68,6.704809708880252
20230710094052100,6.69,6.68,6.70476974888352
20230710094054110,6.69,6.68,6.70476974888352
20230710094054130,6.69,6.68,6.70476974888352
20230710094054260,6.69,6.68,6.70476974888352
20230710094054270,6.69,6.68,6.70476974888352
20230710094056930,6.69,6.68,6.70476974888352
20230710094057160,6.69,6.68,6.70476974888352
20230710094057370,6.69,6.68,6.70476974888352
20230710094057380,6.69,6.68,6.70476974888352
20230710094059360,6.69,6.68,6.70476974888352
20230710094059390,6.69,6.68,6.70476974888352
20230710094059760,6.69,6.68,6.70476974888352
20230710094100210,6.68,6.68,6.70476974888352
20230710094100220,6.68,6.68,6.70476974888352
20230710094101910,6.68,6.68,6.70476974888352
20230710094102030,6.68,6.68,6.70476974888352
20230710094102160,6.68,6.68,6.70476974888352
20230710094102240,6.68,6.68,6.70476974888352
20230710094102260,6.68,6.68,6.70476974888352
20230710094102480,6.68,6.68,6.70476974888352
20230710094102560,6.68,6.68,6.70476974888352
20230710094102930,6.68,6.68,6.70476974888352
20230710094102980,6.68,6.68,6.70476974888352
20230710094104460,6.68,6.68,6.70476974888352
20230710094104580,6.68,6.68,6.70476974888352
20230710094104700,6.68,6.68,6.70476974888352
20230710094105100,6.68,6.68,6.70476974888352
20230710094105160,6.68,6.68,6.70476974888352
20230710094105200,6.68,6.68,6.70476974888352
20230710094105370,6.68,6.68,6.70476974888352
20230710094105500,6.68,6.68,6.70476974888352
20230710094107180,6.68,6.68,6.70476974888352
20230710094107520,6.68,6.68,6.70476974888352
20230710094107690,6.68,6.68,6.70476974888352
20230710094107860,6.68,6.68,6.70476974888352
20230710094107880,6.68,6.68,6.70476974888352
20230710094108360,6.68,6.68,6.70476974888352
20230710094109970,6.68,6.68,6.70476974888352
20230710094110080,6.68,6.68,6.70476974888352
20230710094110260,6.68,6.68,6.704532781529078
20230710094110310,6.68,6.68,6.704516760992599
20230710094110350,6.68,6.68,6.704516760992599
20230710094110380,6.68,6.68,6.704516760992599
20230710094110450,6.68,6.68,6.704516760992599
20230710094110700,6.68,6.68,6.704516760992599
20230710094110810,6.68,6.68,6.704516760992599
20230710094111030,6.68,6.68,6.704516760992599
20230710094111070,6.68,6.68,6.704516760992599
20230710094112650,6.68,6.67,6.7042755241732115
20230710094113110,6.68,6.67,6.7042755241732115
20230710094113120,6.68,6.67,6.7042436672423715
20230710094113150,6.68,6.67,6.7042436672423715
20230710094113470,6.68,6.67,6.7042436672423715
20230710094113620,6.68,6.67,6.7042436672423715
20230710094113640,6.68,6.67,6.704238434419742
20230710094113700,6.68,6.67,6.704238434419742
20230710094113730,6.68,6.67,6.704238434419742
20230710094115260,6.68,6.67,6.704238434419742
20230710094115270,6.68,6.67,6.704238434419742
20230710094115570,6.68,6.67,6.704238434419742
20230710094116120,6.68,6.67,6.704238434419742
20230710094118620,6.68,6.67,6.704238434419742
20230710094118640,6.68,6.67,6.704238434419742
20230710094118850,6.68,6.67,6.704238434419742
20230710094118930,6.68,6.67,6.704238434419742
20230710094119090,6.68,6.67,6.704238434419742
20230710094119110,6.68,6.67,6.704238434419742
20230710094119140,6.68,6.67,6.704238434419742
20230710094121050,6.68,6.67,6.704238434419742
20230710094121120,6.68,6.67,6.704238434419742
20230710094121440,6.68,6.67,6.704238434419742
20230710094121580,6.68,6.67,6.704238434419742
20230710094121730,6.68,6.67,6.704238434419742
20230710094123500,6.68,6.67,6.704238434419742
20230710094123510,6.68,6.67,6.704238434419742
20230710094123520,6.68,6.67,6.704238434419742
20230710094126350,6.68,6.67,6.704238434419742
20230710094126730,6.68,6.67,6.704238434419742
20230710094127190,6.68,6.67,6.704238434419742
20230710094128740,6.68,6.67,6.704238434419742
20230710094129150,6.68,6.67,6.704238434419742
20230710094129410,6.68,6.67,6.704238434419742
20230710094129580,6.68,6.67,6.704238434419742
20230710094129610,6.68,6.67,6.704238434419742
20230710094129670,6.68,6.67,6.704238434419742
20230710094129770,6.68,6.67,6.704238434419742
20230710094129820,6.68,6.67,6.704238434419742
20230710094131520,6.68,6.67,6.704238434419742
20230710094131710,6.68,6.67,6.704238434419742
20230710094131850,6.68,6.67,6.704238434419742
20230710094132210,6.68,6.67,6.704238434419742
20230710094132320,6.68,6.67,6.704238434419742
20230710094132370,6.68,6.67,6.704238434419742
20230710094132640,6.68,6.67,6.704238434419742
20230710094134170,6.68,6.67,6.704238434419742
20230710094134330,6.68,6.67,6.704238434419742
20230710094134760,6.68,6.67,6.70377856635912
20230710094137120,6.68,6.67,6.70377856635912
20230710094137150,6.68,6.67,6.703771375860356
20230710094137240,6.68,6.67,6.703771375860356
20230710094140000,6.68,6.67,6.703768002837886
20230710094140120,6.68,6.67,6.703768002837886
20230710094140150,6.68,6.67,6.703768002837886
20230710094140360,6.68,6.67,6.703768002837886
20230710094140690,6.68,6.67,6.703768002837886
20230710094140700,6.68,6.67,6.703752836074872
20230710094142610,6.68,6.67,6.703752836074872
20230710094142980,6.68,6.67,6.703751152073733
20230710094143000,6.68,6.67,6.703751152073733
20230710094143050,6.68,6.67,6.703751152073733
20230710094143080,6.68,6.67,6.703751152073733
20230710094143110,6.68,6.67,6.703751152073733
20230710094143150,6.68,6.67,6.703751152073733
20230710094145980,6.68,6.67,6.703751152073733
20230710094146100,6.68,6.67,6.703751152073733
20230710094148110,6.68,6.67,6.703751152073733
20230710094148160,6.68,6.67,6.703751152073733
20230710094148210,6.68,6.67,6.703751152073733
20230710094148870,6.68,6.67,6.703751152073733
20230710094150380,6.68,6.67,6.703751152073733
20230710094151260,6.68,6.67,6.703751152073733
20230710094151570,6.68,6.67,6.703751152073733
20230710094153170,6.68,6.67,6.703751152073733
20230710094153370,6.68,6.67,6.703751152073733
20230710094153610,6.68,6.67,6.703751152073733
20230710094153860,6.68,6.67,6.703751152073733
20230710094153890,6.68,6.67,6.703751152073733
20230710094153940,6.68,6.67,6.703751152073733
20230710094153990,6.68,6.67,6.703556072460703
20230710094154120,6.68,6.67,6.703556072460703
20230710094155770,6.68,6.67,6.703556072460703
20230710094155780,6.68,6.67,6.703556072460703
20230710094156060,6.68,6.67,6.703556072460703
20230710094156210,6.68,6.67,6.7035418868456285
20230710094156870,6.68,6.67,6.703536911806142
20230710094156980,6.68,6.67,6.703536911806142
20230710094158700,6.68,6.67,6.703536911806142
20230710094158760,6.68,6.67,6.703536911806142
20230710094159170,6.68,6.67,6.703536911806142
20230710094159410,6.68,6.67,6.703536911806142
20230710094159440,6.68,6.67,6.703536911806142
20230710094201120,6.68,6.67,6.703536911806142
20230710094201130,6.68,6.67,6.703536911806142
20230710094201220,6.68,6.67,6.703536911806142
20230710094201370,6.68,6.68,6.703536911806142
20230710094201700,6.68,6.67,6.703536911806142
20230710094201870,6.68,6.68,6.703536911806142
20230710094201920,6.68,6.68,6.703536911806142
20230710094201990,6.68,6.68,6.703536911806142
20230710094202020,6.68,6.68,6.70284074605452
20230710094202100,6.68,6.68,6.70284074605452
20230710094203830,6.68,6.68,6.70284074605452
20230710094203940,6.68,6.68,6.70284074605452
20230710094204580,6.68,6.68,6.70284074605452
20230710094204650,6.68,6.68,6.70284074605452
20230710094204700,6.68,6.67,6.70284074605452
20230710094204790,6.68,6.67,6.70284074605452
20230710094204900,6.68,6.67,6.70284074605452
20230710094204910,6.68,6.67,6.70284074605452
20230710094204920,6.68,6.67,6.70284074605452
20230710094204930,6.68,6.67,6.70284074605452
20230710094204940,6.68,6.67,6.70284074605452
20230710094204990,6.68,6.68,6.70284074605452
20230710094205000,6.68,6.67,6.70284074605452
20230710094205010,6.68,6.67,6.70284074605452
20230710094205050,6.68,6.67,6.70284074605452
20230710094205060,6.68,6.67,6.70284074605452
20230710094205070,6.68,6.67,6.70284074605452
20230710094206850,6.68,6.67,6.70284074605452
20230710094206870,6.68,6.67,6.70284074605452
20230710094207000,6.68,6.67,6.70284074605452
20230710094207080,6.68,6.67,6.70284074605452
20230710094207090,6.68,6.67,6.70284074605452
20230710094207100,6.68,6.67,6.70284074605452
20230710094207110,6.68,6.67,6.70284074605452
20230710094207140,6.68,6.67,6.702158278145696
20230710094207160,6.68,6.67,6.702155343663091
20230710094207210,6.68,6.67,6.702152409957627
20230710094207230,6.68,6.67,6.702124578456655
20230710094207290,6.68,6.67,6.7020002631925255
20230710094207320,6.68,6.67,6.7020002631925255
20230710094207370,6.68,6.68,6.7020002631925255
20230710094207400,6.68,6.68,6.7020002631925255
20230710094207410,6.68,6.68,6.7020002631925255
20230710094207490,6.68,6.68,6.7020002631925255
20230710094207510,6.68,6.68,6.7020002631925255
20230710094207560,6.68,6.68,6.7020002631925255
20230710094207700,6.68,6.68,6.7018993974325385
20230710094209370,6.68,6.68,6.7018993974325385
20230710094210010,6.68,6.68,6.70187802643633
20230710094210090,6.68,6.68,6.70187802643633
20230710094210130,6.68,6.68,6.70187802643633
20230710094210360,6.68,6.68,6.70187802643633
20230710094210380,6.68,6.68,6.70187802643633
20230710094212310,6.68,6.68,6.70187802643633
20230710094212430,6.68,6.68,6.70187802643633
20230710094212730,6.68,6.68,6.70187802643633
20230710094213050,6.68,6.68,6.70187802643633
20230710094214740,6.68,6.68,6.70187802643633
20230710094214830,6.68,6.68,6.70187802643633
20230710094214920,6.68,6.68,6.70187802643633
20230710094215260,6.68,6.68,6.70187802643633
20230710094215530,6.68,6.67,6.70187802643633
20230710094215700,6.68,6.67,6.70187802643633
20230710094215790,6.68,6.67,6.70187802643633
20230710094215850,6.68,6.67,6.70187802643633
20230710094217330,6.68,6.67,6.70187802643633
20230710094217340,6.68,6.67,6.70187802643633
20230710094217480,6.68,6.67,6.70187802643633
20230710094217560,6.68,6.67,6.70187802643633
20230710094218120,6.68,6.67,6.70187802643633
20230710094218320,6.68,6.67,6.70187802643633
20230710094220140,6.68,6.67,6.70187802643633
20230710094220680,6.68,6.67,6.70187802643633
20230710094220740,6.68,6.67,6.70187802643633
20230710094220930,6.68,6.67,6.70187802643633
20230710094223200,6.68,6.67,6.70187802643633
20230710094223290,6.68,6.67,6.70187802643633
20230710094223860,6.68,6.67,6.701644502108336
20230710094225700,6.68,6.67,6.701644502108336
20230710094226110,6.68,6.67,6.701644502108336
20230710094226270,6.68,6.67,6.701633274978928
20230710094226530,6.68,6.67,6.701633274978928
20230710094228300,6.68,6.67,6.701633274978928
20230710094228350,6.68,6.67,6.701633274978928
20230710094228600,6.68,6.67,6.701633274978928
20230710094228690,6.68,6.67,6.701633274978928
20230710094229110,6.68,6.67,6.701633274978928
20230710094230890,6.68,6.67,6.701633274978928
20230710094231100,6.68,6.67,6.701633274978928
20230710094231560,6.68,6.67,6.701633274978928
20230710094231600,6.68,6.67,6.701633274978928
20230710094232080,6.68,6.67,6.701633274978928
20230710094234180,6.68,6.67,6.701633274978928
20230710094234280,6.68,6.67,6.701633274978928
20230710094234360,6.68,6.67,6.701633274978928
20230710094234690,6.68,6.67,6.701633274978928
20230710094234760,6.68,6.67,6.701633274978928
20230710094236420,6.68,6.67,6.701633274978928
20230710094236610,6.68,6.67,6.701633274978928
20230710094237100,6.68,6.67,6.701633274978928
20230710094237450,6.68,6.67,6.701633274978928
20230710094239620,6.68,6.67,6.701633274978928
20230710094239690,6.68,6.67,6.701633274978928
20230710094240150,6.68,6.67,6.701633274978928
20230710094241630,6.68,6.67,6.701633274978928
20230710094241760,6.68,6.67,6.701633274978928
20230710094242120,6.68,6.67,6.701633274978928
20230710094242230,6.68,6.67,6.701633274978928
20230710094242660,6.68,6.67,6.701633274978928
20230710094244900,6.68,6.67,6.701633274978928
20230710094245580,6.68,6.67,6.701633274978928
20230710094247460,6.68,6.67,6.701633274978928
20230710094247600,6.68,6.67,6.701633274978928
20230710094247710,6.68,6.67,6.701633274978928
20230710094248030,6.68,6.67,6.701633274978928
20230710094249820,6.68,6.67,6.701633274978928
20230710094250060,6.68,6.67,6.701408405518126
20230710094250850,6.68,6.67,6.701408405518126
20230710094250930,6.68,6.67,6.701408405518126
20230710094252480,6.68,6.67,6.701370916079436
20230710094255690,6.68,6.67,6.701370916079436
20230710094256140,6.68,6.67,6.701370916079436
20230710094256270,6.68,6.67,6.701370916079436
20230710094258090,6.68,6.67,6.701369547114214
20230710094300590,6.68,6.67,6.701286370597243
20230710094300880,6.68,6.67,6.701286370597243
20230710094301070,6.68,6.67,6.701286370597243
20230710094301080,6.68,6.67,6.701286370597243
20230710094301340,6.68,6.67,6.701286370597243
20230710094301580,6.68,6.67,6.701286370597243
20230710094303440,6.68,6.67,6.701286370597243
20230710094303880,6.68,6.67,6.701286370597243
20230710094303900,6.68,6.67,6.701286370597243
20230710094303980,6.68,6.67,6.701286370597243
20230710094304070,6.68,6.67,6.701286370597243
20230710094304210,6.68,6.67,6.701286370597243
20230710094306150,6.68,6.67,6.701286370597243
20230710094306300,6.68,6.67,6.701286370597243
20230710094306400,6.68,6.67,6.70114470431641
20230710094309170,6.68,6.67,6.70114470431641
20230710094309350,6.68,6.67,6.70114470431641
20230710094309420,6.68,6.67,6.70114470431641
20230710094311400,6.68,6.67,6.70114470431641
20230710094311650,6.68,6.67,6.70114470431641
20230710094314080,6.68,6.67,6.70114470431641
20230710094314680,6.68,6.67,6.70114470431641
20230710094314990,6.68,6.67,6.70114470431641
20230710094315150,6.68,6.67,6.70114470431641
20230710094317130,6.68,6.67,6.70114470431641
20230710094317270,6.68,6.67,6.70114470431641
20230710094317320,6.68,6.67,6.70114470431641
20230710094317370,6.68,6.67,6.70114470431641
20230710094317480,6.68,6.67,6.700851905329902
20230710094317560,6.68,6.67,6.700851905329902
20230710094317660,6.68,6.67,6.700851905329902
20230710094319480,6.68,6.67,6.700851905329902
20230710094319500,6.68,6.67,6.700851905329902
20230710094319640,6.68,6.67,6.700851905329902
20230710094319700,6.68,6.67,6.700851905329902
20230710094320090,6.68,6.67,6.700851905329902
20230710094320100,6.68,6.67,6.700851905329902
20230710094320350,6.68,6.67,6.700836993349228
20230710094320370,6.68,6.67,6.700836993349228
20230710094322240,6.68,6.67,6.700836993349228
20230710094322700,6.68,6.67,6.700836993349228
20230710094322850,6.68,6.67,6.700823927765237
20230710094325700,6.68,6.67,6.700823927765237
20230710094327890,6.68,6.67,6.700823927765237
20230710094328240,6.68,6.67,6.700694167497508
20230710094328660,6.68,6.67,6.700694167497508
20230710094330440,6.68,6.67,6.700694167497508
20230710094330950,6.68,6.67,6.700694167497508
20230710094332990,6.68,6.67,6.700694167497508
20230710094333170,6.68,6.67,6.700694167497508
20230710094333200,6.68,6.67,6.700694167497508
20230710094333240,6.68,6.67,6.700694167497508
20230710094333310,6.68,6.67,6.700694167497508
20230710094333510,6.68,6.67,6.700685853111568
20230710094334070,6.68,6.67,6.700685853111568
20230710094334090,6.68,6.67,6.700685853111568
20230710094335920,6.68,6.67,6.700685853111568
20230710094336010,6.68,6.67,6.700685853111568
20230710094336120,6.68,6.67,6.700685853111568
20230710094336150,6.68,6.67,6.700685853111568
20230710094338310,6.68,6.67,6.700678831662203
20230710094338680,6.68,6.67,6.700678831662203
20230710094338700,6.68,6.67,6.700678831662203
20230710094338960,6.68,6.67,6.700678831662203
20230710094339420,6.68,6.67,6.700678831662203
20230710094341470,6.68,6.67,6.700678831662203
20230710094341930,6.68,6.67,6.700678831662203
20230710094342050,6.68,6.67,6.700678831662203
20230710094342110,6.68,6.67,6.700678831662203
20230710094342270,6.68,6.67,6.700678831662203
20230710094343770,6.68,6.67,6.700678831662203
20230710094343780,6.68,6.67,6.700678831662203
20230710094343790,6.68,6.67,6.700678831662203
20230710094344220,6.68,6.67,6.700678831662203
20230710094344330,6.68,6.67,6.700678831662203
20230710094344520,6.68,6.67,6.700678831662203
20230710094344770,6.68,6.67,6.700678831662203
20230710094344930,6.68,6.67,6.700678831662203
20230710094346410,6.68,6.67,6.700678831662203
20230710094346600,6.68,6.67,6.700678831662203
20230710094346810,6.68,6.67,6.700678831662203
20230710094346870,6.68,6.67,6.700678831662203
20230710094347040,6.68,6.67,6.700678831662203
20230710094347080,6.68,6.67,6.700678831662203
20230710094347250,6.68,6.67,6.700678831662203
20230710094349240,6.68,6.67,6.700678831662203
20230710094349350,6.68,6.67,6.700678831662203
20230710094349730,6.68,6.67,6.700678831662203
20230710094350220,6.68,6.67,6.700678831662203
20230710094350300,6.68,6.67,6.700678831662203
20230710094351930,6.68,6.67,6.700678831662203
20230710094352080,6.68,6.67,6.700678831662203
20230710094352100,6.68,6.67,6.700354570637119
20230710094352110,6.68,6.67,6.700354570637119
20230710094352160,6.68,6.67,6.700354570637119
20230710094352170,6.68,6.67,6.700354570637119
20230710094352220,6.68,6.67,6.700354570637119
20230710094352430,6.68,6.67,6.700354570637119
20230710094352610,6.68,6.67,6.700354570637119
20230710094352800,6.68,6.67,6.700354570637119
20230710094353010,6.68,6.67,6.700354570637119
20230710094354530,6.68,6.67,6.700354570637119
20230710094355100,6.68,6.67,6.700354570637119
20230710094355140,6.68,6.67,6.700354570637119
20230710094355220,6.68,6.67,6.700354570637119
20230710094355240,6.68,6.67,6.700354570637119
20230710094355520,6.68,6.67,6.700354570637119
20230710094358110,6.68,6.67,6.700354570637119
20230710094358210,6.68,6.67,6.700354570637119
20230710094400050,6.68,6.67,6.700354570637119
20230710094400120,6.68,6.67,6.700354570637119
20230710094400990,6.68,6.67,6.700354570637119
20230710094401070,6.68,6.67,6.700334583922751
20230710094402620,6.68,6.67,6.700334583922751
20230710094402780,6.68,6.67,6.700334583922751
20230710094403210,6.68,6.67,6.700334583922751
20230710094403870,6.68,6.67,6.700334583922751
20230710094405530,6.68,6.67,6.7003271028037386
20230710094405670,6.68,6.67,6.7003271028037386
20230710094405760,6.68,6.67,6.7003271028037386
20230710094405870,6.68,6.67,6.7003271028037386
20230710094406190,6.68,6.67,6.700322739288129
20230710094406270,6.68,6.67,6.700322739288129
20230710094408260,6.68,6.67,6.700322739288129
20230710094408300,6.68,6.67,6.700322739288129
20230710094408970,6.68,6.67,6.700322739288129
20230710094410900,6.68,6.67,6.700322739288129
20230710094411030,6.68,6.67,6.700322739288129
20230710094411250,6.68,6.67,6.700315246113194
20230710094411860,6.68,6.67,6.700313997787883
20230710094413670,6.68,6.67,6.700313997787883
20230710094413690,6.68,6.67,6.700313997787883
20230710094413960,6.68,6.67,6.700313997787883
20230710094414180,6.68,6.67,6.700313997787883
20230710094416170,6.68,6.67,6.70031025373226
20230710094416350,6.68,6.67,6.70031025373226
20230710094416380,6.68,6.67,6.70031025373226
20230710094416700,6.68,6.67,6.70031025373226
20230710094418820,6.68,6.67,6.70031025373226
20230710094419030,6.68,6.67,6.70031025373226
20230710094419060,6.68,6.67,6.70031025373226
20230710094419080,6.68,6.67,6.70031025373226
20230710094419090,6.68,6.67,6.70031025373226
20230710094419110,6.68,6.67,6.70031025373226
20230710094419120,6.68,6.67,6.70031025373226
20230710094419140,6.68,6.67,6.70031025373226
20230710094419560,6.68,6.67,6.70031025373226
20230710094419650,6.68,6.67,6.70031025373226
20230710094420050,6.68,6.67,6.700024342745862
20230710094420060,6.68,6.67,6.699989666281685
20230710094420070,6.68,6.67,6.69995870779694
20230710094421690,6.67,6.67,6.69995870779694
20230710094421760,6.67,6.67,6.699955069823922
20230710094421910,6.67,6.67,6.699864406779661
20230710094421930,6.67,6.67,6.699862599116276
20230710094421990,6.67,6.67,6.699833706234505
20230710094422030,6.67,6.67,6.699833706234505
20230710094422060,6.67,6.67,6.699551362683438
20230710094422070,6.67,6.67,6.699500119588615
20230710094422080,6.68,6.67,6.699500119588615
20230710094422090,6.68,6.67,6.699500119588615
20230710094422100,6.68,6.67,6.699500119588615
20230710094422120,6.68,6.67,6.699149778434268
20230710094422160,6.68,6.67,6.699149778434268
20230710094422240,6.68,6.67,6.6991411695215595
20230710094422250,6.68,6.67,6.699139448349182
20230710094422260,6.68,6.67,6.6991377273801085
20230710094422270,6.68,6.67,6.6991308455361365
20230710094424480,6.68,6.67,6.699122247801192
20230710094425090,6.68,6.67,6.699117091595845
20230710094425110,6.68,6.67,6.699103350637093
20230710094425220,6.68,6.67,6.699103350637093
20230710094425300,6.68,6.67,6.699103350637093
20230710094426910,6.68,6.67,6.699094339622642
20230710094426960,6.68,6.67,6.699094339622642
20230710094427030,6.68,6.67,6.699094339622642
20230710094427500,6.68,6.67,6.699071849234393
20230710094427510,6.68,6.67,6.699071849234393
20230710094428090,6.68,6.67,6.699068425391591
20230710094428120,6.68,6.67,6.699066713772596
20230710094428130,6.68,6.67,6.699066713772596
20230710094428160,6.68,6.67,6.699066713772596
20230710094430220,6.68,6.67,6.699066713772596
20230710094430300,6.68,6.67,6.699066713772596
20230710094430480,6.68,6.67,6.6989772594068695
20230710094430520,6.68,6.67,6.6989772594068695
20230710094430620,6.68,6.67,6.6989772594068695
20230710094432660,6.68,6.67,6.6989772594068695
20230710094432700,6.68,6.67,6.6989772594068695
20230710094435220,6.68,6.67,6.6989772594068695
20230710094435540,6.68,6.67,6.6989772594068695
20230710094435610,6.68,6.67,6.6989772594068695
20230710094435830,6.68,6.67,6.6989772594068695
20230710094436270,6.68,6.67,6.6989772594068695
20230710094437770,6.68,6.67,6.698922285246477
20230710094438130,6.68,6.67,6.698922285246477
20230710094438920,6.68,6.67,6.698922285246477
20230710094440680,6.68,6.67,6.698922285246477
20230710094440690,6.68,6.67,6.698922285246477
20230710094440700,6.68,6.67,6.698922285246477
20230710094441430,6.68,6.67,6.698922285246477
20230710094443150,6.68,6.67,6.698922285246477
20230710094443510,6.68,6.67,6.698922285246477
20230710094443610,6.68,6.67,6.698922285246477
20230710094443660,6.68,6.67,6.698922285246477
20230710094443700,6.68,6.67,6.698922285246477
20230710094446020,6.68,6.67,6.698922285246477
20230710094446130,6.68,6.67,6.698922285246477
20230710094446580,6.68,6.67,6.698922285246477
20230710094446730,6.68,6.67,6.698922285246477
20230710094447030,6.68,6.67,6.698922285246477
20230710094448990,6.68,6.67,6.698922285246477
20230710094449460,6.68,6.67,6.698922285246477
20230710094449700,6.68,6.67,6.698922285246477
20230710094451330,6.68,6.67,6.698922285246477
20230710094452080,6.68,6.67,6.698922285246477
20230710094454020,6.68,6.67,6.698922285246477
20230710094454220,6.68,6.67,6.698922285246477
20230710094454230,6.68,6.67,6.698922285246477
20230710094454280,6.68,6.67,6.698922285246477
20230710094454380,6.68,6.67,6.698922285246477
20230710094454620,6.68,6.67,6.698922285246477
20230710094456950,6.68,6.67,6.698922285246477
20230710094457070,6.68,6.67,6.698922285246477
20230710094457540,6.68,6.67,6.698922285246477
20230710094457610,6.68,6.67,6.698922285246477
20230710094457710,6.68,6.67,6.698922285246477
20230710094457760,6.68,6.67,6.698922285246477
20230710094459540,6.68,6.67,6.698922285246477
20230710094500180,6.68,6.67,6.698770382405849
20230710094500560,6.68,6.67,6.698770382405849
20230710094502130,6.68,6.67,6.698769293257514
20230710094502150,6.68,6.67,6.698736677479148
20230710094502210,6.68,6.67,6.698663166397415
20230710094502260,6.68,6.67,6.698663166397415
20230710094502360,6.68,6.67,6.698663166397415
20230710094502930,6.68,6.67,6.698663166397415
20230710094503160,6.68,6.67,6.698663166397415
20230710094504730,6.68,6.67,6.698663166397415
20230710094505090,6.68,6.67,6.698663166397415
20230710094505130,6.68,6.67,6.698663166397415
