Timestamp,ask1,bid1,VWAP
20230607093000110,6.39,6.37,6.38
20230607093000120,6.39,6.37,6.38
20230607093000130,6.39,6.37,6.38
20230607093000140,6.39,6.37,6.38
20230607093000150,6.39,6.39,6.38
20230607093000160,6.39,6.39,6.38
20230607093000170,6.39,6.39,6.38
20230607093000180,6.39,6.39,6.38
20230607093000190,6.4,6.38,6.38
20230607093000210,6.38,6.38,6.38
20230607093000220,6.38,6.38,6.38
20230607093000230,6.38,6.38,6.38
20230607093000240,6.38,6.38,6.38
20230607093000250,6.39,6.38,6.38
20230607093000530,6.39,6.38,6.38
20230607093000540,6.39,6.38,6.38
20230607093000550,6.39,6.38,6.38
20230607093000560,6.4,6.38,6.38
20230607093000570,6.4,6.38,6.38
20230607093000580,6.4,6.38,6.38
20230607093000590,6.4,6.38,6.38
20230607093000600,6.4,6.38,6.38
20230607093000610,6.4,6.38,6.38
20230607093000620,6.4,6.38,6.38
20230607093000630,6.4,6.38,6.38
20230607093000640,6.4,6.38,6.38
20230607093000660,6.4,6.38,6.38
20230607093000700,6.4,6.38,6.38
20230607093000710,6.4,6.38,6.38
20230607093000720,6.4,6.38,6.38
20230607093000730,6.4,6.38,6.38
20230607093000760,6.4,6.39,6.38
20230607093000770,6.4,6.39,6.38
20230607093000790,6.4,6.39,6.38
20230607093000800,6.4,6.39,6.38
20230607093000820,6.4,6.39,6.38
20230607093000840,6.4,6.39,6.38
20230607093000860,6.4,6.39,6.38
20230607093000870,6.4,6.39,6.38
20230607093000880,6.4,6.39,6.38
20230607093000890,6.4,6.39,6.38
20230607093000920,6.4,6.39,6.38
20230607093000930,6.4,6.39,6.38
20230607093001610,6.4,6.39,6.38
20230607093001630,6.4,6.39,6.38
20230607093001640,6.4,6.39,6.38
20230607093001660,6.4,6.39,6.38
20230607093001670,6.4,6.39,6.38
20230607093001700,6.4,6.39,6.38
20230607093001720,6.4,6.39,6.38
20230607093001750,6.4,6.39,6.38
20230607093001760,6.4,6.39,6.38
20230607093001770,6.4,6.39,6.38
20230607093001800,6.4,6.39,6.38
20230607093001810,6.4,6.39,6.38
20230607093001830,6.4,6.39,6.38
20230607093001840,6.4,6.39,6.38
20230607093001850,6.4,6.39,6.38
20230607093001870,6.4,6.39,6.38
20230607093001940,6.4,6.39,6.38
20230607093001950,6.4,6.39,6.38
20230607093001970,6.4,6.39,6.38
20230607093001980,6.4,6.39,6.38
20230607093001990,6.4,6.39,6.38
20230607093002010,6.4,6.39,6.38
20230607093002040,6.4,6.39,6.38
20230607093002050,6.4,6.39,6.38
20230607093002060,6.4,6.39,6.38
20230607093002090,6.4,6.39,6.38
20230607093002100,6.4,6.39,6.38
20230607093002120,6.4,6.39,6.38
20230607093002160,6.4,6.39,6.38
20230607093002180,6.4,6.39,6.38
20230607093002210,6.4,6.39,6.38
20230607093002240,6.4,6.39,6.38
20230607093002260,6.4,6.39,6.38
20230607093002350,6.4,6.39,6.38
20230607093002360,6.4,6.39,6.38
20230607093002370,6.4,6.39,6.38
20230607093003780,6.4,6.39,6.38
20230607093003800,6.4,6.39,6.38
20230607093003900,6.4,6.39,6.38
20230607093003950,6.4,6.39,6.38
20230607093003970,6.4,6.39,6.38
20230607093003990,6.4,6.39,6.38
20230607093004000,6.4,6.39,6.38
20230607093004010,6.4,6.39,6.38
20230607093004020,6.4,6.39,6.38
20230607093004100,6.4,6.39,6.38
20230607093004120,6.4,6.39,6.384067584480601
20230607093004130,6.39,6.39,6.384067584480601
20230607093004160,6.39,6.39,6.384350417163289
20230607093004170,6.39,6.39,6.384350417163289
20230607093004180,6.39,6.39,6.38436385255648
20230607093004210,6.39,6.39,6.38436385255648
20230607093004220,6.39,6.39,6.384539170506913
20230607093004230,6.39,6.39,6.384539170506913
20230607093004240,6.39,6.39,6.384539170506913
20230607093004340,6.39,6.39,6.384539170506913
20230607093004430,6.39,6.39,6.384539170506913
20230607093004530,6.39,6.39,6.384539170506913
20230607093004550,6.39,6.39,6.384539170506913
20230607093004590,6.39,6.39,6.384539170506913
20230607093004670,6.39,6.39,6.384539170506913
20230607093004700,6.39,6.39,6.384539170506913
20230607093004720,6.39,6.39,6.384539170506913
20230607093004750,6.39,6.39,6.384539170506913
20230607093004800,6.39,6.39,6.384539170506913
20230607093004850,6.39,6.39,6.384539170506913
20230607093004860,6.39,6.39,6.384539170506913
20230607093004890,6.39,6.39,6.384539170506913
20230607093004900,6.39,6.39,6.384539170506913
20230607093004910,6.39,6.39,6.384539170506913
20230607093005000,6.39,6.39,6.384539170506913
20230607093005020,6.39,6.39,6.384539170506913
20230607093005040,6.39,6.39,6.384539170506913
20230607093005100,6.39,6.39,6.384539170506913
20230607093005230,6.39,6.39,6.384539170506913
20230607093005300,6.39,6.39,6.384539170506913
20230607093008520,6.39,6.38,6.384539170506913
20230607093008820,6.39,6.38,6.384388888888889
20230607093009150,6.39,6.38,6.384388888888889
20230607093009220,6.39,6.38,6.384388888888889
20230607093009230,6.39,6.38,6.384388888888889
20230607093009310,6.39,6.38,6.384388888888889
20230607093009800,6.39,6.38,6.3844013303769405
20230607093009900,6.39,6.38,6.384456641053787
20230607093010140,6.39,6.38,6.384456641053787
20230607093010170,6.39,6.38,6.384456641053787
20230607093010210,6.39,6.38,6.384456641053787
20230607093010300,6.39,6.38,6.384486899563319
20230607093010330,6.39,6.38,6.384836400817996
20230607093010490,6.39,6.38,6.3848521916411825
20230607093010750,6.39,6.38,6.384873353596758
20230607093010770,6.39,6.38,6.384888888888889
20230607093014930,6.39,6.38,6.384888888888889
20230607093015460,6.39,6.38,6.384888888888889
20230607093015640,6.39,6.38,6.384888888888889
20230607093015820,6.39,6.38,6.384888888888889
20230607093017650,6.39,6.38,6.384888888888889
20230607093017930,6.39,6.38,6.384888888888889
20230607093018120,6.39,6.38,6.384888888888889
20230607093018170,6.39,6.38,6.384888888888889
20230607093018310,6.39,6.38,6.384888888888889
20230607093018590,6.39,6.38,6.384888888888889
20230607093020200,6.39,6.38,6.384888888888889
20230607093020640,6.39,6.38,6.384888888888889
20230607093021390,6.39,6.38,6.384888888888889
20230607093021440,6.39,6.38,6.384888888888889
20230607093022930,6.39,6.38,6.384888888888889
20230607093023010,6.39,6.38,6.384888888888889
20230607093023800,6.39,6.38,6.384888888888889
20230607093024000,6.39,6.38,6.384888888888889
20230607093025970,6.39,6.37,6.384888888888889
20230607093025980,6.39,6.37,6.384888888888889
20230607093025990,6.39,6.37,6.384888888888889
20230607093026490,6.39,6.37,6.383887605850655
20230607093026530,6.39,6.37,6.384204379562044
20230607093028370,6.39,6.37,6.384204379562044
20230607093028390,6.39,6.38,6.384204379562044
20230607093028600,6.39,6.38,6.384204379562044
20230607093029560,6.39,6.38,6.384204379562044
20230607093031050,6.39,6.38,6.384204379562044
20230607093031060,6.39,6.38,6.384204379562044
20230607093031110,6.39,6.38,6.384225454545454
20230607093031370,6.39,6.38,6.384225454545454
20230607093031410,6.39,6.38,6.384225454545454
20230607093034080,6.39,6.38,6.384225454545454
20230607093034110,6.39,6.38,6.384225454545454
20230607093034570,6.39,6.38,6.384225454545454
20230607093034640,6.39,6.38,6.384225454545454
20230607093034700,6.39,6.38,6.384225454545454
20230607093036950,6.39,6.38,6.384225454545454
20230607093037020,6.39,6.38,6.384225454545454
20230607093037070,6.39,6.38,6.384225454545454
20230607093037090,6.39,6.38,6.384225454545454
20230607093037160,6.39,6.38,6.384225454545454
20230607093037580,6.39,6.38,6.384230769230769
20230607093039660,6.39,6.37,6.384029025570145
20230607093040100,6.39,6.37,6.384029025570145
20230607093040150,6.39,6.38,6.384029025570145
20230607093041890,6.39,6.38,6.384029025570145
20230607093042020,6.39,6.38,6.384029025570145
20230607093042250,6.39,6.38,6.3841542625169145
20230607093042880,6.39,6.38,6.3841542625169145
20230607093043010,6.39,6.38,6.3841542625169145
20230607093044660,6.39,6.38,6.3841542625169145
20230607093044690,6.39,6.38,6.3841542625169145
20230607093045100,6.39,6.38,6.3841542625169145
20230607093045620,6.39,6.38,6.3841542625169145
20230607093045640,6.39,6.38,6.3841542625169145
20230607093048240,6.39,6.38,6.38430454845089
20230607093048260,6.39,6.38,6.38430454845089
20230607093050280,6.39,6.38,6.38430454845089
20230607093050310,6.39,6.38,6.38430454845089
20230607093050520,6.39,6.38,6.38430454845089
20230607093050560,6.39,6.38,6.38430454845089
20230607093050610,6.39,6.38,6.38430454845089
20230607093051100,6.39,6.38,6.38430454845089
20230607093051130,6.39,6.38,6.38430454845089
20230607093053090,6.39,6.38,6.38430454845089
20230607093053280,6.39,6.37,6.384169859514687
20230607093053740,6.39,6.37,6.384169859514687
20230607093055430,6.39,6.38,6.384169859514687
20230607093055480,6.39,6.38,6.384169859514687
20230607093055540,6.39,6.38,6.384169859514687
20230607093055940,6.39,6.38,6.384169859514687
20230607093056040,6.39,6.38,6.384169859514687
20230607093056520,6.39,6.38,6.384169859514687
20230607093056540,6.39,6.38,6.384169859514687
20230607093058030,6.39,6.38,6.384169859514687
20230607093058060,6.39,6.38,6.384169859514687
20230607093058070,6.39,6.38,6.384169859514687
20230607093058220,6.39,6.38,6.384169859514687
20230607093058370,6.39,6.38,6.384169859514687
20230607093058600,6.39,6.38,6.384169859514687
20230607093058630,6.39,6.38,6.384169859514687
20230607093059230,6.39,6.38,6.384169859514687
20230607093100760,6.39,6.38,6.384169859514687
20230607093100920,6.39,6.37,6.384169859514687
20230607093100970,6.39,6.37,6.384169859514687
20230607093101020,6.39,6.37,6.384169859514687
20230607093101060,6.39,6.37,6.384169859514687
20230607093101080,6.39,6.37,6.384169859514687
20230607093101140,6.39,6.37,6.384169859514687
20230607093101230,6.39,6.37,6.384169859514687
20230607093101250,6.38,6.37,6.384169859514687
20230607093101260,6.39,6.37,6.3839720194647205
20230607093101270,6.39,6.38,6.3839720194647205
20230607093101280,6.39,6.38,6.3839720194647205
20230607093101320,6.39,6.38,6.383969604863222
20230607093101410,6.39,6.38,6.383969604863222
20230607093101540,6.39,6.38,6.3839575757575755
20230607093103390,6.39,6.38,6.3839575757575755
20230607093103520,6.39,6.38,6.3839575757575755
20230607093103560,6.39,6.38,6.3839575757575755
20230607093103740,6.39,6.38,6.3839575757575755
20230607093103770,6.39,6.38,6.3839575757575755
20230607093104030,6.39,6.38,6.383938480096502
20230607093104460,6.38,6.38,6.383891537544696
20230607093106290,6.38,6.38,6.383891537544696
20230607093107100,6.38,6.38,6.383891537544696
20230607093107110,6.38,6.38,6.383891537544696
20230607093107120,6.38,6.38,6.383891537544696
20230607093107130,6.38,6.38,6.383891537544696
20230607093107150,6.38,6.38,6.383891537544696
20230607093107170,6.38,6.38,6.383891537544696
20230607093107190,6.38,6.38,6.383891537544696
20230607093107240,6.38,6.38,6.383891537544696
20230607093108820,6.38,6.38,6.383891537544696
20230607093108850,6.38,6.38,6.383891537544696
20230607093108890,6.38,6.38,6.383891537544696
20230607093109210,6.38,6.38,6.383891537544696
20230607093109230,6.38,6.38,6.383891537544696
20230607093109240,6.38,6.38,6.383891537544696
20230607093109260,6.38,6.38,6.383891537544696
20230607093109270,6.38,6.38,6.383891537544696
20230607093109320,6.38,6.38,6.383891537544696
20230607093109340,6.38,6.38,6.383891537544696
20230607093109370,6.38,6.38,6.383891537544696
20230607093109550,6.38,6.38,6.383566357181868
20230607093109560,6.38,6.38,6.383566357181868
20230607093109580,6.38,6.38,6.383566357181868
20230607093109590,6.38,6.38,6.383566357181868
20230607093109620,6.38,6.38,6.383566357181868
20230607093111530,6.38,6.38,6.383720682302772
20230607093111540,6.38,6.38,6.383720682302772
20230607093111590,6.38,6.38,6.383720682302772
20230607093111630,6.38,6.38,6.383720682302772
20230607093111740,6.38,6.38,6.383720682302772
20230607093112140,6.38,6.38,6.383720682302772
20230607093112150,6.38,6.38,6.383720682302772
20230607093112270,6.38,6.38,6.383720682302772
20230607093114300,6.38,6.38,6.383720682302772
20230607093114530,6.38,6.38,6.383720682302772
20230607093115070,6.38,6.38,6.383720682302772
20230607093115230,6.38,6.38,6.383720682302772
20230607093117240,6.38,6.38,6.383720682302772
20230607093117290,6.38,6.38,6.383720682302772
20230607093117700,6.38,6.38,6.383720682302772
20230607093117950,6.38,6.38,6.383720682302772
20230607093120200,6.38,6.38,6.383720682302772
20230607093120260,6.38,6.38,6.383720682302772
20230607093120280,6.38,6.38,6.383720682302772
20230607093122430,6.38,6.38,6.383720682302772
20230607093122780,6.38,6.38,6.383720682302772
20230607093123250,6.38,6.38,6.383720682302772
20230607093125360,6.38,6.38,6.383720682302772
20230607093125490,6.38,6.38,6.383720682302772
20230607093125790,6.38,6.38,6.383720682302772
20230607093126170,6.38,6.38,6.383720682302772
20230607093127860,6.38,6.38,6.383720682302772
20230607093127900,6.38,6.38,6.383720682302772
20230607093128120,6.38,6.38,6.383720682302772
20230607093130510,6.38,6.38,6.383720682302772
20230607093130930,6.38,6.38,6.383720682302772
20230607093131150,6.38,6.38,6.383720682302772
20230607093131430,6.38,6.38,6.383720682302772
20230607093133700,6.38,6.38,6.383720682302772
20230607093133790,6.38,6.38,6.383720682302772
20230607093134210,6.38,6.38,6.383720682302772
20230607093135820,6.38,6.38,6.383720682302772
20230607093135960,6.38,6.38,6.383720682302772
20230607093136420,6.38,6.38,6.383720682302772
20230607093136660,6.38,6.38,6.383720682302772
20230607093136800,6.38,6.38,6.383720682302772
20230607093139130,6.38,6.39,6.383720682302772
20230607093139140,6.38,6.39,6.38376323387873
20230607093139150,6.38,6.39,6.3837662337662335
20230607093139160,6.38,6.38,6.383787152444871
20230607093139170,6.38,6.38,6.383787152444871
20230607093139270,6.38,6.38,6.383787152444871
20230607093139280,6.38,6.38,6.383787152444871
20230607093139310,6.38,6.38,6.383787152444871
20230607093139370,6.38,6.38,6.383787152444871
20230607093139400,6.38,6.38,6.383787152444871
20230607093139450,6.38,6.38,6.384305301645338
20230607093139470,6.38,6.38,6.384305301645338
20230607093139490,6.38,6.38,6.384305301645338
20230607093139590,6.38,6.38,6.384305301645338
20230607093139600,6.38,6.39,6.384305301645338
20230607093139620,6.38,6.39,6.384305301645338
20230607093139630,6.38,6.39,6.384305301645338
20230607093139640,6.38,6.39,6.384305301645338
20230607093139700,6.38,6.39,6.384305301645338
20230607093141520,6.38,6.39,6.384305301645338
20230607093141540,6.38,6.39,6.384305301645338
20230607093142090,6.38,6.39,6.384305301645338
20230607093144320,6.38,6.39,6.384305301645338
20230607093144360,6.38,6.39,6.384305301645338
20230607093144420,6.38,6.39,6.384305301645338
20230607093144440,6.38,6.39,6.384305301645338
20230607093144610,6.38,6.39,6.384305301645338
20230607093144730,6.38,6.39,6.384305301645338
20230607093144790,6.38,6.39,6.384305301645338
20230607093146640,6.38,6.39,6.384305301645338
20230607093146800,6.38,6.39,6.384305301645338
20230607093147130,6.38,6.39,6.384515695067265
20230607093147430,6.38,6.39,6.384523063143753
20230607093147540,6.38,6.39,6.384523063143753
20230607093147550,6.38,6.39,6.384523063143753
20230607093147620,6.38,6.39,6.384523063143753
20230607093149380,6.38,6.39,6.384523063143753
20230607093149540,6.38,6.39,6.384595669465312
20230607093150000,6.38,6.39,6.384595669465312
20230607093150420,6.38,6.39,6.384595669465312
20230607093152060,6.38,6.39,6.384595669465312
20230607093152370,6.38,6.39,6.384595669465312
20230607093152500,6.38,6.39,6.384595669465312
20230607093152540,6.38,6.39,6.384595669465312
20230607093153060,6.38,6.39,6.384595669465312
20230607093153180,6.38,6.39,6.384595669465312
20230607093153220,6.38,6.39,6.384595669465312
20230607093153230,6.38,6.39,6.384595669465312
20230607093154770,6.38,6.39,6.384595669465312
20230607093155110,6.38,6.39,6.384595669465312
20230607093158150,6.38,6.38,6.384595669465312
20230607093158220,6.38,6.38,6.384595669465312
20230607093200150,6.38,6.38,6.384595669465312
20230607093200380,6.38,6.38,6.384595669465312
20230607093200780,6.38,6.38,6.384595669465312
20230607093200860,6.38,6.38,6.384595669465312
20230607093200880,6.38,6.38,6.384595669465312
20230607093201090,6.38,6.38,6.384595669465312
20230607093203170,6.38,6.38,6.384595669465312
20230607093206200,6.38,6.38,6.384595669465312
20230607093206230,6.38,6.38,6.384595669465312
20230607093208310,6.38,6.38,6.384595669465312
20230607093208380,6.38,6.38,6.384595669465312
20230607093208570,6.38,6.38,6.384595669465312
20230607093209320,6.38,6.38,6.384595669465312
20230607093210990,6.38,6.38,6.384595669465312
20230607093211500,6.38,6.38,6.384595669465312
20230607093213600,6.38,6.38,6.384595669465312
20230607093213680,6.38,6.38,6.384595669465312
20230607093214220,6.38,6.38,6.384595669465312
20230607093214330,6.38,6.38,6.384595669465312
20230607093216990,6.38,6.38,6.384595669465312
20230607093217040,6.38,6.38,6.384595669465312
20230607093217460,6.38,6.38,6.384595669465312
20230607093219210,6.38,6.38,6.384595669465312
20230607093219550,6.38,6.38,6.384595669465312
20230607093219790,6.38,6.38,6.384595669465312
20230607093222140,6.38,6.38,6.384595669465312
20230607093222460,6.38,6.38,6.384595669465312
20230607093224770,6.38,6.38,6.384595669465312
20230607093225020,6.38,6.38,6.384595669465312
20230607093225120,6.38,6.38,6.384595669465312
20230607093225130,6.38,6.38,6.384595669465312
20230607093225240,6.38,6.38,6.384595669465312
20230607093225330,6.38,6.38,6.384595669465312
20230607093225350,6.38,6.38,6.384508363933088
20230607093225640,6.38,6.38,6.384508363933088
20230607093227190,6.38,6.38,6.3845173116089615
20230607093227350,6.38,6.38,6.3845173116089615
20230607093227670,6.38,6.38,6.384491697043337
20230607093227680,6.38,6.38,6.384491697043337
20230607093227880,6.38,6.38,6.384491697043337
20230607093228070,6.38,6.38,6.384491697043337
20230607093229990,6.38,6.38,6.384491697043337
20230607093230090,6.38,6.38,6.384491697043337
20230607093230100,6.38,6.38,6.384330863946826
20230607093230210,6.38,6.38,6.384330863946826
20230607093230360,6.38,6.38,6.384330863946826
20230607093230920,6.38,6.38,6.384330863946826
20230607093232600,6.38,6.38,6.384330863946826
20230607093232630,6.38,6.38,6.384330863946826
20230607093232660,6.38,6.38,6.384330863946826
20230607093233010,6.38,6.38,6.384330863946826
20230607093233430,6.38,6.38,6.384330863946826
20230607093233490,6.38,6.38,6.384330863946826
20230607093233540,6.38,6.38,6.384330863946826
20230607093235790,6.38,6.38,6.384330863946826
20230607093235800,6.38,6.38,6.384330863946826
20230607093235960,6.38,6.38,6.384330863946826
20230607093236430,6.38,6.38,6.384330863946826
20230607093238290,6.38,6.38,6.384330863946826
20230607093238370,6.38,6.38,6.384330863946826
20230607093238650,6.38,6.38,6.384330863946826
20230607093240670,6.38,6.38,6.384317399617591
20230607093240820,6.38,6.38,6.384317399617591
20230607093241000,6.38,6.38,6.384317399617591
20230607093241020,6.38,6.38,6.384317399617591
20230607093241540,6.38,6.38,6.384317399617591
20230607093241580,6.38,6.38,6.384317399617591
20230607093241740,6.38,6.38,6.3840948587979724
20230607093243870,6.38,6.38,6.3840948587979724
20230607093246270,6.38,6.38,6.3840948587979724
20230607093246610,6.38,6.38,6.3840948587979724
20230607093246630,6.38,6.38,6.3840948587979724
20230607093248730,6.38,6.38,6.3840948587979724
20230607093249190,6.38,6.38,6.3841012658227845
20230607093249320,6.38,6.38,6.3841012658227845
20230607093251610,6.38,6.38,6.3841012658227845
20230607093254190,6.38,6.38,6.3841012658227845
20230607093254370,6.38,6.38,6.3841012658227845
20230607093254390,6.38,6.38,6.384111913357401
20230607093254910,6.38,6.38,6.384111913357401
20230607093255030,6.38,6.38,6.3841520258157045
20230607093255300,6.38,6.38,6.3841520258157045
20230607093256780,6.38,6.38,6.3841520258157045
20230607093256890,6.38,6.38,6.3841520258157045
20230607093257310,6.38,6.38,6.3841520258157045
20230607093257790,6.38,6.38,6.3841520258157045
20230607093257960,6.38,6.38,6.3841520258157045
20230607093259760,6.38,6.38,6.3841520258157045
20230607093259800,6.38,6.38,6.3841520258157045
20230607093300080,6.38,6.38,6.383813754524515
20230607093300120,6.38,6.38,6.383813754524515
20230607093300130,6.38,6.38,6.383813754524515
20230607093300310,6.38,6.38,6.383813754524515
20230607093300390,6.38,6.38,6.383813754524515
20230607093302350,6.38,6.38,6.383813754524515
20230607093302790,6.38,6.38,6.383813754524515
20230607093302920,6.38,6.38,6.383813754524515
20230607093305910,6.38,6.38,6.383813754524515
20230607093305920,6.38,6.38,6.383813754524515
20230607093305980,6.38,6.38,6.383813754524515
20230607093306020,6.38,6.38,6.383813754524515
20230607093307660,6.38,6.38,6.383813754524515
20230607093308570,6.38,6.38,6.383813754524515
20230607093308630,6.38,6.38,6.383813754524515
20230607093308650,6.38,6.38,6.383813754524515
20230607093308770,6.38,6.38,6.383813754524515
20230607093310280,6.38,6.38,6.383813754524515
20230607093310610,6.38,6.38,6.383879338306844
20230607093311270,6.38,6.38,6.383879338306844
20230607093314200,6.38,6.38,6.383879338306844
20230607093318390,6.38,6.38,6.383879338306844
20230607093318460,6.38,6.38,6.383879338306844
20230607093319090,6.38,6.38,6.383879338306844
20230607093319220,6.38,6.38,6.383879338306844
20230607093319570,6.38,6.38,6.383879338306844
20230607093321780,6.38,6.38,6.383879338306844
20230607093321830,6.38,6.38,6.383879338306844
20230607093322160,6.38,6.38,6.383879338306844
20230607093323990,6.38,6.38,6.383879338306844
20230607093324080,6.38,6.38,6.383879338306844
20230607093324710,6.38,6.38,6.383879338306844
20230607093326650,6.38,6.38,6.383879338306844
20230607093326930,6.38,6.38,6.383879338306844
20230607093327200,6.38,6.38,6.383879338306844
20230607093327290,6.38,6.38,6.383879338306844
20230607093327680,6.38,6.38,6.383879338306844
20230607093329360,6.38,6.38,6.383879338306844
20230607093329380,6.38,6.38,6.383879338306844
20230607093329610,6.38,6.38,6.383879338306844
20230607093329700,6.38,6.38,6.383879338306844
20230607093330040,6.38,6.38,6.383879338306844
20230607093330370,6.38,6.38,6.383879338306844
20230607093332230,6.38,6.38,6.383903215536454
20230607093332400,6.38,6.38,6.383903215536454
20230607093332410,6.38,6.38,6.383903215536454
20230607093332490,6.38,6.38,6.383903215536454
20230607093332510,6.38,6.38,6.383903215536454
20230607093332820,6.38,6.38,6.383903215536454
20230607093332970,6.38,6.38,6.383903215536454
20230607093335050,6.38,6.38,6.383903215536454
20230607093335550,6.38,6.38,6.383903215536454
20230607093338020,6.38,6.38,6.383903215536454
20230607093338120,6.38,6.38,6.383903215536454
20230607093340940,6.38,6.38,6.383903215536454
20230607093340970,6.38,6.38,6.383903215536454
20230607093343360,6.38,6.38,6.383903215536454
20230607093343910,6.38,6.38,6.383903215536454
20230607093343920,6.38,6.38,6.383903215536454
20230607093346540,6.38,6.38,6.384095985511621
20230607093348600,6.38,6.38,6.384095985511621
20230607093348620,6.38,6.38,6.384095985511621
20230607093348720,6.38,6.38,6.384095985511621
20230607093348860,6.38,6.38,6.384095985511621
20230607093349110,6.38,6.38,6.384065308568005
20230607093349130,6.38,6.38,6.384065308568005
20230607093351230,6.38,6.38,6.384064091045223
20230607093351330,6.38,6.38,6.384064091045223
20230607093351380,6.38,6.38,6.384064091045223
20230607093351510,6.38,6.38,6.384064091045223
20230607093351530,6.38,6.38,6.384064091045223
20230607093351670,6.38,6.38,6.384064091045223
20230607093351730,6.38,6.38,6.384064091045223
20230607093351840,6.38,6.38,6.384064091045223
20230607093353940,6.38,6.38,6.384152442613302
20230607093354120,6.38,6.38,6.384152442613302
20230607093354370,6.38,6.38,6.384152442613302
20230607093356220,6.38,6.38,6.384152442613302
20230607093356570,6.38,6.38,6.384152442613302
20230607093356590,6.38,6.38,6.384152442613302
20230607093356640,6.38,6.38,6.384152442613302
20230607093357070,6.38,6.38,6.384152442613302
20230607093400020,6.38,6.38,6.384152442613302
20230607093400040,6.38,6.38,6.384152442613302
20230607093401640,6.38,6.38,6.383883842554363
20230607093401660,6.38,6.38,6.383883842554363
20230607093401700,6.38,6.38,6.383883842554363
20230607093401760,6.38,6.38,6.383883842554363
20230607093401930,6.38,6.38,6.383883842554363
20230607093402040,6.38,6.38,6.383883842554363
20230607093404300,6.38,6.38,6.383883842554363
20230607093404540,6.38,6.38,6.383883842554363
20230607093404770,6.38,6.38,6.383883842554363
20230607093405310,6.38,6.38,6.383883842554363
20230607093407100,6.38,6.38,6.383883842554363
20230607093407460,6.38,6.38,6.383883842554363
20230607093407610,6.38,6.38,6.383883842554363
20230607093408200,6.38,6.38,6.383883842554363
20230607093410510,6.38,6.38,6.383883842554363
20230607093412400,6.38,6.38,6.383883842554363
20230607093412670,6.38,6.38,6.383883842554363
20230607093412930,6.38,6.38,6.383883842554363
20230607093413290,6.38,6.38,6.383883842554363
20230607093415250,6.38,6.38,6.383883842554363
20230607093415520,6.38,6.38,6.383883842554363
20230607093415980,6.38,6.38,6.383883842554363
20230607093416220,6.38,6.38,6.383883842554363
20230607093418710,6.38,6.38,6.383883842554363
20230607093421240,6.38,6.38,6.383883842554363
20230607093421440,6.38,6.38,6.383883842554363
20230607093424140,6.38,6.38,6.383883842554363
20230607093424170,6.38,6.38,6.383883842554363
20230607093428660,6.38,6.38,6.383883842554363
20230607093429600,6.38,6.38,6.383883842554363
20230607093431640,6.38,6.38,6.383883842554363
20230607093431700,6.38,6.38,6.383883842554363
20230607093431930,6.38,6.38,6.383883842554363
20230607093434100,6.38,6.38,6.383883842554363
20230607093435030,6.38,6.38,6.383883842554363
20230607093439590,6.38,6.38,6.383883842554363
20230607093442920,6.38,6.38,6.383883842554363
20230607093442950,6.38,6.38,6.383883842554363
20230607093443290,6.38,6.38,6.383883842554363
20230607093445890,6.38,6.38,6.383883842554363
20230607093445970,6.38,6.38,6.383883842554363
20230607093447600,6.38,6.38,6.383883842554363
20230607093447610,6.38,6.38,6.383883842554363
20230607093447850,6.38,6.38,6.383883842554363
20230607093448640,6.38,6.38,6.383883842554363
20230607093448650,6.38,6.38,6.383883842554363
20230607093450360,6.38,6.38,6.383883842554363
20230607093450430,6.38,6.38,6.383883842554363
20230607093450570,6.38,6.38,6.38371184687015
20230607093450960,6.38,6.38,6.383729687903018
20230607093450990,6.38,6.38,6.383729687903018
20230607093452870,6.38,6.38,6.383731304796287
20230607093453830,6.38,6.38,6.383731304796287
20230607093454090,6.38,6.38,6.383731304796287
20230607093455600,6.38,6.38,6.383731304796287
20230607093456250,6.38,6.38,6.383731304796287
20230607093456520,6.38,6.38,6.383731304796287
20230607093456690,6.38,6.38,6.383731304796287
20230607093458430,6.38,6.38,6.383731304796287
20230607093458580,6.38,6.38,6.383731304796287
20230607093458850,6.38,6.38,6.383731304796287
20230607093458890,6.38,6.38,6.383731304796287
20230607093458960,6.38,6.38,6.383731304796287
20230607093501160,6.38,6.38,6.384010695187166
20230607093501170,6.38,6.39,6.384010695187166
20230607093501220,6.38,6.39,6.384010695187166
20230607093501460,6.38,6.39,6.384010695187166
20230607093501540,6.38,6.39,6.384010695187166
20230607093501610,6.38,6.39,6.384010695187166
20230607093501880,6.38,6.39,6.384060766819387
20230607093502160,6.38,6.39,6.384060766819387
20230607093503890,6.38,6.39,6.384060766819387
20230607093504150,6.38,6.39,6.384060766819387
20230607093504160,6.38,6.39,6.384060766819387
20230607093504230,6.38,6.39,6.384060766819387
20230607093504360,6.38,6.39,6.384060766819387
20230607093504590,6.38,6.39,6.384060766819387
20230607093504660,6.38,6.39,6.384060766819387
20230607093504690,6.38,6.39,6.384060766819387
20230607093504720,6.38,6.39,6.384060766819387
20230607093504730,6.38,6.39,6.384060766819387
20230607093504750,6.38,6.39,6.384060766819387
20230607093506440,6.38,6.39,6.384060766819387
20230607093506840,6.38,6.39,6.384060766819387
20230607093507170,6.38,6.39,6.384197944059288
20230607093507420,6.38,6.39,6.384197944059288
20230607093509060,6.38,6.39,6.384197944059288
20230607093509420,6.38,6.39,6.384197944059288
20230607093509430,6.38,6.39,6.384197944059288
20230607093509790,6.38,6.39,6.384197944059288
20230607093510080,6.38,6.39,6.384197944059288
20230607093510100,6.38,6.39,6.384249642686994
20230607093510160,6.38,6.39,6.384249642686994
20230607093510170,6.38,6.39,6.384249642686994
20230607093511770,6.38,6.39,6.384249642686994
20230607093511850,6.38,6.39,6.384249642686994
20230607093512150,6.38,6.39,6.384249642686994
20230607093512270,6.38,6.39,6.384249642686994
20230607093512290,6.38,6.39,6.384249642686994
20230607093512350,6.38,6.39,6.384249642686994
20230607093512430,6.38,6.39,6.384249642686994
20230607093512490,6.38,6.39,6.384249642686994
20230607093512560,6.38,6.39,6.384284018047969
20230607093512820,6.38,6.39,6.384284018047969
20230607093512830,6.38,6.39,6.384284018047969
20230607093514730,6.38,6.39,6.384284018047969
20230607093515100,6.38,6.39,6.384284018047969
20230607093515140,6.38,6.38,6.384439046958131
20230607093515220,6.38,6.38,6.384439046958131
20230607093515370,6.38,6.38,6.384439046958131
20230607093515430,6.38,6.39,6.384439046958131
20230607093517210,6.38,6.39,6.384439046958131
20230607093517260,6.38,6.39,6.384439046958131
20230607093518110,6.38,6.39,6.384439046958131
20230607093520190,6.38,6.38,6.384439046958131
20230607093520390,6.38,6.39,6.384439046958131
20230607093520440,6.38,6.38,6.384626230975828
20230607093520450,6.38,6.38,6.384626230975828
20230607093520460,6.38,6.38,6.384626230975828
20230607093520510,6.38,6.38,6.384626230975828
20230607093520540,6.38,6.38,6.384626230975828
20230607093520560,6.38,6.38,6.384626230975828
20230607093520620,6.38,6.38,6.384626230975828
20230607093520750,6.38,6.39,6.384626230975828
20230607093520820,6.38,6.39,6.384634309997764
20230607093522640,6.38,6.39,6.384634309997764
20230607093522910,6.38,6.39,6.384634309997764
20230607093525750,6.38,6.39,6.384634309997764
20230607093525870,6.38,6.39,6.384634309997764
20230607093526190,6.38,6.39,6.384634309997764
20230607093528220,6.38,6.39,6.384634309997764
20230607093528390,6.38,6.39,6.384634309997764
20230607093528910,6.38,6.39,6.384634309997764
20230607093529080,6.38,6.39,6.384634309997764
20230607093529180,6.38,6.39,6.384634309997764
20230607093530870,6.38,6.39,6.384634309997764
20230607093531450,6.39,6.39,6.385497150094997
20230607093531720,6.39,6.39,6.385497150094997
20230607093531860,6.39,6.39,6.385497150094997
20230607093533670,6.39,6.39,6.385497150094997
20230607093534160,6.39,6.39,6.385530749789385
20230607093534190,6.39,6.39,6.385530749789385
20230607093534430,6.39,6.39,6.385530749789385
20230607093534540,6.39,6.39,6.385530749789385
20230607093537090,6.39,6.39,6.385530749789385
20230607093537150,6.39,6.39,6.385639632107023
20230607093537170,6.39,6.39,6.385639632107023
20230607093537230,6.39,6.39,6.385639632107023
20230607093538760,6.39,6.39,6.385639632107023
20230607093538900,6.39,6.39,6.385639632107023
20230607093539350,6.39,6.39,6.385639632107023
20230607093539420,6.39,6.39,6.385639632107023
20230607093539860,6.39,6.39,6.385639632107023
20230607093541800,6.39,6.39,6.385639632107023
20230607093542380,6.39,6.39,6.385639632107023
20230607093542390,6.39,6.39,6.385639632107023
20230607093544990,6.39,6.39,6.385639632107023
20230607093545070,6.39,6.39,6.385639632107023
20230607093545080,6.39,6.39,6.385639632107023
20230607093545090,6.39,6.39,6.385639632107023
20230607093545140,6.39,6.39,6.385639632107023
20230607093545160,6.39,6.39,6.385639632107023
20230607093545190,6.39,6.39,6.385639632107023
20230607093545200,6.39,6.39,6.385639632107023
20230607093545270,6.39,6.39,6.385639632107023
20230607093545380,6.39,6.39,6.385639632107023
20230607093546870,6.39,6.39,6.385639632107023
20230607093546940,6.39,6.39,6.385639632107023
20230607093547020,6.39,6.4,6.385639632107023
20230607093547060,6.39,6.4,6.385639632107023
20230607093547290,6.39,6.38,6.38770978737218
20230607093547300,6.39,6.38,6.387913956238912
20230607093547310,6.39,6.38,6.387976480711315
20230607093547320,6.39,6.38,6.388002548131371
20230607093547330,6.39,6.38,6.388016587011527
20230607093547340,6.39,6.38,6.388138276817522
20230607093547390,6.39,6.38,6.388302045728039
20230607093547400,6.39,6.38,6.388406729900632
20230607093547410,6.39,6.39,6.3884858890438885
20230607093547420,6.39,6.4,6.3884858890438885
20230607093547430,6.39,6.4,6.3884858890438885
20230607093547440,6.39,6.4,6.3884858890438885
20230607093547450,6.39,6.4,6.3884858890438885
20230607093547520,6.39,6.4,6.3884858890438885
20230607093547540,6.39,6.4,6.3884858890438885
20230607093547660,6.39,6.4,6.3884858890438885
20230607093547690,6.39,6.4,6.3884858890438885
20230607093547820,6.39,6.4,6.3884858890438885
20230607093547830,6.39,6.4,6.3884858890438885
20230607093547940,6.39,6.4,6.3884858890438885
20230607093548050,6.39,6.4,6.3884858890438885
20230607093548060,6.39,6.4,6.3884858890438885
20230607093548070,6.39,6.4,6.3884858890438885
20230607093548100,6.39,6.4,6.388538124264785
20230607093549630,6.39,6.4,6.388538124264785
20230607093549640,6.39,6.4,6.388538124264785
20230607093549690,6.39,6.4,6.388538124264785
20230607093549830,6.39,6.4,6.388538124264785
20230607093549870,6.39,6.4,6.388538124264785
20230607093549900,6.39,6.4,6.388538124264785
20230607093550110,6.39,6.4,6.388538124264785
20230607093550360,6.39,6.4,6.388538124264785
20230607093550420,6.39,6.4,6.388538124264785
20230607093550480,6.39,6.4,6.388538124264785
20230607093552270,6.39,6.4,6.388538124264785
20230607093552350,6.39,6.4,6.388538124264785
20230607093553050,6.39,6.4,6.388538124264785
20230607093553240,6.39,6.4,6.388538124264785
20230607093553260,6.39,6.4,6.388538124264785
20230607093555030,6.39,6.4,6.388538124264785
20230607093555390,6.39,6.4,6.388538124264785
20230607093555960,6.39,6.4,6.388538124264785
20230607093556120,6.39,6.4,6.388538124264785
20230607093556130,6.39,6.4,6.388538124264785
20230607093557890,6.39,6.4,6.388538124264785
20230607093557950,6.39,6.4,6.388538124264785
20230607093558030,6.39,6.4,6.388538124264785
20230607093558040,6.39,6.4,6.388538124264785
20230607093558100,6.39,6.4,6.388538124264785
20230607093558320,6.39,6.4,6.388538124264785
20230607093558390,6.39,6.4,6.388608982545764
20230607093558770,6.39,6.4,6.388608982545764
20230607093558920,6.39,6.4,6.388608982545764
20230607093600380,6.39,6.4,6.388608982545764
20230607093600820,6.39,6.4,6.388608982545764
20230607093600930,6.39,6.4,6.388608982545764
20230607093601060,6.39,6.4,6.388608982545764
20230607093601070,6.39,6.4,6.388608982545764
20230607093601190,6.39,6.4,6.388608982545764
20230607093601230,6.39,6.4,6.388608982545764
20230607093601360,6.39,6.4,6.388608982545764
20230607093601400,6.39,6.4,6.388608982545764
20230607093603090,6.39,6.4,6.388608982545764
20230607093603340,6.39,6.4,6.388608982545764
20230607093603550,6.39,6.4,6.388608982545764
20230607093603560,6.39,6.4,6.388608982545764
20230607093604070,6.39,6.4,6.388608982545764
20230607093604110,6.39,6.4,6.388608982545764
20230607093606190,6.39,6.4,6.388608982545764
20230607093606320,6.39,6.4,6.388608982545764
20230607093609330,6.39,6.4,6.388608982545764
20230607093609340,6.39,6.4,6.388608982545764
20230607093609350,6.39,6.4,6.388608982545764
20230607093609360,6.39,6.4,6.388608982545764
20230607093609370,6.39,6.4,6.388608982545764
20230607093609380,6.39,6.4,6.388608982545764
20230607093609450,6.39,6.4,6.388608982545764
20230607093609670,6.39,6.4,6.388608982545764
20230607093611980,6.39,6.4,6.388608982545764
20230607093612170,6.39,6.4,6.388608982545764
20230607093613980,6.39,6.4,6.388608982545764
20230607093614090,6.39,6.4,6.388608982545764
20230607093614240,6.39,6.4,6.388608982545764
20230607093614250,6.39,6.4,6.388608982545764
20230607093614260,6.39,6.4,6.388608982545764
20230607093614280,6.39,6.4,6.388608982545764
20230607093614310,6.39,6.4,6.388608982545764
20230607093614410,6.39,6.4,6.388608982545764
20230607093614440,6.39,6.4,6.388713196356704
20230607093614460,6.39,6.4,6.388713196356704
20230607093615110,6.39,6.4,6.388724462792421
20230607093617580,6.39,6.4,6.388724462792421
20230607093619320,6.39,6.4,6.389201059818608
20230607093619330,6.39,6.4,6.389201059818608
20230607093619370,6.39,6.4,6.389201059818608
20230607093619420,6.39,6.4,6.389201059818608
20230607093619530,6.39,6.4,6.389201059818608
20230607093619550,6.39,6.4,6.389201059818608
20230607093619660,6.39,6.4,6.389201059818608
20230607093620070,6.39,6.4,6.389201059818608
20230607093620170,6.39,6.4,6.389201059818608
20230607093620270,6.39,6.4,6.389201059818608
20230607093620280,6.39,6.4,6.389201059818608
20230607093620420,6.39,6.4,6.389201059818608
20230607093620440,6.39,6.4,6.389201059818608
20230607093620490,6.39,6.4,6.389201059818608
20230607093622070,6.39,6.4,6.389282969255664
20230607093622160,6.39,6.4,6.389282969255664
20230607093622980,6.39,6.4,6.389282969255664
20230607093624740,6.39,6.4,6.3892840529881685
20230607093624890,6.39,6.4,6.3892840529881685
20230607093624930,6.39,6.4,6.3892840529881685
20230607093625100,6.39,6.4,6.389285136501517
20230607093625150,6.39,6.4,6.389285136501517
20230607093625230,6.39,6.4,6.389285136501517
20230607093625320,6.39,6.4,6.389285136501517
20230607093625810,6.39,6.4,6.389285136501517
20230607093627370,6.39,6.4,6.389285136501517
20230607093627390,6.39,6.4,6.389285136501517
20230607093627450,6.39,6.4,6.389287302871007
20230607093627750,6.39,6.4,6.389287302871007
20230607093628090,6.39,6.4,6.38931646335316
20230607093628150,6.39,6.4,6.38931646335316
20230607093628270,6.39,6.4,6.38931646335316
20230607093630050,6.39,6.4,6.389323997582108
20230607093630100,6.39,6.4,6.389325073033142
20230607093630110,6.39,6.4,6.389325073033142
20230607093630120,6.39,6.4,6.389325073033142
20230607093630150,6.39,6.39,6.389325073033142
20230607093630620,6.39,6.39,6.389325073033142
20230607093631080,6.41,6.39,6.389325073033142
20230607093631100,6.41,6.39,6.389348678259122
20230607093631110,6.4,6.39,6.389351889067524
20230607093631120,6.4,6.39,6.389354028531244
20230607093631190,6.4,6.39,6.389355097940733
20230607093633790,6.4,6.39,6.389358304880498
20230607093633870,6.4,6.4,6.389358304880498
20230607093633950,6.4,6.4,6.389358304880498
20230607093634010,6.4,6.4,6.389358304880498
20230607093635490,6.4,6.4,6.389358304880498
20230607093636430,6.4,6.4,6.389358304880498
20230607093639000,6.4,6.4,6.389358304880498
20230607093639030,6.4,6.4,6.389358304880498
20230607093639070,6.4,6.4,6.389358304880498
20230607093639300,6.4,6.4,6.389358304880498
20230607093639400,6.4,6.4,6.389358304880498
20230607093641430,6.4,6.4,6.389358304880498
20230607093641460,6.41,6.4,6.389368854103953
20230607093641530,6.41,6.4,6.389368854103953
20230607093641580,6.41,6.4,6.389379510825982
20230607093641600,6.41,6.4,6.389379510825982
20230607093641870,6.41,6.4,6.389379510825982
20230607093644110,6.41,6.4,6.3893827036777235
20230607093644120,6.41,6.4,6.389390146204686
20230607093644140,6.41,6.4,6.389393332665932
20230607093644150,6.41,6.4,6.38939545591032
20230607093644740,6.41,6.4,6.38939545591032
20230607093644770,6.41,6.4,6.38941605839416
20230607093647210,6.41,6.4,6.38941605839416
20230607093649200,6.41,6.4,6.38941605839416
20230607093649270,6.41,6.4,6.38941605839416
20230607093649380,6.41,6.4,6.38941605839416
20230607093649410,6.41,6.4,6.38941605839416
20230607093651760,6.41,6.4,6.38941605839416
20230607093651910,6.41,6.4,6.38941605839416
20230607093654370,6.41,6.4,6.38941605839416
20230607093654470,6.41,6.4,6.38941605839416
20230607093654770,6.41,6.4,6.38941605839416
20230607093654850,6.41,6.4,6.38941605839416
20230607093655250,6.41,6.4,6.38941605839416
20230607093655540,6.41,6.4,6.38941605839416
20230607093655600,6.41,6.4,6.38941605839416
20230607093657090,6.41,6.4,6.38941605839416
20230607093657380,6.41,6.4,6.38941605839416
20230607093657580,6.41,6.4,6.38941605839416
20230607093658080,6.41,6.4,6.38941605839416
20230607093658090,6.41,6.4,6.38941605839416
20230607093658250,6.41,6.4,6.38941605839416
20230607093659910,6.41,6.4,6.38941605839416
20230607093700020,6.41,6.4,6.38941605839416
20230607093700120,6.41,6.4,6.38941605839416
20230607093700130,6.41,6.4,6.38941605839416
20230607093700160,6.41,6.4,6.38941605839416
20230607093700170,6.41,6.4,6.38941605839416
20230607093700230,6.41,6.4,6.38941605839416
20230607093700270,6.41,6.4,6.38941605839416
20230607093700300,6.41,6.4,6.38941605839416
20230607093700320,6.41,6.4,6.38941605839416
20230607093700600,6.41,6.4,6.38941605839416
20230607093700610,6.41,6.4,6.38941605839416
20230607093700640,6.41,6.4,6.38941605839416
20230607093702570,6.41,6.4,6.38941605839416
20230607093702630,6.41,6.4,6.38941605839416
20230607093702890,6.41,6.4,6.38941605839416
20230607093703430,6.41,6.4,6.38941605839416
20230607093703520,6.41,6.4,6.38941605839416
20230607093705240,6.41,6.4,6.38941605839416
20230607093705690,6.41,6.4,6.38944089456869
20230607093705940,6.41,6.4,6.38944089456869
20230607093706410,6.41,6.4,6.38944089456869
20230607093708110,6.41,6.4,6.38944089456869
20230607093708170,6.41,6.4,6.38944089456869
20230607093710960,6.41,6.4,6.38944089456869
20230607093711030,6.41,6.4,6.38944089456869
20230607093711320,6.41,6.4,6.38944089456869
20230607093711670,6.41,6.4,6.38944089456869
20230607093711700,6.41,6.4,6.38944089456869
20230607093713510,6.41,6.4,6.38944089456869
20230607093714060,6.41,6.4,6.38944089456869
20230607093714100,6.41,6.4,6.38944089456869
20230607093714200,6.41,6.4,6.38944089456869
20230607093714360,6.41,6.4,6.38944089456869
20230607093716120,6.41,6.4,6.38944089456869
20230607093716190,6.41,6.4,6.38944089456869
20230607093716390,6.41,6.4,6.38944089456869
20230607093716520,6.41,6.4,6.38944089456869
20230607093716530,6.41,6.4,6.38944089456869
20230607093717080,6.41,6.4,6.38944089456869
20230607093718720,6.41,6.4,6.38944089456869
20230607093718940,6.41,6.4,6.38944089456869
20230607093719160,6.41,6.4,6.38944089456869
20230607093719180,6.41,6.4,6.38944089456869
20230607093719210,6.41,6.4,6.38944089456869
20230607093719250,6.41,6.4,6.38944089456869
20230607093719850,6.41,6.4,6.38944089456869
20230607093721400,6.41,6.4,6.38944089456869
20230607093721610,6.41,6.4,6.38944089456869
20230607093722090,6.41,6.4,6.38944089456869
20230607093722280,6.41,6.4,6.38944089456869
20230607093722610,6.41,6.4,6.38944089456869
20230607093724170,6.41,6.4,6.38944089456869
20230607093724410,6.41,6.4,6.38944089456869
20230607093724520,6.41,6.4,6.38944089456869
20230607093725120,6.41,6.4,6.38944089456869
20230607093726790,6.41,6.4,6.38944089456869
20230607093726990,6.41,6.4,6.38944089456869
20230607093727030,6.41,6.4,6.38944089456869
20230607093727560,6.41,6.4,6.38944089456869
20230607093727970,6.41,6.4,6.3895216785998405
20230607093729520,6.41,6.4,6.3895216785998405
20230607093730460,6.41,6.4,6.3895216785998405
20230607093730570,6.41,6.4,6.3895216785998405
20230607093732300,6.41,6.4,6.3895216785998405
20230607093732460,6.41,6.4,6.3895216785998405
20230607093733130,6.41,6.4,6.3895216785998405
20230607093733140,6.41,6.4,6.3895526681214045
20230607093733400,6.41,6.4,6.3895526681214045
20230607093735650,6.41,6.4,6.3895526681214045
20230607093737550,6.41,6.4,6.3895526681214045
20230607093737800,6.41,6.4,6.3895526681214045
20230607093738110,6.41,6.4,6.389553704254686
20230607093738330,6.41,6.4,6.389553704254686
20230607093738460,6.41,6.4,6.389553704254686
20230607093738690,6.41,6.4,6.389558881839809
20230607093740440,6.41,6.4,6.389558881839809
20230607093740850,6.41,6.4,6.389558881839809
20230607093741220,6.41,6.4,6.389558881839809
20230607093741320,6.41,6.4,6.389558881839809
20230607093741390,6.41,6.4,6.389558881839809
20230607093743080,6.41,6.4,6.389564054295056
20230607093743140,6.41,6.4,6.3895650881711905
20230607093743160,6.41,6.4,6.389566121842496
20230607093743200,6.41,6.4,6.389566121842496
20230607093743330,6.41,6.4,6.389566121842496
20230607093743590,6.41,6.4,6.389566121842496
20230607093743740,6.41,6.4,6.389566121842496
20230607093744040,6.41,6.4,6.389566121842496
20230607093745850,6.41,6.4,6.389566121842496
20230607093745970,6.41,6.4,6.389566121842496
20230607093746110,6.4,6.4,6.389566121842496
20230607093746140,6.4,6.4,6.389566121842496
20230607093746150,6.4,6.4,6.38956616481775
20230607093746250,6.41,6.4,6.38956616481775
20230607093746480,6.41,6.4,6.38956616481775
20230607093746490,6.4,6.4,6.38956616481775
20230607093746860,6.41,6.4,6.38956616481775
20230607093746910,6.41,6.4,6.38956616481775
20230607093748400,6.41,6.4,6.38956616481775
20230607093748430,6.41,6.4,6.38956616481775
20230607093748440,6.41,6.4,6.38956616481775
20230607093748500,6.41,6.4,6.38956616481775
20230607093748720,6.41,6.4,6.38956616481775
20230607093748900,6.41,6.4,6.38956616481775
20230607093748920,6.41,6.4,6.38956616481775
20230607093751200,6.41,6.4,6.38956616481775
20230607093751430,6.41,6.4,6.38956616481775
20230607093751540,6.41,6.4,6.38956616481775
20230607093751580,6.41,6.4,6.38956616481775
20230607093753930,6.41,6.4,6.38956616481775
20230607093754030,6.41,6.4,6.38956616481775
20230607093754310,6.41,6.4,6.38956616481775
20230607093754470,6.41,6.4,6.38956616481775
20230607093756540,6.41,6.4,6.38956616481775
20230607093756930,6.41,6.4,6.38956616481775
20230607093756980,6.41,6.4,6.38956616481775
20230607093757260,6.41,6.4,6.38956616481775
20230607093759330,6.4,6.4,6.38956616481775
20230607093759340,6.4,6.4,6.38956616481775
20230607093759390,6.4,6.4,6.389643138025954
20230607093759710,6.4,6.4,6.389643138025954
20230607093800140,6.41,6.4,6.389643138025954
20230607093800320,6.41,6.4,6.389643138025954
20230607093801920,6.4,6.4,6.389643138025954
20230607093802260,6.41,6.4,6.389643138025954
20230607093802280,6.4,6.4,6.389643138025954
20230607093802310,6.4,6.4,6.389643138025954
20230607093807290,6.4,6.4,6.389643138025954
20230607093807400,6.4,6.4,6.389643138025954
20230607093807880,6.4,6.4,6.389643138025954
20230607093808500,6.4,6.4,6.389643138025954
20230607093810370,6.4,6.4,6.389643138025954
20230607093810730,6.4,6.4,6.389663494555087
20230607093810780,6.4,6.4,6.389663494555087
20230607093810860,6.4,6.4,6.389663494555087
20230607093812730,6.4,6.4,6.389663494555087
20230607093812990,6.4,6.4,6.389663494555087
20230607093813280,6.4,6.4,6.389663494555087
20230607093813660,6.4,6.4,6.389663494555087
20230607093815400,6.4,6.4,6.389663494555087
20230607093815410,6.4,6.4,6.389663494555087
20230607093815420,6.4,6.4,6.389663494555087
20230607093815440,6.4,6.4,6.389663494555087
20230607093815450,6.4,6.4,6.389663494555087
20230607093815460,6.41,6.4,6.389705911089399
20230607093815470,6.41,6.4,6.389705911089399
20230607093815530,6.41,6.4,6.389705911089399
20230607093815540,6.41,6.4,6.389705911089399
20230607093815570,6.41,6.4,6.389759937797648
20230607093815750,6.41,6.4,6.389778812572759
20230607093815870,6.41,6.4,6.38977980405471
20230607093815910,6.41,6.4,6.38977980405471
20230607093818400,6.41,6.4,6.38977980405471
20230607093818850,6.4,6.4,6.38977980405471
20230607093819100,6.4,6.4,6.389786739046142
20230607093820750,6.4,6.4,6.389786739046142
20230607093821930,6.4,6.4,6.389786739046142
20230607093823530,6.4,6.4,6.389786739046142
20230607093823560,6.4,6.4,6.389786739046142
20230607093824120,6.4,6.4,6.389792675838016
20230607093824140,6.4,6.4,6.389792675838016
20230607093824610,6.4,6.4,6.389792675838016
20230607093826420,6.4,6.4,6.389792675838016
20230607093827150,6.4,6.4,6.389792675838016
20230607093827160,6.4,6.4,6.389792675838016
20230607093827300,6.4,6.4,6.389792675838016
20230607093827310,6.4,6.4,6.389792675838016
20230607093828900,6.4,6.4,6.389792675838016
20230607093830060,6.4,6.4,6.389806501547987
20230607093832100,6.4,6.4,6.389806501547987
20230607093832160,6.4,6.4,6.389806501547987
20230607093832260,6.4,6.4,6.389806501547987
20230607093834300,6.4,6.4,6.389806501547987
20230607093834520,6.4,6.4,6.389806501547987
20230607093834550,6.4,6.4,6.389806501547987
20230607093834940,6.4,6.4,6.389806501547987
20230607093835190,6.4,6.4,6.389806501547987
20230607093835340,6.4,6.4,6.389806501547987
20230607093835470,6.4,6.4,6.389806501547987
20230607093837080,6.4,6.4,6.389806501547987
20230607093837110,6.4,6.4,6.389806501547987
20230607093837120,6.4,6.4,6.389806501547987
20230607093837160,6.4,6.4,6.389806501547987
20230607093840000,6.4,6.4,6.389806501547987
20230607093840100,6.4,6.4,6.389806501547987
20230607093840170,6.4,6.4,6.389806501547987
20230607093840450,6.4,6.4,6.389806501547987
20230607093840520,6.4,6.4,6.389806501547987
20230607093840620,6.4,6.4,6.389806501547987
20230607093842650,6.4,6.4,6.389806501547987
20230607093842660,6.4,6.4,6.389806501547987
20230607093843190,6.4,6.4,6.389806501547987
20230607093843230,6.4,6.4,6.389806501547987
20230607093843500,6.4,6.4,6.389806501547987
20230607093845060,6.4,6.4,6.389806501547987
20230607093845110,6.4,6.4,6.389806501547987
20230607093845540,6.4,6.4,6.389806501547987
20230607093845560,6.4,6.4,6.389806501547987
20230607093845590,6.4,6.4,6.389806501547987
20230607093846180,6.4,6.4,6.389806501547987
20230607093847930,6.4,6.4,6.389806501547987
20230607093848660,6.4,6.4,6.389806501547987
20230607093850500,6.4,6.4,6.389806501547987
20230607093850680,6.4,6.4,6.389806501547987
20230607093851340,6.4,6.4,6.389806501547987
20230607093854350,6.4,6.4,6.389806501547987
20230607093856600,6.4,6.4,6.389806501547987
20230607093858540,6.4,6.4,6.389806501547987
20230607093859010,6.4,6.4,6.389806501547987
20230607093901270,6.4,6.4,6.389806501547987
20230607093901510,6.4,6.4,6.389806501547987
20230607093901570,6.4,6.4,6.389806501547987
20230607093901660,6.4,6.4,6.389806501547987
20230607093902090,6.4,6.4,6.389806501547987
20230607093902100,6.4,6.4,6.389806501547987
20230607093903940,6.4,6.4,6.389806501547987
20230607093904040,6.4,6.4,6.389806501547987
20230607093904930,6.4,6.4,6.389806501547987
20230607093905160,6.4,6.4,6.389806501547987
20230607093906710,6.4,6.4,6.389910791366907
20230607093906810,6.4,6.4,6.389910791366907
20230607093906940,6.4,6.4,6.389910791366907
20230607093906950,6.4,6.4,6.389910791366907
20230607093907850,6.4,6.4,6.389910791366907
20230607093909440,6.4,6.4,6.389910791366907
20230607093909450,6.4,6.4,6.389910791366907
20230607093912430,6.4,6.4,6.389910791366907
20230607093912630,6.4,6.4,6.389910791366907
20230607093912830,6.41,6.4,6.389910791366907
20230607093912960,6.41,6.4,6.389910791366907
20230607093913110,6.41,6.4,6.389910791366907
20230607093913220,6.41,6.4,6.389978011472276
20230607093914850,6.41,6.4,6.389978011472276
20230607093914960,6.41,6.4,6.389979925437339
20230607093915020,6.41,6.4,6.389979925437339
20230607093917730,6.41,6.4,6.389979925437339
20230607093917930,6.41,6.4,6.389979925437339
20230607093918260,6.41,6.4,6.389979925437339
20230607093922940,6.41,6.4,6.389979925437339
20230607093922950,6.41,6.4,6.389979925437339
20230607093923370,6.41,6.4,6.389979925437339
20230607093926130,6.41,6.4,6.389979925437339
20230607093926140,6.41,6.4,6.389979925437339
20230607093928600,6.41,6.4,6.390001909672491
20230607093928710,6.41,6.4,6.390001909672491
20230607093928770,6.41,6.4,6.390001909672491
20230607093928830,6.41,6.4,6.390001909672491
20230607093932160,6.41,6.4,6.390001909672491
20230607093932180,6.41,6.4,6.390001909672491
20230607093934340,6.41,6.4,6.390001909672491
20230607093934620,6.41,6.4,6.390001909672491
20230607093934770,6.41,6.4,6.390001909672491
20230607093934780,6.41,6.4,6.390070415834047
20230607093936500,6.41,6.4,6.3900742079726
20230607093936550,6.41,6.4,6.3900742079726
20230607093937040,6.41,6.4,6.3900742079726
20230607093937070,6.41,6.4,6.3900742079726
20230607093937120,6.41,6.4,6.3900742079726
20230607093939340,6.41,6.4,6.3900742079726
20230607093939750,6.41,6.4,6.3900742079726
20230607093940000,6.41,6.4,6.3900742079726
20230607093940270,6.41,6.4,6.3900742079726
20230607093941970,6.41,6.4,6.3900742079726
20230607093942010,6.41,6.4,6.3900742079726
20230607093942050,6.41,6.4,6.3900742079726
20230607093942070,6.41,6.4,6.3900742079726
20230607093942080,6.41,6.4,6.3900742079726
20230607093942110,6.41,6.4,6.3900742079726
20230607093942660,6.41,6.4,6.3900742079726
20230607093942880,6.41,6.4,6.3900742079726
20230607093942990,6.41,6.4,6.3900742079726
20230607093944830,6.41,6.4,6.3900742079726
20230607093945150,6.41,6.4,6.3900742079726
20230607093945310,6.41,6.4,6.3900742079726
20230607093947750,6.41,6.4,6.3900742079726
20230607093948060,6.41,6.4,6.3900742079726
20230607093948100,6.41,6.4,6.3900742079726
20230607093948260,6.41,6.4,6.390315789473684
20230607093949840,6.41,6.4,6.390315789473684
20230607093949900,6.41,6.4,6.390315789473684
20230607093950060,6.41,6.4,6.390315789473684
20230607093953160,6.41,6.4,6.390321337968618
20230607093953210,6.41,6.4,6.390321337968618
20230607093953370,6.41,6.4,6.390321337968618
20230607093953710,6.41,6.4,6.390321337968618
20230607093955450,6.41,6.4,6.390321337968618
20230607093955550,6.41,6.4,6.390321337968618
20230607093955900,6.41,6.4,6.390321337968618
20230607093956220,6.41,6.4,6.390321337968618
20230607093956430,6.41,6.4,6.390321337968618
20230607093958780,6.41,6.4,6.390325035227806
20230607093958910,6.41,6.4,6.390325035227806
20230607093958940,6.41,6.4,6.390325035227806
20230607093959160,6.41,6.4,6.390334115438761
20230607094000640,6.41,6.4,6.390334115438761
20230607094000750,6.41,6.4,6.390369121229155
20230607094000830,6.41,6.4,6.390369121229155
20230607094000880,6.41,6.4,6.390369121229155
20230607094001140,6.41,6.4,6.390369121229155
20230607094001250,6.41,6.4,6.390369121229155
20230607094001820,6.41,6.4,6.390369121229155
20230607094003480,6.41,6.4,6.390369121229155
20230607094006160,6.41,6.4,6.390369121229155
20230607094006450,6.41,6.4,6.390369121229155
20230607094006530,6.41,6.4,6.390369121229155
20230607094006640,6.41,6.4,6.390369121229155
20230607094009670,6.41,6.4,6.390369121229155
20230607094012100,6.41,6.4,6.390369121229155
20230607094012200,6.41,6.4,6.390369121229155
20230607094012230,6.41,6.4,6.390369121229155
20230607094012330,6.41,6.4,6.390369121229155
20230607094012350,6.41,6.4,6.390369121229155
20230607094014160,6.41,6.4,6.390369121229155
20230607094014420,6.41,6.4,6.390386523163313
20230607094014450,6.41,6.4,6.390405380160658
20230607094014590,6.41,6.4,6.390480074142725
20230607094014620,6.41,6.4,6.390480074142725
20230607094014690,6.41,6.4,6.390480074142725
20230607094015010,6.41,6.4,6.390480074142725
20230607094015030,6.41,6.4,6.390480074142725
20230607094016980,6.41,6.4,6.390480074142725
20230607094017770,6.41,6.4,6.390480074142725
20230607094017910,6.41,6.4,6.390480074142725
20230607094017950,6.41,6.4,6.390480074142725
20230607094018000,6.41,6.4,6.390513176144244
20230607094019580,6.41,6.4,6.390513176144244
20230607094020430,6.41,6.4,6.390513176144244
20230607094022250,6.41,6.4,6.390513176144244
20230607094022840,6.41,6.4,6.390513176144244
20230607094022930,6.41,6.4,6.390513176144244
20230607094024970,6.41,6.4,6.390513176144244
20230607094025090,6.41,6.4,6.390513176144244
20230607094025200,6.41,6.4,6.390513176144244
20230607094025350,6.41,6.4,6.390513176144244
20230607094025390,6.41,6.4,6.390513176144244
20230607094025460,6.41,6.4,6.390513176144244
20230607094025520,6.41,6.4,6.390513176144244
20230607094025660,6.41,6.4,6.390513176144244
20230607094028050,6.41,6.4,6.390684583257672
20230607094028080,6.41,6.4,6.390693033381712
20230607094028090,6.41,6.4,6.390703153316419
20230607094028100,6.41,6.4,6.390703153316419
20230607094028120,6.41,6.4,6.390703153316419
20230607094028150,6.41,6.4,6.390703995650992
20230607094028230,6.41,6.4,6.390741743367623
20230607094028280,6.41,6.4,6.390749256153638
20230607094028290,6.4,6.4,6.3907567567567565
20230607094028300,6.4,6.4,6.3907567567567565
20230607094028360,6.4,6.4,6.3907567567567565
20230607094028400,6.4,6.4,6.3907567567567565
20230607094028530,6.4,6.4,6.3907567567567565
20230607094028540,6.4,6.4,6.390764245206589
20230607094028600,6.4,6.4,6.390798206278027
20230607094028610,6.4,6.4,6.390798206278027
20230607094028620,6.4,6.4,6.390799856527977
20230607094028650,6.41,6.4,6.390799856527977
20230607094028680,6.41,6.4,6.390799856527977
20230607094028690,6.41,6.4,6.390799856527977
20230607094028710,6.41,6.4,6.390799856527977
20230607094028750,6.41,6.4,6.390799856527977
20230607094028790,6.41,6.4,6.390799856527977
20230607094030410,6.41,6.4,6.390799856527977
20230607094030490,6.41,6.4,6.390799856527977
20230607094031030,6.41,6.4,6.390799856527977
20230607094031080,6.41,6.4,6.390799856527977
20230607094031130,6.41,6.4,6.390799856527977
20230607094031190,6.41,6.4,6.390799856527977
20230607094031210,6.41,6.4,6.390799856527977
20230607094031220,6.4,6.4,6.390810568741603
20230607094031310,6.4,6.4,6.390813037249283
20230607094031520,6.4,6.4,6.390813037249283
20230607094031530,6.4,6.4,6.390813037249283
20230607094033640,6.4,6.4,6.390813037249283
20230607094033930,6.4,6.4,6.390813037249283
20230607094034200,6.4,6.4,6.390813037249283
20230607094036360,6.4,6.4,6.390813037249283
20230607094038650,6.4,6.4,6.3908353456757
20230607094038830,6.4,6.4,6.3908353456757
20230607094039180,6.4,6.4,6.3908353456757
20230607094039500,6.4,6.4,6.3908353456757
20230607094041240,6.4,6.4,6.3908353456757
20230607094041280,6.4,6.4,6.390853288062902
20230607094041290,6.4,6.4,6.390854922279793
20230607094041310,6.4,6.4,6.390857372510494
20230607094041390,6.4,6.4,6.390857372510494
20230607094041730,6.4,6.4,6.390857372510494
20230607094041880,6.4,6.4,6.390857372510494
20230607094042040,6.4,6.4,6.390857372510494
20230607094042080,6.4,6.4,6.390857372510494
20230607094043870,6.4,6.4,6.390857372510494
20230607094044460,6.4,6.4,6.390869603995719
20230607094044470,6.4,6.4,6.390869603995719
20230607094044500,6.4,6.4,6.390869603995719
20230607094044530,6.4,6.4,6.390878552971576
20230607094044820,6.4,6.4,6.390878552971576
20230607094046730,6.4,6.4,6.390878552971576
20230607094046840,6.4,6.4,6.390878552971576
20230607094047260,6.4,6.4,6.390878552971576
20230607094047420,6.4,6.4,6.390878552971576
20230607094049240,6.4,6.4,6.390878552971576
20230607094049250,6.4,6.4,6.390878552971576
20230607094049260,6.4,6.4,6.390878552971576
20230607094049270,6.4,6.4,6.390878552971576
20230607094049680,6.4,6.4,6.390878552971576
20230607094049950,6.4,6.4,6.390878552971576
20230607094050350,6.4,6.4,6.390878552971576
20230607094050400,6.4,6.4,6.390878552971576
20230607094051980,6.4,6.4,6.390878552971576
20230607094052100,6.4,6.4,6.390878552971576
20230607094052110,6.4,6.4,6.390918928508071
20230607094052150,6.4,6.4,6.390918928508071
20230607094052180,6.4,6.4,6.390918928508071
20230607094052500,6.4,6.4,6.390918928508071
20230607094054820,6.4,6.4,6.390918928508071
20230607094054830,6.4,6.4,6.390918928508071
20230607094054900,6.4,6.4,6.390918928508071
20230607094055040,6.4,6.4,6.390918928508071
20230607094055140,6.4,6.4,6.3909285840864785
20230607094055660,6.4,6.4,6.3909285840864785
20230607094058080,6.4,6.4,6.3909285840864785
20230607094058140,6.41,6.4,6.390945383730194
20230607094058150,6.41,6.4,6.390945383730194
20230607094058210,6.41,6.4,6.390945383730194
20230607094058270,6.41,6.4,6.390945383730194
20230607094100030,6.41,6.4,6.390945383730194
20230607094100060,6.41,6.4,6.390945383730194
20230607094100240,6.41,6.4,6.390945383730194
20230607094100310,6.41,6.4,6.390945383730194
20230607094100400,6.41,6.4,6.390945383730194
20230607094100420,6.41,6.4,6.390945383730194
20230607094100760,6.41,6.4,6.390945383730194
20230607094100770,6.41,6.4,6.390945383730194
20230607094100780,6.41,6.4,6.390945383730194
20230607094100830,6.41,6.4,6.390945383730194
20230607094100950,6.41,6.4,6.390945383730194
20230607094101040,6.41,6.4,6.390945383730194
20230607094101060,6.41,6.4,6.390945383730194
20230607094101070,6.41,6.4,6.390945383730194
20230607094103040,6.41,6.4,6.390970162429379
20230607094103270,6.41,6.4,6.390970162429379
20230607094103340,6.41,6.4,6.390970162429379
20230607094103400,6.41,6.4,6.390970162429379
20230607094103500,6.41,6.4,6.390970162429379
20230607094103780,6.41,6.4,6.39097414629842
20230607094103820,6.4,6.4,6.390986624887982
20230607094103850,6.4,6.4,6.3909874190396385
20230607094105840,6.4,6.4,6.3909874190396385
20230607094106370,6.4,6.4,6.3909874190396385
20230607094106440,6.4,6.4,6.3909874190396385
20230607094106610,6.4,6.4,6.3909874190396385
20230607094108360,6.4,6.4,6.3909874190396385
20230607094110950,6.4,6.4,6.390989800655174
20230607094111240,6.4,6.4,6.390989800655174
20230607094111350,6.4,6.4,6.390989800655174
20230607094111730,6.4,6.4,6.390989800655174
20230607094111980,6.4,6.4,6.390989800655174
20230607094113760,6.4,6.4,6.390989800655174
20230607094113770,6.4,6.4,6.390989800655174
20230607094114330,6.41,6.4,6.390991633641567
20230607094114700,6.4,6.4,6.390991633641567
20230607094114720,6.4,6.4,6.390991633641567
20230607094114730,6.4,6.4,6.390991633641567
20230607094116790,6.4,6.4,6.390991633641567
20230607094116810,6.4,6.4,6.390991633641567
20230607094117140,6.4,6.4,6.390991633641567
20230607094117220,6.4,6.4,6.390991633641567
20230607094119050,6.4,6.4,6.390991633641567
20230607094119140,6.4,6.4,6.390991633641567
20230607094119260,6.4,6.4,6.390991633641567
20230607094119320,6.4,6.4,6.390991633641567
20230607094119500,6.4,6.4,6.390991633641567
20230607094119700,6.4,6.4,6.390991633641567
20230607094119840,6.4,6.4,6.390991633641567
20230607094121660,6.4,6.4,6.390991633641567
20230607094121770,6.4,6.4,6.390991633641567
20230607094121780,6.4,6.4,6.390991633641567
20230607094124440,6.4,6.4,6.390991633641567
20230607094124500,6.4,6.4,6.390991633641567
20230607094124560,6.41,6.4,6.391211965267116
20230607094124630,6.41,6.4,6.391229296157233
20230607094124820,6.41,6.4,6.391236810024082
20230607094124940,6.41,6.4,6.391236810024082
20230607094125170,6.41,6.4,6.3912383112528035
20230607094125330,6.41,6.4,6.3912383112528035
20230607094127130,6.41,6.4,6.3912383112528035
20230607094128050,6.41,6.4,6.3912383112528035
20230607094128110,6.41,6.4,6.3912383112528035
20230607094128140,6.41,6.4,6.3912383112528035
20230607094128150,6.41,6.4,6.391239061674299
20230607094128160,6.41,6.4,6.391241312167717
20230607094128190,6.41,6.4,6.391242811854436
20230607094128200,6.41,6.4,6.391258856406251
20230607094128210,6.41,6.4,6.391258856406251
20230607094128220,6.41,6.4,6.391258856406251
20230607094128270,6.41,6.4,6.391258856406251
20230607094129870,6.41,6.4,6.391296698120854
20230607094130010,6.41,6.4,6.391296698120854
20230607094130120,6.41,6.4,6.391296698120854
20230607094130150,6.41,6.4,6.391296698120854
20230607094132600,6.41,6.4,6.391299667596123
20230607094132740,6.41,6.4,6.391299667596123
20230607094133170,6.41,6.4,6.391301151574022
20230607094135880,6.41,6.4,6.391301151574022
20230607094136170,6.41,6.4,6.391317084892324
20230607094136190,6.41,6.4,6.391318676730832
20230607094137970,6.41,6.4,6.391318676730832
20230607094137980,6.41,6.4,6.391318676730832
20230607094138410,6.41,6.4,6.391318676730832
20230607094138700,6.41,6.4,6.391318676730832
20230607094140820,6.41,6.4,6.391320761628897
20230607094140930,6.41,6.4,6.391347283509816
20230607094140990,6.41,6.4,6.391347283509816
20230607094141220,6.41,6.4,6.391357576756631
20230607094141640,6.41,6.4,6.391363910881879
20230607094143400,6.41,6.4,6.391363910881879
20230607094143650,6.41,6.4,6.391363910881879
20230607094143960,6.41,6.4,6.391363910881879
20230607094146710,6.41,6.4,6.391363910881879
20230607094149330,6.41,6.4,6.391363910881879
20230607094151410,6.41,6.4,6.391363910881879
20230607094151460,6.41,6.4,6.391363910881879
20230607094151810,6.41,6.4,6.391363910881879
20230607094152080,6.41,6.4,6.391364644389312
20230607094152160,6.41,6.4,6.391364644389312
20230607094152170,6.41,6.4,6.391364644389312
20230607094152190,6.41,6.4,6.391364644389312
20230607094154030,6.41,6.4,6.391364644389312
20230607094154330,6.41,6.4,6.391364644389312
20230607094154390,6.41,6.4,6.391364644389312
20230607094154400,6.41,6.4,6.391364644389312
20230607094154460,6.41,6.4,6.391364644389312
20230607094154520,6.41,6.4,6.391364644389312
20230607094154560,6.41,6.4,6.391364644389312
20230607094154580,6.41,6.4,6.391364644389312
20230607094155090,6.4,6.4,6.391364644389312
20230607094155150,6.4,6.4,6.391364644389312
20230607094155260,6.4,6.4,6.391364644389312
20230607094156850,6.4,6.4,6.391364644389312
20230607094157240,6.4,6.4,6.391364644389312
20230607094157910,6.4,6.4,6.391364644389312
20230607094159430,6.4,6.4,6.391364644389312
20230607094159890,6.4,6.4,6.391364644389312
20230607094200180,6.4,6.4,6.391364644389312
20230607094202480,6.4,6.4,6.391364644389312
20230607094205040,6.4,6.4,6.391364644389312
20230607094205460,6.4,6.4,6.391364644389312
20230607094205470,6.4,6.4,6.391364644389312
20230607094205770,6.4,6.4,6.39140261583045
20230607094206060,6.4,6.4,6.39140261583045
20230607094208240,6.4,6.4,6.39140261583045
20230607094208270,6.4,6.4,6.391403342778072
20230607094210460,6.4,6.4,6.391403342778072
20230607094211050,6.4,6.4,6.391403342778072
20230607094211100,6.4,6.4,6.391403342778072
20230607094211390,6.4,6.4,6.391403342778072
20230607094213020,6.4,6.4,6.391403342778072
20230607094213710,6.4,6.4,6.391403342778072
20230607094213940,6.4,6.4,6.391425094187332
20230607094215750,6.4,6.4,6.391425094187332
20230607094215780,6.4,6.4,6.391425094187332
20230607094215950,6.4,6.4,6.391425094187332
20230607094216170,6.4,6.4,6.391425094187332
20230607094218660,6.41,6.4,6.39143448565211
20230607094218680,6.41,6.4,6.39143448565211
20230607094219550,6.41,6.4,6.39145516138249
20230607094221240,6.41,6.4,6.39145516138249
20230607094221570,6.41,6.4,6.39145516138249
20230607094221930,6.41,6.4,6.39145516138249
20230607094222080,6.41,6.4,6.39145516138249
20230607094222100,6.4,6.4,6.39145516138249
20230607094222150,6.41,6.4,6.39145516138249
20230607094222180,6.41,6.4,6.39145516138249
20230607094227440,6.41,6.4,6.39145516138249
20230607094227530,6.41,6.4,6.39145516138249
20230607094229360,6.41,6.4,6.39145516138249
20230607094229720,6.41,6.4,6.39145516138249
20230607094229790,6.41,6.4,6.39145516138249
20230607094234840,6.41,6.4,6.39145516138249
20230607094234860,6.41,6.4,6.39145516138249
20230607094235230,6.41,6.4,6.39145516138249
20230607094235260,6.41,6.4,6.39145516138249
20230607094235490,6.41,6.4,6.39145516138249
20230607094237400,6.41,6.4,6.39145516138249
20230607094238030,6.41,6.4,6.39145516138249
20230607094240200,6.41,6.4,6.39145516138249
20230607094240780,6.4,6.4,6.39145516138249
20230607094242850,6.4,6.4,6.39145516138249
20230607094245400,6.4,6.4,6.39145516138249
20230607094248430,6.4,6.4,6.39145516138249
20230607094248470,6.4,6.4,6.39145516138249
20230607094248810,6.4,6.4,6.39145516138249
20230607094249130,6.4,6.4,6.39145516138249
20230607094250920,6.4,6.4,6.39145516138249
20230607094250960,6.4,6.4,6.39145516138249
20230607094251780,6.4,6.4,6.39145516138249
20230607094254210,6.4,6.4,6.39145516138249
20230607094256760,6.4,6.4,6.39145516138249
20230607094258840,6.4,6.4,6.39145516138249
20230607094259270,6.4,6.4,6.39145516138249
20230607094302410,6.4,6.4,6.391512567992035
20230607094302540,6.4,6.4,6.391512442412382
20230607094304460,6.4,6.4,6.391512442412382
20230607094304690,6.4,6.4,6.391512442412382
20230607094307150,6.4,6.4,6.391512442412382
20230607094307580,6.4,6.4,6.391512442412382
20230607094307620,6.4,6.4,6.391512442412382
20230607094309780,6.4,6.4,6.391512442412382
20230607094309790,6.4,6.4,6.391509434743953
20230607094310090,6.4,6.4,6.391509434743953
20230607094310100,6.4,6.4,6.391509434743953
20230607094310560,6.4,6.4,6.391509434743953
20230607094310730,6.4,6.4,6.391506937476269
20230607094313060,6.4,6.4,6.391506937476269
20230607094313130,6.4,6.4,6.391506937476269
20230607094313180,6.4,6.4,6.391506937476269
20230607094315380,6.4,6.4,6.391506937476269
20230607094315410,6.4,6.4,6.391506937476269
20230607094315420,6.4,6.4,6.391506937476269
20230607094315500,6.4,6.4,6.391506937476269
20230607094315520,6.4,6.4,6.391506937476269
20230607094315960,6.4,6.4,6.391506937476269
20230607094318630,6.4,6.4,6.391506937476269
20230607094320440,6.4,6.4,6.391506937476269
20230607094320930,6.4,6.4,6.391506937476269
20230607094321150,6.4,6.4,6.391506937476269
20230607094321320,6.4,6.4,6.391506937476269
20230607094323400,6.4,6.4,6.391506937476269
20230607094323490,6.4,6.4,6.391506937476269
20230607094324340,6.4,6.4,6.391506937476269
20230607094326300,6.4,6.4,6.391506937476269
20230607094326420,6.4,6.4,6.391506937476269
20230607094328700,6.4,6.4,6.391506937476269
20230607094329430,6.4,6.4,6.391506937476269
20230607094331670,6.4,6.4,6.391506937476269
20230607094332260,6.4,6.4,6.391496008187995
20230607094332450,6.4,6.4,6.391496008187995
20230607094334160,6.4,6.4,6.391496008187995
20230607094334350,6.4,6.4,6.391496008187995
20230607094336640,6.4,6.4,6.391496008187995
20230607094337190,6.4,6.4,6.391496008187995
20230607094337530,6.4,6.4,6.391496008187995
20230607094339330,6.4,6.4,6.391496008187995
20230607094340130,6.4,6.4,6.391496008187995
20230607094340140,6.4,6.4,6.3914974166421
20230607094340240,6.4,6.39,6.3914974166421
20230607094340280,6.4,6.39,6.3914974166421
20230607094340310,6.4,6.39,6.3914974166421
20230607094340320,6.4,6.39,6.3914974166421
20230607094342400,6.4,6.39,6.3914974166421
20230607094342480,6.4,6.39,6.3914974166421
20230607094342530,6.4,6.39,6.3914974166421
20230607094343170,6.4,6.39,6.3914974166421
20230607094343180,6.4,6.39,6.3914974166421
20230607094344790,6.4,6.39,6.3914974166421
20230607094345120,6.4,6.39,6.3914974166421
20230607094345180,6.4,6.39,6.3914974166421
20230607094345240,6.4,6.39,6.3914974166421
20230607094345310,6.4,6.39,6.3914974166421
20230607094345380,6.4,6.39,6.3914974166421
20230607094345820,6.4,6.39,6.3914974166421
20230607094345830,6.4,6.39,6.3914974166421
20230607094345890,6.4,6.39,6.3914974166421
20230607094345940,6.4,6.39,6.3914974166421
20230607094347990,6.4,6.39,6.3914974166421
20230607094348230,6.4,6.39,6.39152074088552
20230607094350260,6.4,6.39,6.39152074088552
20230607094351330,6.4,6.39,6.39152074088552
20230607094356510,6.4,6.39,6.39152074088552
20230607094356550,6.4,6.39,6.39152074088552
20230607094356690,6.4,6.39,6.39152074088552
20230607094358230,6.4,6.39,6.39152074088552
20230607094358260,6.4,6.39,6.39152074088552
20230607094358310,6.4,6.39,6.39152074088552
20230607094358500,6.4,6.39,6.39152074088552
20230607094358900,6.4,6.39,6.39152074088552
20230607094358960,6.4,6.39,6.39152074088552
20230607094359060,6.4,6.39,6.39152074088552
20230607094359210,6.4,6.39,6.39152074088552
20230607094359440,6.4,6.39,6.39152074088552
20230607094401050,6.4,6.39,6.39152074088552
20230607094401080,6.4,6.39,6.3915206890203855
20230607094401110,6.4,6.39,6.391520566785283
20230607094401120,6.4,6.39,6.3915189795153085
20230607094401150,6.4,6.39,6.3915189795153085
20230607094401190,6.4,6.39,6.3915189795153085
20230607094401460,6.4,6.39,6.3915189795153085
20230607094401520,6.4,6.39,6.3915189795153085
20230607094402030,6.4,6.39,6.3915189795153085
20230607094403640,6.4,6.39,6.391526788439706
20230607094403850,6.4,6.39,6.391526788439706
20230607094404010,6.4,6.39,6.391526788439706
20230607094404090,6.4,6.39,6.391526788439706
20230607094404380,6.4,6.39,6.391526788439706
20230607094406400,6.4,6.39,6.391526788439706
20230607094406410,6.4,6.39,6.391526788439706
20230607094406420,6.4,6.39,6.391526788439706
20230607094406510,6.4,6.39,6.391526788439706
20230607094406600,6.4,6.39,6.391526788439706
20230607094406770,6.4,6.39,6.391526788439706
20230607094407250,6.4,6.39,6.391526788439706
20230607094407320,6.4,6.39,6.391526788439706
20230607094407500,6.4,6.39,6.391526788439706
20230607094409510,6.4,6.39,6.391526788439706
20230607094412390,6.4,6.39,6.391526788439706
20230607094412610,6.4,6.39,6.391526788439706
20230607094412730,6.4,6.39,6.391531970453958
20230607094414540,6.4,6.39,6.391531544935124
20230607094420720,6.4,6.39,6.391531544935124
20230607094420800,6.4,6.39,6.391531544935124
20230607094422910,6.4,6.39,6.391531544935124
20230607094423540,6.4,6.39,6.391531544935124
20230607094423750,6.4,6.39,6.391548901483011
20230607094426240,6.4,6.39,6.391548901483011
20230607094428070,6.4,6.39,6.391548901483011
20230607094428230,6.4,6.39,6.391548901483011
20230607094428400,6.4,6.39,6.391548901483011
20230607094428410,6.4,6.39,6.391548901483011
20230607094428480,6.4,6.39,6.391548901483011
20230607094428560,6.4,6.39,6.391548901483011
20230607094428910,6.4,6.39,6.391548901483011
20230607094429140,6.4,6.39,6.391548901483011
20230607094431080,6.4,6.39,6.391548901483011
20230607094431090,6.4,6.39,6.391548901483011
20230607094431530,6.4,6.39,6.391548901483011
20230607094431550,6.4,6.39,6.391548901483011
20230607094434410,6.4,6.39,6.391548901483011
20230607094436280,6.4,6.39,6.391548901483011
20230607094436340,6.4,6.39,6.391548901483011
20230607094436400,6.4,6.39,6.391548901483011
20230607094436410,6.4,6.39,6.391548901483011
20230607094436930,6.4,6.39,6.391548901483011
20230607094437080,6.4,6.39,6.391548901483011
20230607094437190,6.4,6.39,6.391548901483011
20230607094437230,6.4,6.39,6.391548901483011
20230607094439120,6.4,6.39,6.391548901483011
20230607094439400,6.4,6.39,6.391548901483011
20230607094439470,6.4,6.39,6.39158994078073
20230607094442380,6.4,6.39,6.39160897446403
20230607094446940,6.4,6.39,6.39160897446403
20230607094452300,6.4,6.39,6.39160897446403
20230607094452380,6.4,6.39,6.39160897446403
20230607094452420,6.4,6.39,6.391616825293609
20230607094452490,6.4,6.39,6.391625313797591
20230607094452850,6.4,6.39,6.391625313797591
20230607094453090,6.4,6.39,6.391625313797591
20230607094455140,6.4,6.39,6.391632482962624
20230607094457870,6.4,6.39,6.391632482962624
20230607094458140,6.4,6.39,6.391632482962624
20230607094458190,6.4,6.39,6.391632482962624
20230607094500460,6.4,6.39,6.391632482962624
20230607094500500,6.4,6.39,6.391632482962624
20230607094500570,6.4,6.39,6.391632482962624
20230607094500800,6.4,6.39,6.391632482962624
20230607094500980,6.4,6.39,6.391632482962624
20230607094501020,6.4,6.39,6.391632482962624
20230607094501040,6.4,6.39,6.391632482962624
20230607094501090,6.4,6.39,6.391632482962624
20230607094501110,6.4,6.39,6.391632482962624
20230607094501130,6.4,6.39,6.391632482962624
20230607094501150,6.4,6.39,6.391632482962624
20230607094501180,6.39,6.39,6.391632482962624
20230607094501210,6.39,6.39,6.391632482962624
20230607094501370,6.39,6.39,6.391632482962624
20230607094503230,6.39,6.39,6.391632482962624
20230607094503250,6.39,6.39,6.391632482962624
20230607094503260,6.39,6.39,6.391632482962624
20230607094503270,6.4,6.39,6.391632482962624
20230607094503460,6.4,6.39,6.391632482962624
20230607094503470,6.4,6.39,6.391632482962624
20230607094503810,6.4,6.39,6.391632482962624
20230607094503940,6.4,6.39,6.391632482962624
20230607094504150,6.4,6.39,6.391632482962624
20230607094505690,6.39,6.39,6.391632482962624
20230607094506130,6.39,6.39,6.391632482962624
20230607094506340,6.39,6.39,6.391632482962624
20230607094506570,6.39,6.39,6.391632482962624
20230607094509100,6.39,6.39,6.391632482962624
20230607094509170,6.39,6.39,6.391632482962624
20230607094512150,6.39,6.39,6.391632482962624
20230607094512230,6.39,6.39,6.391632482962624
20230607094512320,6.39,6.39,6.391632482962624
20230607094513850,6.39,6.39,6.391632482962624
20230607094513930,6.4,6.39,6.391632482962624
20230607094513960,6.4,6.39,6.391632482962624
20230607094517010,6.4,6.39,6.391632482962624
20230607094519200,6.4,6.39,6.391632482962624
20230607094519220,6.39,6.39,6.391632482962624
20230607094520000,6.39,6.39,6.391632482962624
20230607094522230,6.39,6.39,6.391632482962624
20230607094522250,6.39,6.39,6.391632482962624
20230607094522450,6.39,6.39,6.391632482962624
20230607094522490,6.39,6.39,6.391632482962624
20230607094524680,6.39,6.39,6.391632482962624
20230607094525330,6.39,6.39,6.391632482962624
20230607094525450,6.39,6.39,6.391632482962624
20230607094525490,6.39,6.39,6.391632482962624
20230607094525670,6.39,6.39,6.391632482962624
20230607094525830,6.39,6.39,6.391632482962624
20230607094527500,6.39,6.39,6.391632482962624
20230607094527730,6.39,6.39,6.391632482962624
20230607094528420,6.39,6.39,6.391632482962624
20230607094528520,6.39,6.39,6.391632482962624
20230607094530020,6.39,6.39,6.391632482962624
20230607094530050,6.39,6.39,6.391632482962624
20230607094531050,6.39,6.39,6.391632482962624
20230607094531200,6.39,6.39,6.391632482962624
20230607094535900,6.39,6.39,6.391632482962624
20230607094536660,6.39,6.39,6.391632482962624
20230607094538260,6.39,6.39,6.391632482962624
20230607094538330,6.39,6.39,6.391632482962624
20230607094538550,6.39,6.39,6.391632482962624
20230607094538790,6.39,6.39,6.391632482962624
20230607094539050,6.39,6.39,6.391632482962624
20230607094539120,6.39,6.39,6.391632482962624
20230607094539280,6.39,6.39,6.391632482962624
20230607094540850,6.39,6.39,6.391632482962624
20230607094540900,6.39,6.39,6.391632482962624
20230607094541040,6.39,6.39,6.391632482962624
20230607094541420,6.39,6.39,6.391592435263132
20230607094543550,6.39,6.39,6.391592435263132
20230607094543700,6.39,6.39,6.391592435263132
20230607094546230,6.39,6.39,6.391592435263132
20230607094546510,6.39,6.39,6.391592435263132
20230607094547200,6.39,6.39,6.391592435263132
20230607094548920,6.39,6.39,6.391592435263132
20230607094549160,6.39,6.39,6.391592435263132
20230607094551710,6.39,6.39,6.391592435263132
20230607094552010,6.39,6.39,6.391175746208218
20230607094552070,6.39,6.39,6.391175746208218
20230607094552080,6.39,6.39,6.391175746208218
20230607094552090,6.39,6.39,6.391175746208218
20230607094552190,6.39,6.39,6.391175746208218
20230607094552200,6.39,6.39,6.391175746208218
20230607094552500,6.39,6.39,6.391175746208218
20230607094552710,6.39,6.39,6.391175746208218
20230607094552720,6.39,6.39,6.391175746208218
20230607094554350,6.39,6.39,6.391175746208218
20230607094555110,6.39,6.39,6.391175746208218
20230607094555550,6.39,6.39,6.391175746208218
20230607094557020,6.39,6.39,6.391175746208218
20230607094557200,6.39,6.39,6.391175746208218
20230607094557290,6.39,6.39,6.391175746208218
20230607094557420,6.39,6.39,6.391175746208218
20230607094558000,6.39,6.39,6.391175746208218
20230607094558100,6.39,6.39,6.391175746208218
20230607094600070,6.39,6.39,6.391175746208218
20230607094600090,6.39,6.39,6.391175746208218
20230607094600460,6.39,6.39,6.391175746208218
20230607094600690,6.39,6.39,6.391175746208218
20230607094602450,6.39,6.39,6.391175746208218
20230607094603350,6.39,6.39,6.391175746208218
20230607094603380,6.39,6.39,6.391175746208218
20230607094603450,6.39,6.39,6.391175746208218
20230607094605200,6.39,6.39,6.391175746208218
20230607094605330,6.39,6.39,6.391175746208218
20230607094605790,6.39,6.39,6.391175746208218
20230607094607860,6.39,6.39,6.391175746208218
20230607094608140,6.4,6.39,6.391175746208218
20230607094608280,6.4,6.39,6.391175746208218
20230607094608450,6.4,6.39,6.391175746208218
20230607094611640,6.4,6.39,6.391175746208218
20230607094611720,6.4,6.39,6.391175746208218
20230607094614320,6.4,6.39,6.391175746208218
20230607094616100,6.4,6.39,6.391175746208218
20230607094616250,6.39,6.39,6.391175746208218
20230607094619000,6.39,6.39,6.391175746208218
20230607094619140,6.4,6.39,6.391175746208218
20230607094619230,6.39,6.39,6.391175746208218
20230607094619650,6.39,6.39,6.391175746208218
20230607094619770,6.39,6.39,6.3911248630143485
20230607094621440,6.39,6.39,6.3911248630143485
20230607094621540,6.39,6.39,6.3911248630143485
20230607094622120,6.39,6.39,6.391124050843609
20230607094622140,6.39,6.39,6.391124050843609
20230607094622150,6.39,6.39,6.391124050843609
20230607094622300,6.39,6.39,6.391124050843609
20230607094622400,6.39,6.39,6.391124050843609
20230607094624400,6.39,6.39,6.391124050843609
20230607094624450,6.39,6.39,6.391124050843609
20230607094625040,6.39,6.39,6.391124050843609
20230607094626900,6.39,6.39,6.391124050843609
20230607094627130,6.39,6.39,6.391124050843609
20230607094627880,6.39,6.39,6.391124050843609
20230607094629500,6.39,6.39,6.391124050843609
20230607094632160,6.39,6.39,6.391124050843609
20230607094632440,6.39,6.39,6.391124050843609
20230607094633020,6.39,6.39,6.391124050843609
20230607094633030,6.39,6.39,6.391124050843609
20230607094633240,6.39,6.39,6.391124050843609
20230607094633290,6.39,6.39,6.391124050843609
20230607094634810,6.39,6.39,6.391124050843609
20230607094634900,6.39,6.39,6.391124050843609
20230607094635810,6.39,6.39,6.391124050843609
20230607094637550,6.39,6.39,6.391124050843609
20230607094637970,6.39,6.39,6.391120463956851
20230607094638040,6.39,6.39,6.391120463956851
20230607094638430,6.39,6.39,6.391120463956851
20230607094638440,6.39,6.39,6.391120463956851
20230607094640350,6.39,6.39,6.391080017045756
20230607094640660,6.39,6.39,6.391080017045756
20230607094640880,6.39,6.39,6.391080017045756
20230607094641050,6.39,6.39,6.391080017045756
20230607094643780,6.39,6.39,6.391080017045756
20230607094646130,6.39,6.39,6.391080017045756
20230607094648510,6.39,6.39,6.391080017045756
20230607094649140,6.39,6.39,6.391080017045756
20230607094649150,6.39,6.39,6.391080017045756
20230607094649400,6.39,6.39,6.391080017045756
20230607094651070,6.39,6.39,6.391080017045756
20230607094651210,6.39,6.39,6.391080017045756
20230607094651330,6.39,6.39,6.391080017045756
20230607094651720,6.39,6.39,6.391057004176053
20230607094651930,6.39,6.39,6.391057004176053
20230607094652210,6.39,6.39,6.391057004176053
20230607094654280,6.39,6.39,6.391057004176053
20230607094654320,6.39,6.39,6.391057004176053
20230607094654820,6.39,6.39,6.391057004176053
20230607094656530,6.39,6.39,6.391035428270778
20230607094657340,6.39,6.39,6.391035428270778
20230607094659430,6.39,6.39,6.391035428270778
20230607094659720,6.39,6.39,6.391035428270778
20230607094700090,6.39,6.39,6.391035428270778
20230607094702580,6.39,6.39,6.391035428270778
20230607094702940,6.39,6.39,6.391035428270778
20230607094703000,6.39,6.39,6.391008420446145
20230607094703010,6.39,6.39,6.391008420446145
20230607094704960,6.39,6.39,6.3909283403070525
20230607094705180,6.39,6.39,6.3909283403070525
20230607094705310,6.39,6.39,6.3909283403070525
20230607094705350,6.39,6.39,6.390913421858632
20230607094705390,6.39,6.39,6.390913421858632
20230607094707350,6.39,6.39,6.390913421858632
20230607094707370,6.39,6.39,6.390913421858632
20230607094710370,6.39,6.39,6.390913421858632
20230607094710810,6.39,6.39,6.390913421858632
20230607094710940,6.39,6.39,6.390913421858632
20230607094712820,6.39,6.39,6.390913421858632
20230607094713090,6.39,6.39,6.390913421858632
20230607094715330,6.39,6.39,6.390913421858632
20230607094718050,6.39,6.39,6.390913421858632
20230607094718150,6.39,6.39,6.390913421858632
20230607094718160,6.39,6.39,6.390913421858632
20230607094718450,6.39,6.39,6.390913421858632
20230607094718660,6.39,6.39,6.390913421858632
20230607094719130,6.39,6.39,6.390913421858632
20230607094720800,6.39,6.39,6.390913421858632
20230607094720910,6.39,6.39,6.390913421858632
20230607094721510,6.39,6.39,6.390913421858632
20230607094721700,6.39,6.39,6.390913421858632
20230607094724080,6.39,6.39,6.390913421858632
20230607094724090,6.39,6.37,6.390394187314364
20230607094724100,6.38,6.37,6.390382929581545
20230607094724110,6.38,6.37,6.390382929581545
20230607094724120,6.38,6.37,6.390382929581545
20230607094724130,6.38,6.37,6.390382929581545
20230607094724140,6.38,6.37,6.390382929581545
20230607094724160,6.38,6.37,6.390367489957545
20230607094724220,6.38,6.37,6.390367489957545
20230607094724230,6.38,6.37,6.390367489957545
20230607094724280,6.38,6.37,6.390367489957545
20230607094724290,6.38,6.37,6.390367489957545
20230607094726130,6.38,6.37,6.3903569892415035
20230607094726400,6.38,6.37,6.3903569892415035
20230607094726490,6.38,6.37,6.39035279490864
20230607094726580,6.38,6.37,6.39035279490864
20230607094727070,6.38,6.37,6.39035279490864
20230607094727160,6.38,6.37,6.39035279490864
20230607094727230,6.38,6.37,6.39035279490864
20230607094727330,6.38,6.37,6.39035279490864
20230607094728930,6.38,6.37,6.39035279490864
20230607094729710,6.38,6.37,6.39035279490864
20230607094731780,6.38,6.37,6.39035279490864
20230607094731820,6.38,6.37,6.390348603971612
20230607094732050,6.38,6.37,6.390345114115153
20230607094734450,6.38,6.37,6.390345114115153
20230607094735230,6.38,6.37,6.390345114115153
20230607094735290,6.38,6.37,6.390345114115153
20230607094737160,6.38,6.37,6.390345114115153
20230607094737360,6.38,6.37,6.390345114115153
20230607094737380,6.38,6.37,6.390345114115153
20230607094737880,6.38,6.37,6.390345114115153
20230607094739630,6.38,6.37,6.39034374201241
20230607094740270,6.38,6.37,6.39034374201241
20230607094740330,6.38,6.37,6.390332008283192
20230607094740630,6.38,6.37,6.390332008283192
20230607094742320,6.38,6.37,6.390318230688805
20230607094742630,6.38,6.37,6.390318230688805
20230607094743180,6.38,6.37,6.390318230688805
20230607094743450,6.38,6.37,6.390318230688805
20230607094745200,6.38,6.37,6.390318230688805
20230607094745220,6.38,6.37,6.390193159365676
20230607094745500,6.38,6.37,6.390193159365676
20230607094745510,6.38,6.37,6.390193159365676
20230607094747880,6.38,6.37,6.390193159365676
20230607094748000,6.38,6.37,6.390193159365676
20230607094750440,6.38,6.37,6.390193159365676
20230607094750800,6.38,6.37,6.3901729131477225
20230607094751000,6.38,6.37,6.390155399236928
20230607094751030,6.38,6.37,6.390155399236928
20230607094751390,6.38,6.37,6.390155399236928
20230607094751610,6.38,6.37,6.390152687096608
20230607094753200,6.38,6.37,6.390152687096608
20230607094754040,6.38,6.37,6.390152687096608
20230607094754320,6.38,6.37,6.390152687096608
20230607094756170,6.38,6.37,6.39009900990099
20230607094757010,6.38,6.37,6.39009900990099
20230607094758740,6.38,6.37,6.39009900990099
20230607094758790,6.38,6.37,6.39009900990099
20230607094758840,6.38,6.37,6.390097671634477
20230607094759170,6.38,6.37,6.390097671634477
20230607094759530,6.38,6.37,6.390096333546165
20230607094759650,6.38,6.37,6.390096333546165
20230607094804400,6.38,6.37,6.390096333546165
20230607094807160,6.38,6.37,6.390096333546165
20230607094807170,6.38,6.37,6.390096333546165
20230607094807220,6.38,6.37,6.390096333546165
20230607094809400,6.38,6.37,6.390096333546165
20230607094809420,6.38,6.37,6.390096333546165
20230607094810190,6.38,6.37,6.390096333546165
20230607094810210,6.38,6.37,6.390081626325871
20230607094810280,6.38,6.37,6.390081626325871
20230607094812540,6.38,6.37,6.390037633541317
20230607094812950,6.38,6.37,6.390037633541317
20230607094813030,6.38,6.37,6.390037633541317
20230607094813160,6.38,6.37,6.390037633541317
20230607094815080,6.38,6.37,6.390037633541317
20230607094815400,6.38,6.37,6.390037633541317
20230607094815470,6.38,6.37,6.390037633541317
20230607094817580,6.38,6.37,6.390037633541317
20230607094817710,6.38,6.37,6.390023012081841
20230607094817770,6.38,6.37,6.390009738350606
20230607094818010,6.38,6.37,6.390009738350606
20230607094818190,6.38,6.37,6.3900084119453595
20230607094818400,6.38,6.37,6.390007085246316
20230607094818540,6.38,6.37,6.389948908548879
20230607094820150,6.38,6.37,6.389948908548879
20230607094820320,6.38,6.37,6.389948908548879
20230607094820940,6.38,6.37,6.389948908548879
20230607094821050,6.38,6.37,6.389941024941741
20230607094821060,6.38,6.37,6.389941024941741
20230607094821160,6.38,6.37,6.389941024941741
20230607094822790,6.38,6.37,6.389941024941741
20230607094823030,6.38,6.37,6.389941024941741
20230607094823230,6.38,6.37,6.389941024941741
20230607094825590,6.38,6.37,6.389941024941741
20230607094825610,6.38,6.37,6.389922632461654
20230607094826310,6.38,6.37,6.389922632461654
20230607094826370,6.38,6.37,6.389922632461654
20230607094831330,6.38,6.37,6.389922632461654
20230607094831570,6.38,6.37,6.389922632461654
20230607094833710,6.38,6.37,6.389922632461654
20230607094836980,6.38,6.37,6.389922632461654
20230607094837100,6.38,6.37,6.389922632461654
20230607094837180,6.38,6.37,6.389922632461654
20230607094837330,6.38,6.37,6.389922632461654
20230607094837350,6.38,6.37,6.389922632461654
20230607094839070,6.38,6.37,6.389922632461654
20230607094839080,6.38,6.37,6.389922632461654
20230607094839210,6.38,6.37,6.389922632461654
20230607094839300,6.38,6.37,6.389922632461654
20230607094839470,6.38,6.37,6.389922632461654
20230607094839560,6.38,6.37,6.389922632461654
20230607094839610,6.38,6.37,6.3899186914673844
20230607094840110,6.38,6.37,6.3899186914673844
20230607094840190,6.38,6.37,6.3899186914673844
20230607094841720,6.38,6.37,6.3899186914673844
20230607094842080,6.38,6.37,6.3899186914673844
20230607094842390,6.38,6.37,6.3899186914673844
20230607094842790,6.38,6.37,6.3899186914673844
20230607094844400,6.38,6.37,6.3899186914673844
20230607094844560,6.38,6.37,6.3899186914673844
20230607094844920,6.38,6.37,6.3899186914673844
20230607094845310,6.38,6.37,6.3899186914673844
20230607094847090,6.38,6.37,6.3899186914673844
20230607094847220,6.38,6.37,6.3899186914673844
20230607094847390,6.38,6.37,6.3899186914673844
20230607094847960,6.38,6.37,6.3899186914673844
20230607094849790,6.38,6.37,6.3899186914673844
20230607094849970,6.38,6.37,6.3899186914673844
20230607094850310,6.38,6.37,6.3899186914673844
20230607094850500,6.38,6.37,6.389857152153892
20230607094850590,6.38,6.37,6.389850627789106
20230607094850700,6.38,6.37,6.389848019243493
20230607094852990,6.38,6.37,6.389848019243493
20230607094853010,6.38,6.37,6.389848019243493
20230607094853230,6.38,6.37,6.389848019243493
20230607094855330,6.38,6.37,6.389848019243493
20230607094855560,6.38,6.37,6.389848019243493
20230607094855920,6.38,6.37,6.389848019243493
20230607094856140,6.38,6.37,6.389848019243493
20230607094858330,6.38,6.37,6.389848019243493
20230607094901030,6.38,6.37,6.389848019243493
20230607094903370,6.38,6.37,6.389841552914078
20230607094903390,6.38,6.37,6.389841552914078
20230607094903410,6.38,6.37,6.389802545136893
20230607094903550,6.38,6.37,6.389802545136893
20230607094903630,6.38,6.37,6.389802545136893
20230607094903730,6.38,6.37,6.389802545136893
20230607094904110,6.38,6.37,6.389801247518952
20230607094904340,6.38,6.37,6.389770155626316
20230607094906840,6.38,6.37,6.389770155626316
20230607094909200,6.38,6.37,6.389770155626316
20230607094909210,6.38,6.37,6.389770155626316
20230607094909380,6.38,6.37,6.389770155626316
20230607094909900,6.38,6.37,6.389770155626316
20230607094911650,6.38,6.37,6.389770155626316
20230607094912080,6.38,6.37,6.389770155626316
20230607094912590,6.38,6.37,6.389770155626316
20230607094914710,6.38,6.37,6.389770155626316
20230607094915060,6.38,6.37,6.389770155626316
20230607094915200,6.38,6.37,6.389770155626316
20230607094917330,6.38,6.37,6.389770155626316
20230607094917520,6.38,6.37,6.389770155626316
20230607094917840,6.38,6.37,6.389770155626316
20230607094919880,6.38,6.37,6.389770155626316
20230607094919990,6.38,6.37,6.389770155626316
20230607094922200,6.38,6.37,6.389770155626316
20230607094922250,6.38,6.37,6.389770155626316
20230607094922630,6.38,6.37,6.389741757247501
20230607094922980,6.38,6.37,6.389741757247501
20230607094924910,6.38,6.37,6.389741757247501
20230607094924960,6.38,6.37,6.389741757247501
20230607094925140,6.38,6.37,6.389741757247501
20230607094925400,6.38,6.37,6.389741120892774
20230607094927600,6.38,6.37,6.389741120892774
20230607094928100,6.38,6.37,6.389739831440088
20230607094928430,6.38,6.37,6.389739831440088
20230607094930370,6.38,6.37,6.389720509843919
20230607094930430,6.38,6.37,6.389720509843919
20230607094930550,6.38,6.37,6.389720509843919
20230607094930880,6.38,6.37,6.389720509843919
20230607094931020,6.38,6.37,6.389720509843919
20230607094931200,6.38,6.37,6.389717973290607
20230607094931250,6.38,6.37,6.389717973290607
20230607094931330,6.38,6.37,6.389717973290607
20230607094933110,6.38,6.37,6.389717973290607
20230607094933460,6.38,6.37,6.389717973290607
20230607094934050,6.38,6.37,6.389717973290607
20230607094934150,6.38,6.37,6.389710985749109
20230607094935840,6.38,6.37,6.389710985749109
20230607094936040,6.38,6.37,6.389710985749109
20230607094936080,6.38,6.37,6.389710985749109
20230607094938940,6.38,6.37,6.389677630983768
20230607094939000,6.38,6.37,6.389677630983768
20230607094939430,6.38,6.37,6.389677630983768
20230607094939480,6.38,6.37,6.389677630983768
20230607094942290,6.38,6.37,6.389677630983768
20230607094943780,6.38,6.37,6.389677630983768
20230607094944140,6.38,6.37,6.389677630983768
20230607094944510,6.38,6.37,6.389677630983768
20230607094945020,6.38,6.37,6.389677630983768
20230607094946920,6.38,6.37,6.389677630983768
20230607094947370,6.38,6.37,6.389677630983768
20230607094947720,6.38,6.37,6.389677630983768
20230607094950140,6.38,6.37,6.389677630983768
20230607094953110,6.38,6.37,6.389677630983768
20230607094955000,6.38,6.37,6.389677630983768
20230607094955220,6.38,6.37,6.389677630983768
20230607094957400,6.38,6.37,6.389677630983768
20230607094957470,6.38,6.37,6.389677630983768
20230607094957920,6.38,6.37,6.389677630983768
20230607094958080,6.38,6.37,6.389677630983768
20230607095000100,6.38,6.37,6.389677630983768
20230607095000250,6.38,6.37,6.389677630983768
20230607095000550,6.38,6.37,6.389677630983768
20230607095000650,6.38,6.37,6.389677630983768
20230607095000950,6.38,6.37,6.389677630983768
20230607095001180,6.38,6.37,6.389677630983768
20230607095003040,6.38,6.37,6.389677630983768
20230607095003180,6.38,6.37,6.389677630983768
20230607095003250,6.38,6.37,6.389677630983768
20230607095003400,6.38,6.37,6.389677630983768
20230607095003410,6.38,6.37,6.389677630983768
20230607095003420,6.38,6.37,6.389677630983768
20230607095003680,6.38,6.37,6.389677630983768
20230607095006410,6.38,6.37,6.389677630983768
20230607095006470,6.38,6.37,6.389677630983768
20230607095006580,6.38,6.37,6.389677630983768
20230607095008230,6.38,6.37,6.389677630983768
20230607095008460,6.38,6.37,6.389677630983768
20230607095008540,6.38,6.37,6.389617193068547
20230607095008850,6.38,6.37,6.389617193068547
20230607095008890,6.38,6.37,6.389617193068547
20230607095009200,6.38,6.37,6.389617193068547
20230607095009240,6.38,6.37,6.389617193068547
20230607095011110,6.38,6.37,6.3896077361970764
20230607095011140,6.38,6.37,6.3896077361970764
20230607095011620,6.38,6.37,6.3896077361970764
20230607095012030,6.38,6.37,6.3896077361970764
20230607095014390,6.38,6.37,6.3896077361970764
20230607095014730,6.38,6.37,6.3896077361970764
20230607095016850,6.38,6.37,6.389605846290985
20230607095018870,6.38,6.37,6.389605846290985
20230607095019100,6.38,6.37,6.389605846290985
20230607095019130,6.38,6.37,6.389605846290985
20230607095019340,6.38,6.37,6.389605846290985
20230607095019550,6.38,6.37,6.389605846290985
20230607095019700,6.38,6.37,6.389605846290985
20230607095019770,6.38,6.37,6.389605846290985
20230607095019960,6.38,6.37,6.389605846290985
20230607095022110,6.38,6.37,6.389603956873852
20230607095024390,6.38,6.37,6.389603956873852
20230607095024480,6.38,6.37,6.389603956873852
20230607095024610,6.38,6.37,6.389603956873852
20230607095027050,6.38,6.37,6.389603956873852
20230607095027210,6.38,6.37,6.389603956873852
20230607095027460,6.38,6.37,6.389603956873852
20230607095027580,6.38,6.37,6.389603956873852
20230607095028000,6.38,6.37,6.389603956873852
20230607095030660,6.38,6.37,6.389603956873852
20230607095032760,6.38,6.37,6.389603956873852
20230607095035350,6.38,6.37,6.389603956873852
20230607095035410,6.38,6.37,6.389603956873852
20230607095036170,6.38,6.37,6.389603956873852
20230607095038370,6.38,6.37,6.389603956873852
20230607095041430,6.38,6.37,6.389597749033818
20230607095043350,6.38,6.37,6.38955099050858
20230607095043970,6.38,6.37,6.389523355766752
20230607095044230,6.38,6.37,6.389523355766752
20230607095044290,6.38,6.37,6.389523355766752
20230607095046380,6.38,6.37,6.389523355766752
20230607095046640,6.38,6.37,6.389448326969919
20230607095046820,6.38,6.37,6.389448326969919
20230607095047000,6.38,6.37,6.389448326969919
20230607095049170,6.38,6.37,6.389448326969919
20230607095049230,6.38,6.37,6.389448326969919
20230607095049370,6.38,6.37,6.38933685884393
20230607095049510,6.38,6.37,6.38933685884393
20230607095049630,6.38,6.37,6.38933685884393
20230607095049740,6.38,6.37,6.38933685884393
20230607095051400,6.38,6.37,6.38933685884393
20230607095051410,6.38,6.37,6.38933685884393
20230607095051420,6.38,6.37,6.38933685884393
20230607095051540,6.38,6.37,6.38933685884393
20230607095051670,6.38,6.37,6.38933685884393
20230607095052020,6.38,6.37,6.38933685884393
20230607095052140,6.38,6.37,6.389327948318105
20230607095052340,6.38,6.37,6.389327948318105
20230607095055040,6.38,6.37,6.389327948318105
20230607095057180,6.38,6.37,6.389327948318105
20230607095057330,6.38,6.37,6.389327948318105
20230607095057410,6.38,6.37,6.389327948318105
20230607095057440,6.38,6.37,6.389327948318105
20230607095057480,6.38,6.37,6.389327948318105
20230607095057530,6.38,6.37,6.389327948318105
20230607095057540,6.38,6.37,6.389327948318105
20230607095057550,6.38,6.37,6.389324981921033
20230607095057680,6.38,6.37,6.389324981921033
20230607095057760,6.38,6.37,6.389324981921033
20230607095057780,6.38,6.37,6.389324981921033
20230607095057800,6.38,6.37,6.389324981921033
20230607095057810,6.38,6.37,6.389282474046658
20230607095057820,6.38,6.37,6.389281298803737
20230607095057830,6.38,6.37,6.389279536497235
20230607095059500,6.38,6.37,6.389276600806469
20230607095100080,6.38,6.37,6.389276600806469
20230607095102100,6.38,6.37,6.389275427050192
20230607095102570,6.38,6.37,6.389263705803298
20230607095102600,6.38,6.37,6.38926195017085
20230607095102610,6.38,6.37,6.389261365107901
20230607095102630,6.38,6.37,6.38925902559507
20230607095102660,6.38,6.37,6.389258440901533
20230607095102830,6.38,6.37,6.389258440901533
20230607095103020,6.38,6.37,6.389258440901533
20230607095103100,6.38,6.37,6.389258440901533
20230607095103110,6.38,6.37,6.389258440901533
20230607095103170,6.38,6.37,6.389258440901533
20230607095103320,6.38,6.37,6.389258440901533
20230607095105000,6.38,6.37,6.389258440901533
20230607095105100,6.38,6.37,6.389258440901533
20230607095105260,6.38,6.37,6.389258440901533
20230607095107750,6.38,6.37,6.389258440901533
20230607095107910,6.38,6.38,6.389206119169718
20230607095107970,6.38,6.38,6.389174434896115
20230607095107980,6.38,6.38,6.389173860836995
20230607095108040,6.38,6.38,6.389173860836995
20230607095108050,6.38,6.38,6.389173860836995
20230607095108090,6.38,6.38,6.389173860836995
20230607095108160,6.38,6.38,6.389173860836995
20230607095108230,6.38,6.38,6.389173860836995
20230607095108440,6.38,6.38,6.389173860836995
20230607095110840,6.38,6.38,6.389173860836995
20230607095111050,6.38,6.37,6.389142718281026
20230607095111300,6.38,6.37,6.389142718281026
20230607095112870,6.38,6.37,6.389142718281026
20230607095112880,6.38,6.37,6.389142718281026
20230607095112910,6.38,6.37,6.389142718281026
20230607095112930,6.38,6.37,6.389142718281026
20230607095112940,6.38,6.37,6.389142718281026
20230607095113000,6.38,6.37,6.389142718281026
20230607095113120,6.38,6.37,6.389142718281026
20230607095113250,6.38,6.37,6.389142718281026
20230607095113800,6.38,6.37,6.389142718281026
20230607095113880,6.38,6.37,6.389142718281026
20230607095116080,6.38,6.37,6.389142718281026
20230607095116260,6.38,6.37,6.389142718281026
20230607095116400,6.38,6.37,6.389142718281026
20230607095116710,6.38,6.37,6.389142718281026
20230607095116800,6.38,6.37,6.389142718281026
20230607095119240,6.38,6.37,6.389142718281026
20230607095121260,6.38,6.37,6.389142718281026
20230607095121640,6.38,6.37,6.389142718281026
20230607095121680,6.38,6.37,6.389142718281026
20230607095121820,6.38,6.37,6.389142718281026
20230607095121940,6.38,6.37,6.389142718281026
20230607095123970,6.38,6.37,6.3890593735791645
20230607095124070,6.38,6.37,6.3890593735791645
20230607095124140,6.38,6.37,6.388825195712659
20230607095124150,6.38,6.37,6.388825195712659
20230607095124200,6.38,6.37,6.388825195712659
20230607095124330,6.38,6.37,6.388825195712659
20230607095126820,6.38,6.37,6.388825195712659
20230607095127040,6.38,6.37,6.388825195712659
20230607095127060,6.38,6.37,6.388825195712659
20230607095127350,6.38,6.37,6.388825195712659
20230607095132390,6.38,6.37,6.388825195712659
20230607095134540,6.38,6.37,6.388825195712659
20230607095134970,6.38,6.37,6.388825195712659
20230607095135460,6.38,6.37,6.388825195712659
20230607095135490,6.38,6.37,6.388825195712659
20230607095137160,6.38,6.37,6.388825195712659
20230607095137170,6.38,6.37,6.388825195712659
20230607095137370,6.38,6.37,6.388825195712659
20230607095137400,6.38,6.37,6.388825195712659
20230607095137550,6.38,6.37,6.388825195712659
20230607095138420,6.38,6.37,6.388817103672222
20230607095140120,6.38,6.37,6.38879863367747
20230607095140170,6.38,6.37,6.38879863367747
20230607095142680,6.38,6.37,6.38879863367747
20230607095142930,6.38,6.37,6.38879863367747
20230607095142940,6.38,6.37,6.38879863367747
20230607095143000,6.38,6.37,6.38879863367747
20230607095143060,6.38,6.37,6.38879863367747
20230607095143110,6.38,6.37,6.38879863367747
20230607095143190,6.38,6.37,6.388786162084803
20230607095143320,6.38,6.37,6.388786162084803
20230607095145350,6.38,6.37,6.388786162084803
20230607095145370,6.38,6.37,6.388786162084803
20230607095145480,6.38,6.37,6.388786162084803
20230607095145550,6.38,6.37,6.388786162084803
20230607095145560,6.38,6.37,6.388786162084803
20230607095145620,6.38,6.37,6.388786162084803
20230607095145980,6.38,6.37,6.388786162084803
20230607095146130,6.38,6.37,6.388779259083245
20230607095146260,6.38,6.37,6.3887738857888845
20230607095146350,6.38,6.37,6.388739119064064
20230607095149090,6.38,6.37,6.388737976761523
20230607095149170,6.38,6.37,6.388733408943676
20230607095150850,6.38,6.37,6.388732267337165
20230607095151050,6.38,6.37,6.388732267337165
20230607095151340,6.38,6.37,6.388732267337165
