Timestamp,ask1,bid1,VWAP
20230817093000100,5.85,6.82,0.0
20230817093000110,5.85,6.82,0.0
20230817093000130,5.85,6.82,0.0
20230817093000140,5.85,6.82,0.0
20230817093000150,5.85,6.82,0.0
20230817093000160,5.85,6.82,0.0
20230817093000170,5.85,6.82,0.0
20230817093000180,5.85,6.82,0.0
20230817093000190,5.85,6.82,0.0
20230817093000200,5.85,6.82,0.0
20230817093000210,5.85,6.82,0.0
20230817093000570,5.85,6.82,0.0
20230817093000590,5.85,6.82,0.0
20230817093000610,5.85,6.82,0.0
20230817093000650,5.85,6.55,0.0
20230817093000670,5.85,6.55,0.0
20230817093000680,5.85,6.55,0.0
20230817093000700,5.85,6.55,6.46
20230817093000710,5.85,6.55,6.46
20230817093000720,5.85,6.55,6.46
20230817093000760,5.85,6.55,6.46
20230817093000790,5.85,6.55,6.46
20230817093000800,5.85,6.55,6.46
20230817093000830,5.85,6.55,6.46
20230817093000870,5.85,6.55,6.46
20230817093000910,5.85,6.55,6.46
20230817093000960,5.85,6.55,6.46
20230817093001050,5.85,6.55,6.46
20230817093001060,5.85,6.55,6.46
20230817093001090,5.85,6.55,6.46
20230817093001100,5.85,6.55,6.46
20230817093001110,5.85,6.55,6.46
20230817093001130,5.85,6.55,6.46
20230817093002050,5.85,6.55,6.46
20230817093002080,5.85,6.55,6.46
20230817093002120,5.85,6.55,6.46
20230817093002230,5.85,6.55,6.46
20230817093002270,5.85,6.55,6.46
20230817093002410,5.85,6.55,6.46
20230817093002460,5.85,6.55,6.46
20230817093002520,5.85,6.55,6.46
20230817093002620,5.85,6.55,6.46
20230817093002630,5.85,6.55,6.46
20230817093002660,5.85,6.55,6.4663157894736845
20230817093002760,5.85,6.55,6.4663157894736845
20230817093002800,5.85,6.55,6.4663157894736845
20230817093002830,5.85,6.55,6.4663157894736845
20230817093002930,5.85,6.55,6.4663157894736845
20230817093002940,5.85,6.55,6.4663157894736845
20230817093002970,5.85,6.55,6.4663157894736845
20230817093003130,5.85,6.55,6.4663157894736845
20230817093003150,5.85,6.55,6.4663157894736845
20230817093005590,5.85,6.55,6.4663157894736845
20230817093005950,5.85,6.55,6.4663157894736845
20230817093005990,5.85,6.55,6.4663157894736845
20230817093006190,5.85,6.55,6.4663157894736845
20230817093006950,5.85,6.55,6.4663157894736845
20230817093007000,5.85,6.49,6.470933333333333
20230817093007050,5.85,6.49,6.470933333333333
20230817093007110,6.46,6.46,6.4685470085470085
20230817093007120,6.46,6.46,6.4685470085470085
20230817093007130,6.46,6.46,6.463584229390681
20230817093007140,6.46,6.46,6.463571428571429
20230817093007250,6.46,6.46,6.463571428571429
20230817093008000,6.46,6.46,6.463571428571429
20230817093011320,6.45,6.46,6.463571428571429
20230817093011330,6.45,6.46,6.463571428571429
20230817093011790,6.45,6.46,6.463571428571429
20230817093011800,6.45,6.46,6.463571428571429
20230817093011810,6.45,6.46,6.463571428571429
20230817093011820,6.45,6.46,6.463571428571429
20230817093012940,6.45,6.46,6.463571428571429
20230817093013070,6.45,6.46,6.463571428571429
20230817093013080,6.44,6.46,6.459298245614035
20230817093013090,6.44,6.46,6.459298245614035
20230817093013100,6.44,6.46,6.458911174785101
20230817093014650,6.44,6.46,6.458911174785101
20230817093014980,6.44,6.46,6.458911174785101
20230817093014990,6.44,6.46,6.458911174785101
20230817093015030,6.44,6.46,6.4585028248587575
20230817093015040,6.44,6.46,6.4585028248587575
20230817093015070,6.44,6.46,6.4585028248587575
20230817093015110,6.44,6.46,6.4585028248587575
20230817093015120,6.44,6.46,6.4585028248587575
20230817093015150,6.44,6.46,6.4585028248587575
20230817093015170,6.44,6.46,6.4585028248587575
20230817093015220,6.44,6.46,6.4585028248587575
20230817093015420,6.44,6.46,6.4585028248587575
20230817093015690,6.44,6.46,6.4585028248587575
20230817093017510,6.44,6.46,6.4585028248587575
20230817093017800,6.44,6.46,6.4585028248587575
20230817093017820,6.44,6.46,6.453154639175258
20230817093018270,6.44,6.45,6.452941176470588
20230817093018300,6.44,6.45,6.452941176470588
20230817093018410,6.44,6.45,6.452941176470588
20230817093018490,6.44,6.45,6.452941176470588
20230817093020090,6.44,6.45,6.452941176470588
20230817093023780,6.44,6.45,6.452837573385518
20230817093023820,6.44,6.45,6.452837573385518
20230817093023860,6.44,6.45,6.452837573385518
20230817093023870,6.44,6.45,6.452837573385518
20230817093023930,6.44,6.45,6.452837573385518
20230817093025680,6.44,6.45,6.452837573385518
20230817093025810,6.44,6.45,6.452837573385518
20230817093026060,6.44,6.45,6.452837573385518
20230817093028100,6.44,6.45,6.452837573385518
20230817093028110,6.44,6.45,6.452837573385518
20230817093028200,6.44,6.45,6.452837573385518
20230817093028210,6.44,6.45,6.452837573385518
20230817093028430,6.44,6.45,6.45278310940499
20230817093028440,6.44,6.45,6.45278310940499
20230817093030780,6.44,6.45,6.45278310940499
20230817093030820,6.44,6.45,6.45278310940499
20230817093030890,6.44,6.45,6.45278310940499
20230817093031010,6.44,6.45,6.45278310940499
20230817093031030,6.44,6.45,6.45278310940499
20230817093031100,6.44,6.45,6.452613636363636
20230817093031400,6.44,6.45,6.452613636363636
20230817093033560,6.44,6.45,6.452613636363636
20230817093033780,6.44,6.45,6.452613636363636
20230817093033800,6.44,6.45,6.452613636363636
20230817093033910,6.44,6.45,6.452603773584905
20230817093033970,6.44,6.45,6.452603773584905
20230817093034000,6.44,6.45,6.452603773584905
20230817093034080,6.44,6.45,6.452603773584905
20230817093034100,6.44,6.45,6.452603773584905
20230817093034110,6.44,6.45,6.45243947858473
20230817093034120,6.44,6.45,6.45243947858473
20230817093034150,6.44,6.45,6.45243947858473
20230817093036160,6.44,6.45,6.45243947858473
20230817093036290,6.44,6.45,6.45243947858473
20230817093036890,6.44,6.45,6.45243947858473
20230817093037090,6.44,6.45,6.45243947858473
20230817093037190,6.44,6.45,6.45243947858473
20230817093037200,6.44,6.45,6.45243947858473
20230817093037410,6.44,6.45,6.45243947858473
20230817093039150,6.44,6.45,6.45243947858473
20230817093039200,6.44,6.45,6.45243947858473
20230817093039420,6.44,6.45,6.45243947858473
20230817093039430,6.44,6.45,6.45243947858473
20230817093040070,6.44,6.45,6.45243947858473
20230817093040090,6.44,6.45,6.45243947858473
20230817093042110,6.44,6.45,6.45243947858473
20230817093042330,6.44,6.45,6.45243947858473
20230817093042650,6.44,6.45,6.45243947858473
20230817093042740,6.44,6.45,6.45243947858473
20230817093044520,6.44,6.45,6.45243947858473
20230817093045050,6.44,6.45,6.45243947858473
20230817093045080,6.44,6.45,6.45243947858473
20230817093045110,6.44,6.45,6.45243947858473
20230817093047030,6.44,6.45,6.45243947858473
20230817093047110,6.44,6.45,6.45243947858473
20230817093047570,6.44,6.45,6.45243947858473
20230817093047700,6.44,6.45,6.45243947858473
20230817093048040,6.44,6.45,6.45243947858473
20230817093049920,6.44,6.45,6.45243947858473
20230817093050230,6.44,6.45,6.45243947858473
20230817093052640,6.44,6.45,6.45243947858473
20230817093052920,6.44,6.45,6.45243947858473
20230817093053100,6.44,6.45,6.45243947858473
20230817093053130,6.44,6.45,6.45243947858473
20230817093053300,6.44,6.45,6.45243947858473
20230817093055060,6.44,6.45,6.45243947858473
20230817093055070,6.44,6.45,6.451984251968504
20230817093055090,6.44,6.45,6.451984251968504
20230817093055100,6.44,6.45,6.451984251968504
20230817093055110,6.44,6.45,6.451984251968504
20230817093055180,6.44,6.45,6.451984251968504
20230817093055230,6.44,6.45,6.451984251968504
20230817093055350,6.44,6.45,6.451984251968504
20230817093055370,6.44,6.45,6.451984251968504
20230817093055390,6.44,6.45,6.451984251968504
20230817093055920,6.44,6.45,6.451984251968504
20230817093058540,6.44,6.45,6.451707317073171
20230817093058640,6.44,6.45,6.451707317073171
20230817093100930,6.44,6.45,6.451707317073171
20230817093100940,6.44,6.45,6.451707317073171
20230817093100970,6.44,6.45,6.451707317073171
20230817093101080,6.44,6.45,6.451707317073171
20230817093101120,6.44,6.45,6.451707317073171
20230817093101240,6.44,6.45,6.451707317073171
20230817093106030,6.44,6.45,6.451707317073171
20230817093106810,6.44,6.45,6.451707317073171
20230817093106830,6.44,6.45,6.451707317073171
20230817093108590,6.44,6.45,6.451707317073171
20230817093108620,6.44,6.45,6.451707317073171
20230817093108660,6.44,6.45,6.451707317073171
20230817093108670,6.44,6.45,6.451707317073171
20230817093109140,6.44,6.45,6.451707317073171
20230817093109350,6.44,6.45,6.451707317073171
20230817093109460,6.44,6.45,6.451707317073171
20230817093109640,6.44,6.45,6.451707317073171
20230817093109650,6.44,6.45,6.451707317073171
20230817093109690,6.44,6.45,6.451707317073171
20230817093109760,6.44,6.45,6.451707317073171
20230817093111680,6.44,6.45,6.451707317073171
20230817093111690,6.45,6.45,6.45150178784267
20230817093111700,6.45,6.45,6.451378555798687
20230817093111730,6.45,6.45,6.451378555798687
20230817093111950,6.45,6.45,6.451378555798687
20230817093112160,6.45,6.45,6.451378555798687
20230817093114160,6.45,6.45,6.4513413304253
20230817093116840,6.45,6.45,6.4513413304253
20230817093117320,6.45,6.45,6.4513413304253
20230817093117410,6.45,6.45,6.4513413304253
20230817093117880,6.45,6.45,6.4513413304253
20230817093119760,6.45,6.45,6.4513413304253
20230817093119770,6.45,6.45,6.4513413304253
20230817093119830,6.45,6.45,6.4513413304253
20230817093120330,6.45,6.45,6.4513413304253
20230817093120480,6.45,6.45,6.4513413304253
20230817093120570,6.45,6.45,6.4513413304253
20230817093122070,6.45,6.45,6.451313789359392
20230817093122080,6.45,6.45,6.451144385026738
20230817093122090,6.45,6.45,6.451120597652081
20230817093122110,6.45,6.45,6.451120597652081
20230817093122220,6.44,6.44,6.450388833499502
20230817093122670,6.44,6.44,6.450388833499502
20230817093122910,6.44,6.44,6.4499904122722915
20230817093125070,6.44,6.44,6.4499904122722915
20230817093125100,6.44,6.44,6.4499904122722915
20230817093125110,6.44,6.44,6.4499904122722915
20230817093125240,6.44,6.44,6.449895536562203
20230817093125680,6.44,6.44,6.449895536562203
20230817093127570,6.44,6.44,6.449895536562203
20230817093127920,6.44,6.44,6.449895536562203
20230817093127940,6.44,6.44,6.449179580674567
20230817093128050,6.44,6.44,6.449096657633243
20230817093128100,6.44,6.44,6.449096657633243
20230817093130190,6.44,6.44,6.449096657633243
20230817093130510,6.44,6.44,6.449096657633243
20230817093130660,6.44,6.44,6.449096657633243
20230817093130670,6.44,6.44,6.449096657633243
20230817093130690,6.44,6.44,6.449096657633243
20230817093130940,6.44,6.44,6.449096657633243
20230817093130950,6.44,6.44,6.449023297491039
20230817093131010,6.44,6.44,6.449023297491039
20230817093131100,6.44,6.44,6.449015219337511
20230817093131180,6.44,6.44,6.449015219337511
20230817093131290,6.44,6.44,6.449015219337511
20230817093131330,6.44,6.44,6.449015219337511
20230817093133320,6.44,6.44,6.449015219337511
20230817093133640,6.44,6.44,6.448802447552447
20230817093133840,6.44,6.44,6.4487947598253275
20230817093135690,6.44,6.44,6.448787085514835
20230817093136500,6.44,6.44,6.448787085514835
20230817093136580,6.44,6.44,6.448787085514835
20230817093138630,6.44,6.44,6.4487717770034845
20230817093139410,6.44,6.44,6.4487717770034845
20230817093139430,6.44,6.44,6.4487717770034845
20230817093141420,6.44,6.44,6.4487717770034845
20230817093141880,6.44,6.44,6.4487717770034845
20230817093143710,6.44,6.44,6.4487717770034845
20230817093144300,6.44,6.44,6.4487717770034845
20230817093144340,6.44,6.44,6.4487717770034845
20230817093144370,6.44,6.44,6.448687392055268
20230817093144680,6.44,6.44,6.448687392055268
20230817093144760,6.44,6.44,6.448687392055268
20230817093149080,6.44,6.44,6.448687392055268
20230817093149220,6.44,6.44,6.448687392055268
20230817093149930,6.44,6.42,6.444611748818366
20230817093150220,6.44,6.42,6.444611748818366
20230817093150270,6.44,6.43,6.444611748818366
20230817093151840,6.44,6.43,6.444611748818366
20230817093151880,6.44,6.43,6.444611748818366
20230817093152110,6.44,6.43,6.444611748818366
20230817093152920,6.44,6.43,6.444611748818366
20230817093154580,6.44,6.42,6.444611748818366
20230817093154640,6.44,6.42,6.444611748818366
20230817093154800,6.44,6.42,6.442685614849188
20230817093155080,6.44,6.42,6.442678260869565
20230817093155270,6.44,6.43,6.442678260869565
20230817093157200,6.44,6.43,6.442678260869565
20230817093157880,6.44,6.43,6.442678260869565
20230817093158100,6.44,6.43,6.44261973456434
20230817093158210,6.44,6.43,6.44261973456434
20230817093158260,6.44,6.43,6.44261973456434
20230817093200050,6.44,6.43,6.44261973456434
20230817093200100,6.44,6.43,6.44261973456434
20230817093200270,6.44,6.43,6.44261973456434
20230817093200300,6.44,6.42,6.442504288164666
20230817093200310,6.44,6.42,6.442328072153326
20230817093200430,6.44,6.42,6.442328072153326
20230817093200690,6.44,6.42,6.442328072153326
20230817093201080,6.44,6.42,6.442328072153326
20230817093201090,6.44,6.42,6.442328072153326
20230817093202580,6.44,6.42,6.442328072153326
20230817093202980,6.44,6.42,6.442328072153326
20230817093203250,6.44,6.42,6.442328072153326
20230817093203430,6.44,6.43,6.442328072153326
20230817093203470,6.44,6.42,6.441584470094439
20230817093205320,6.44,6.43,6.441584470094439
20230817093205570,6.44,6.43,6.441428571428571
20230817093205660,6.44,6.43,6.441428571428571
20230817093205730,6.44,6.43,6.441428571428571
20230817093205830,6.43,6.42,6.4410787757150025
20230817093205840,6.43,6.42,6.4410787757150025
20230817093205870,6.43,6.42,6.4410787757150025
20230817093205880,6.43,6.42,6.4410787757150025
20230817093206070,6.43,6.42,6.441023464802796
20230817093206190,6.43,6.42,6.440996015936255
20230817093206460,6.43,6.42,6.440996015936255
20230817093208250,6.43,6.42,6.440996015936255
20230817093208440,6.43,6.42,6.440996015936255
20230817093208720,6.43,6.42,6.440968703427719
20230817093208750,6.43,6.42,6.440968703427719
20230817093209170,6.43,6.42,6.440968703427719
20230817093209200,6.43,6.42,6.440968703427719
20230817093210740,6.43,6.42,6.440968703427719
20230817093210780,6.43,6.42,6.440968703427719
20230817093211000,6.43,6.42,6.440968703427719
20230817093211030,6.43,6.42,6.440968703427719
20230817093211050,6.43,6.42,6.440968703427719
20230817093211180,6.43,6.42,6.440968703427719
20230817093211340,6.43,6.42,6.440968703427719
20230817093211410,6.43,6.43,6.440968703427719
20230817093211600,6.43,6.43,6.440968703427719
20230817093211610,6.43,6.43,6.440968703427719
20230817093211630,6.43,6.43,6.440968703427719
20230817093211680,6.43,6.43,6.440968703427719
20230817093211880,6.43,6.43,6.440968703427719
20230817093211910,6.43,6.43,6.440968703427719
20230817093213380,6.43,6.43,6.440968703427719
20230817093213410,6.43,6.43,6.440968703427719
20230817093213490,6.43,6.43,6.440968703427719
20230817093213590,6.43,6.43,6.440968703427719
20230817093214440,6.43,6.43,6.440968703427719
20230817093216080,6.43,6.43,6.440968703427719
20230817093216520,6.43,6.43,6.440833333333333
20230817093216540,6.43,6.43,6.440833333333333
20230817093216550,6.43,6.43,6.440895091434071
20230817093216640,6.43,6.44,6.440895091434071
20230817093216690,6.43,6.43,6.440891750119218
20230817093216720,6.43,6.43,6.440891750119218
20230817093217040,6.43,6.43,6.440891750119218
20230817093217220,6.43,6.43,6.440891750119218
20230817093217230,6.43,6.43,6.440891750119218
20230817093217240,6.43,6.43,6.440891750119218
20230817093217260,6.43,6.43,6.440891750119218
20230817093218800,6.43,6.43,6.440891750119218
20230817093218840,6.43,6.43,6.440891750119218
20230817093219290,6.43,6.43,6.440891750119218
20230817093219350,6.43,6.43,6.440891750119218
20230817093219510,6.43,6.43,6.440891750119218
20230817093219520,6.43,6.44,6.440891750119218
20230817093219620,6.43,6.44,6.440891750119218
20230817093219830,6.44,6.44,6.440891750119218
20230817093220000,6.44,6.44,6.440891750119218
20230817093221600,6.44,6.44,6.4410622367805335
20230817093221740,6.44,6.44,6.441099720410065
20230817093221770,6.44,6.44,6.441112145183807
20230817093221790,6.44,6.44,6.441112145183807
20230817093221820,6.44,6.44,6.441111111111111
20230817093221940,6.44,6.44,6.441111111111111
20230817093222000,6.44,6.44,6.441111111111111
20230817093222010,6.44,6.44,6.441111111111111
20230817093222020,6.44,6.44,6.441111111111111
20230817093222040,6.44,6.44,6.441111111111111
20230817093222120,6.44,6.44,6.441111111111111
20230817093222260,6.44,6.44,6.44110853432282
20230817093222270,6.44,6.44,6.44110853432282
20230817093222290,6.44,6.44,6.44110853432282
20230817093222310,6.44,6.44,6.44110853432282
20230817093222320,6.44,6.44,6.44110853432282
20230817093222400,6.44,6.44,6.44110853432282
20230817093224250,6.44,6.44,6.441141404805915
20230817093224290,6.44,6.44,6.441141404805915
20230817093224700,6.44,6.44,6.441141404805915
20230817093224730,6.44,6.44,6.441141404805915
20230817093224810,6.44,6.44,6.441141404805915
20230817093224850,6.44,6.44,6.441141404805915
20230817093224890,6.44,6.44,6.441141404805915
20230817093227340,6.44,6.44,6.441141404805915
20230817093227370,6.44,6.44,6.441141404805915
20230817093227750,6.44,6.44,6.441141404805915
20230817093227860,6.44,6.44,6.441141404805915
20230817093228070,6.44,6.44,6.441137200736648
20230817093229650,6.44,6.44,6.441137200736648
20230817093229920,6.44,6.44,6.441137200736648
20230817093229960,6.44,6.44,6.441137200736648
20230817093229970,6.44,6.44,6.441137200736648
20230817093230390,6.44,6.44,6.441137200736648
20230817093230810,6.44,6.44,6.441137200736648
20230817093232290,6.44,6.44,6.441189931350114
20230817093232300,6.44,6.44,6.441206030150754
20230817093232310,6.44,6.44,6.441214057507987
20230817093232410,6.44,6.44,6.441214057507987
20230817093232950,6.44,6.44,6.441214057507987
20230817093233010,6.44,6.44,6.441214057507987
20230817093233080,6.44,6.44,6.4411896243291595
20230817093233380,6.44,6.44,6.4411896243291595
20230817093235310,6.44,6.43,6.4411896243291595
20230817093235400,6.44,6.43,6.4411896243291595
20230817093235760,6.44,6.43,6.4411896243291595
20230817093237810,6.44,6.43,6.4411896243291595
20230817093237960,6.44,6.43,6.4411896243291595
20230817093238530,6.44,6.43,6.4411896243291595
20230817093238760,6.44,6.43,6.4410718954248365
20230817093238870,6.44,6.43,6.4410718954248365
20230817093240550,6.44,6.43,6.4410718954248365
20230817093241020,6.44,6.43,6.4410718954248365
20230817093241050,6.44,6.43,6.4410718954248365
20230817093243150,6.44,6.43,6.4410718954248365
20230817093243160,6.44,6.43,6.4410718954248365
20230817093244070,6.44,6.43,6.4410718954248365
20230817093244260,6.44,6.43,6.4410718954248365
20230817093245770,6.44,6.43,6.4410718954248365
20230817093246430,6.44,6.43,6.4410718954248365
20230817093246780,6.44,6.43,6.4410718954248365
20230817093248540,6.44,6.43,6.4410718954248365
20230817093248920,6.44,6.43,6.4410718954248365
20230817093249080,6.44,6.43,6.4410718954248365
20230817093249120,6.44,6.43,6.4410718954248365
20230817093251190,6.44,6.43,6.4410718954248365
20230817093251400,6.44,6.43,6.4410718954248365
20230817093252240,6.44,6.43,6.4410718954248365
20230817093252410,6.44,6.43,6.441048593350383
20230817093253920,6.44,6.43,6.440985617597293
20230817093253960,6.44,6.43,6.440985617597293
20230817093254050,6.44,6.43,6.440985617597293
20230817093255070,6.44,6.43,6.440980972515856
20230817093255100,6.44,6.43,6.440980972515856
20230817093256800,6.44,6.43,6.440980972515856
20230817093257190,6.44,6.43,6.440980972515856
20230817093257530,6.44,6.43,6.440980972515856
20230817093257650,6.44,6.43,6.440980972515856
20230817093259580,6.44,6.43,6.440980972515856
20230817093259790,6.44,6.43,6.44096265560166
20230817093259800,6.43,6.42,6.43898333900034
20230817093259840,6.43,6.42,6.43898333900034
20230817093259900,6.43,6.42,6.43898333900034
20230817093259920,6.43,6.42,6.43898333900034
20230817093300020,6.43,6.42,6.43898333900034
20230817093300040,6.43,6.42,6.43898333900034
20230817093300050,6.43,6.42,6.43898333900034
20230817093300160,6.43,6.42,6.43898333900034
20230817093300170,6.43,6.42,6.43898333900034
20230817093300440,6.43,6.42,6.43898333900034
20230817093300510,6.43,6.42,6.43898333900034
20230817093302070,6.43,6.42,6.43898333900034
20230817093302370,6.43,6.42,6.438516607545953
20230817093302830,6.43,6.42,6.438516607545953
20230817093305310,6.43,6.42,6.438500160926939
20230817093305820,6.43,6.42,6.438500160926939
20230817093307350,6.43,6.42,6.438500160926939
20230817093308230,6.43,6.42,6.438475609756098
20230817093308310,6.43,6.42,6.438475609756098
20230817093310050,6.43,6.42,6.438475609756098
20230817093310450,6.43,6.42,6.438475609756098
20230817093310740,6.43,6.42,6.438475609756098
20230817093311110,6.43,6.42,6.438475609756098
20230817093311220,6.43,6.42,6.438397190293742
20230817093312900,6.43,6.42,6.438397190293742
20230817093313110,6.43,6.42,6.438397190293742
20230817093313390,6.43,6.42,6.438397190293742
20230817093313690,6.43,6.42,6.438397190293742
20230817093314010,6.43,6.42,6.438367867389226
20230817093315920,6.43,6.42,6.438367867389226
20230817093316080,6.43,6.42,6.438367867389226
20230817093318350,6.43,6.42,6.438367867389226
20230817093318790,6.43,6.42,6.438367867389226
20230817093318930,6.43,6.42,6.438332274459975
20230817093319090,6.43,6.42,6.438068252974327
20230817093319100,6.43,6.42,6.438068252974327
20230817093319160,6.43,6.42,6.438019956345494
20230817093321060,6.43,6.42,6.437997512437811
20230817093321380,6.43,6.42,6.437997512437811
20230817093321480,6.43,6.42,6.43797519379845
20230817093322080,6.43,6.42,6.43797519379845
20230817093323840,6.43,6.42,6.43793082149475
20230817093323930,6.43,6.42,6.43793082149475
20230817093324080,6.43,6.42,6.43793082149475
20230817093324130,6.43,6.42,6.43793082149475
20230817093324510,6.43,6.42,6.43793082149475
20230817093324610,6.43,6.42,6.43793082149475
20230817093324620,6.43,6.42,6.43793082149475
20230817093324640,6.43,6.42,6.43793082149475
20230817093326270,6.43,6.42,6.43793082149475
20230817093326370,6.43,6.42,6.437624242424242
20230817093326510,6.43,6.42,6.437624242424242
20230817093326790,6.43,6.42,6.437510447761194
20230817093326840,6.43,6.42,6.437488095238095
20230817093326850,6.43,6.42,6.437488095238095
20230817093327080,6.43,6.42,6.437488095238095
20230817093327230,6.43,6.42,6.4374680914217866
20230817093327380,6.43,6.42,6.43744819419775
20230817093327510,6.43,6.42,6.43744819419775
20230817093329210,6.43,6.42,6.436431558405353
20230817093329780,6.43,6.42,6.436008665041971
20230817093329790,6.43,6.42,6.436008665041971
20230817093329940,6.43,6.42,6.435992438563327
20230817093331670,6.43,6.42,6.4359634506853
20230817093332090,6.43,6.42,6.4359634506853
20230817093332260,6.43,6.42,6.4359634506853
20230817093332350,6.43,6.42,6.4359634506853
20230817093332520,6.43,6.42,6.435947467166979
20230817093334740,6.43,6.42,6.435944280739352
20230817093334760,6.43,6.42,6.435915755798454
20230817093335280,6.43,6.42,6.435915755798454
20230817093335490,6.43,6.42,6.435915755798454
20230817093337090,6.43,6.42,6.435915755798454
20230817093337120,6.43,6.42,6.435915755798454
20230817093337380,6.43,6.42,6.435915755798454
20230817093337780,6.43,6.42,6.435915755798454
20230817093337790,6.43,6.42,6.435915755798454
20230817093337860,6.42,6.42,6.435454310121667
20230817093339830,6.42,6.41,6.435335217056255
20230817093340040,6.42,6.42,6.435335217056255
20230817093340080,6.42,6.42,6.435335217056255
20230817093340100,6.42,6.42,6.435335217056255
20230817093340110,6.42,6.41,6.435335217056255
20230817093340150,6.42,6.41,6.434850746268657
20230817093342680,6.42,6.41,6.434850746268657
20230817093343070,6.42,6.41,6.4348470529718975
20230817093343100,6.42,6.41,6.4348470529718975
20230817093343260,6.42,6.41,6.434758961681088
20230817093343310,6.42,6.41,6.434758961681088
20230817093343640,6.42,6.41,6.434758961681088
20230817093345260,6.43,6.41,6.434704301075269
20230817093346280,6.43,6.41,6.434704301075269
20230817093347880,6.43,6.41,6.434686355870149
20230817093347910,6.43,6.41,6.434686355870149
20230817093347950,6.43,6.42,6.434686355870149
20230817093348060,6.43,6.42,6.434686355870149
20230817093348100,6.43,6.42,6.434686355870149
20230817093348210,6.43,6.41,6.434686355870149
20230817093348550,6.43,6.41,6.434686355870149
20230817093348730,6.43,6.42,6.434686355870149
20230817093348780,6.43,6.42,6.434686355870149
20230817093348990,6.43,6.42,6.434686355870149
20230817093350860,6.43,6.42,6.434686355870149
20230817093350930,6.43,6.42,6.434686355870149
20230817093350950,6.43,6.42,6.434686355870149
20230817093350990,6.43,6.42,6.434686355870149
20230817093351100,6.43,6.42,6.434686355870149
20230817093351550,6.43,6.42,6.434686355870149
20230817093351640,6.43,6.42,6.434686355870149
20230817093354370,6.43,6.42,6.434686355870149
20230817093356270,6.43,6.42,6.434686355870149
20230817093356290,6.43,6.42,6.434686355870149
20230817093356310,6.43,6.42,6.434686355870149
20230817093356560,6.43,6.42,6.434686355870149
20230817093356610,6.43,6.42,6.434686355870149
20230817093356750,6.43,6.42,6.434300973178257
20230817093356800,6.42,6.42,6.434223323890463
20230817093356810,6.42,6.42,6.4341731357327685
20230817093356820,6.42,6.42,6.4341731357327685
20230817093356830,6.42,6.42,6.4341731357327685
20230817093356850,6.42,6.42,6.4341731357327685
20230817093358680,6.42,6.42,6.434123300515705
20230817093358860,6.42,6.42,6.434093567251462
20230817093358900,6.42,6.42,6.434093567251462
20230817093359120,6.42,6.42,6.434044289044289
20230817093359270,6.42,6.41,6.433995354239257
20230817093359580,6.42,6.41,6.433995354239257
20230817093359640,6.42,6.41,6.433995354239257
20230817093359900,6.42,6.41,6.433995354239257
20230817093401460,6.42,6.41,6.433988855351753
20230817093401560,6.42,6.41,6.433988855351753
20230817093401760,6.42,6.41,6.433988855351753
20230817093401780,6.42,6.41,6.433985608170845
20230817093402110,6.42,6.41,6.433956451239286
20230817093402120,6.42,6.41,6.433956451239286
20230817093402340,6.42,6.41,6.433956451239286
20230817093402440,6.42,6.41,6.433812471343421
20230817093402470,6.42,6.41,6.433812471343421
20230817093402600,6.42,6.41,6.433812471343421
20230817093404120,6.42,6.41,6.4338061411549035
20230817093404570,6.42,6.41,6.4338061411549035
20230817093404840,6.42,6.41,6.433761991777067
20230817093405090,6.42,6.41,6.433761991777067
20230817093405270,6.42,6.41,6.43365004492363
20230817093405280,6.42,6.42,6.43365004492363
20230817093407060,6.42,6.42,6.4336207664884135
20230817093407130,6.42,6.42,6.4336207664884135
20230817093407140,6.42,6.42,6.4336207664884135
20230817093407890,6.42,6.42,6.4336207664884135
20230817093407930,6.42,6.42,6.433608705307573
20230817093409530,6.43,6.42,6.433509700176367
20230817093409640,6.43,6.42,6.433509700176367
20230817093409880,6.43,6.42,6.433507380480282
20230817093409890,6.43,6.43,6.433507380480282
20230817093409900,6.43,6.43,6.433507380480282
20230817093409950,6.43,6.43,6.43349813227862
20230817093409960,6.43,6.42,6.433495827843654
20230817093410000,6.43,6.42,6.433495827843654
20230817093410010,6.43,6.42,6.433495827843654
20230817093410040,6.43,6.42,6.433495827843654
20230817093410050,6.43,6.42,6.433495827843654
20230817093410070,6.43,6.42,6.433495827843654
20230817093410140,6.43,6.42,6.433495827843654
20230817093410190,6.43,6.42,6.433495827843654
20230817093410290,6.43,6.42,6.433495827843654
20230817093412810,6.43,6.42,6.433495827843654
20230817093414880,6.43,6.42,6.4334820647419075
20230817093414950,6.43,6.42,6.4334820647419075
20230817093415810,6.43,6.42,6.4334820647419075
20230817093417920,6.43,6.42,6.4334820647419075
20230817093418020,6.43,6.42,6.4334820647419075
20230817093418030,6.43,6.42,6.4334820647419075
20230817093418060,6.43,6.42,6.433466898954704
20230817093418080,6.43,6.42,6.433465389638659
20230817093418110,6.43,6.42,6.433465389638659
20230817093418120,6.43,6.42,6.433465389638659
20230817093418760,6.43,6.42,6.43343030829353
20230817093418780,6.43,6.42,6.43343030829353
20230817093420790,6.43,6.42,6.43343030829353
20230817093421100,6.43,6.42,6.43343030829353
20230817093423050,6.43,6.42,6.43343030829353
20230817093423140,6.43,6.42,6.43343030829353
20230817093423680,6.43,6.42,6.43343030829353
20230817093423810,6.43,6.42,6.43343030829353
20230817093423820,6.43,6.42,6.43343030829353
20230817093423850,6.43,6.42,6.43343030829353
20230817093423920,6.43,6.42,6.43343030829353
20230817093423970,6.43,6.42,6.43343030829353
20230817093425680,6.43,6.42,6.43343030829353
20230817093425780,6.43,6.42,6.433333333333334
20230817093425870,6.43,6.42,6.433333333333334
20230817093426730,6.43,6.42,6.433333333333334
20230817093428410,6.43,6.42,6.433333333333334
20230817093428570,6.43,6.42,6.433333333333334
20230817093428830,6.43,6.42,6.433333333333334
20230817093428900,6.43,6.42,6.433333333333334
20230817093429480,6.43,6.42,6.433333333333334
20230817093429510,6.43,6.42,6.433333333333334
20230817093431060,6.43,6.42,6.433333333333334
20230817093431590,6.43,6.42,6.433333333333334
20230817093432260,6.43,6.42,6.433333333333334
20230817093433740,6.43,6.42,6.433333333333334
20230817093433780,6.43,6.42,6.433333333333334
20230817093434070,6.43,6.42,6.433333333333334
20230817093434080,6.43,6.42,6.433333333333334
20230817093434100,6.43,6.42,6.433333333333334
20230817093434190,6.43,6.42,6.433333333333334
20230817093434240,6.43,6.42,6.433333333333334
20230817093434250,6.43,6.42,6.433333333333334
20230817093434280,6.43,6.42,6.433333333333334
20230817093434290,6.43,6.42,6.433333333333334
20230817093434410,6.43,6.42,6.433333333333334
20230817093434580,6.43,6.42,6.433333333333334
20230817093434900,6.43,6.42,6.433333333333334
20230817093436740,6.43,6.43,6.433333333333334
20230817093436750,6.43,6.43,6.433333333333334
20230817093437080,6.43,6.43,6.43327706267145
20230817093437110,6.43,6.43,6.43327706267145
20230817093437230,6.43,6.43,6.43327706267145
20230817093437250,6.43,6.43,6.43327706267145
20230817093439360,6.43,6.42,6.43327706267145
20230817093439380,6.43,6.42,6.43327706267145
20230817093439400,6.43,6.43,6.43327706267145
20230817093439500,6.43,6.43,6.43327706267145
20230817093439800,6.43,6.43,6.43327706267145
20230817093440060,6.43,6.42,6.433281381634372
20230817093440100,6.43,6.42,6.433281381634372
20230817093440110,6.43,6.42,6.433251252086811
20230817093440140,6.43,6.42,6.433251252086811
20230817093440270,6.43,6.42,6.433247186327637
20230817093440280,6.43,6.42,6.433247186327637
20230817093440300,6.43,6.42,6.433247186327637
20230817093440400,6.43,6.42,6.433247186327637
20230817093442260,6.43,6.42,6.433247186327637
20230817093442340,6.43,6.42,6.433247186327637
20230817093442470,6.43,6.42,6.433247186327637
20230817093442500,6.43,6.42,6.433247186327637
20230817093442510,6.43,6.42,6.433247186327637
20230817093442640,6.43,6.42,6.433247186327637
20230817093444600,6.43,6.42,6.433247186327637
20230817093444620,6.43,6.42,6.433247186327637
20230817093445170,6.43,6.42,6.433247186327637
20230817093445290,6.43,6.42,6.433247186327637
20230817093445570,6.43,6.42,6.433247186327637
20230817093447750,6.43,6.42,6.433247186327637
20230817093450220,6.43,6.42,6.433247186327637
20230817093450780,6.43,6.42,6.433247186327637
20230817093451020,6.43,6.42,6.433247186327637
20230817093451100,6.43,6.42,6.433247186327637
20230817093452800,6.43,6.42,6.433247186327637
20230817093452920,6.43,6.42,6.433247186327637
20230817093453170,6.43,6.42,6.433247186327637
20230817093453690,6.43,6.42,6.433247186327637
20230817093455390,6.43,6.42,6.433247186327637
20230817093455540,6.43,6.42,6.433247186327637
20230817093455840,6.43,6.42,6.433247186327637
20230817093456510,6.43,6.42,6.433247186327637
20230817093458490,6.43,6.42,6.433125889770185
20230817093458500,6.43,6.42,6.433125889770185
20230817093458510,6.43,6.42,6.433125889770185
20230817093458570,6.43,6.42,6.433125889770185
20230817093458580,6.43,6.42,6.433125889770185
20230817093458700,6.43,6.43,6.433075230092037
20230817093458710,6.43,6.43,6.433075230092037
20230817093458730,6.43,6.43,6.433075230092037
20230817093458820,6.43,6.43,6.433075230092037
20230817093501720,6.43,6.43,6.433075230092037
20230817093501890,6.43,6.42,6.433056273613045
20230817093503550,6.43,6.42,6.433056273613045
20230817093503560,6.43,6.42,6.433056273613045
20230817093504080,6.43,6.42,6.433056273613045
20230817093504110,6.43,6.42,6.433056273613045
20230817093504300,6.43,6.42,6.433056273613045
20230817093506230,6.43,6.43,6.433056273613045
20230817093506240,6.43,6.42,6.433056273613045
20230817093506440,6.43,6.42,6.433056273613045
20230817093506550,6.43,6.43,6.433056273613045
20230817093507040,6.43,6.43,6.433010752688172
20230817093507140,6.43,6.43,6.433010752688172
20230817093507390,6.43,6.43,6.433010752688172
20230817093511880,6.43,6.43,6.433010752688172
20230817093511960,6.43,6.43,6.433010752688172
20230817093514230,6.43,6.43,6.433010752688172
20230817093514310,6.43,6.43,6.433010752688172
20230817093514410,6.43,6.43,6.433010752688172
20230817093514590,6.43,6.43,6.433010752688172
20230817093514680,6.43,6.43,6.433017578125
20230817093517480,6.43,6.43,6.433017578125
20230817093517490,6.43,6.43,6.433017578125
20230817093517910,6.43,6.43,6.433017578125
20230817093519630,6.43,6.43,6.433017578125
20230817093519860,6.43,6.43,6.433017578125
20230817093519880,6.43,6.43,6.433017578125
20230817093519890,6.43,6.43,6.433017578125
20230817093520740,6.43,6.43,6.433017578125
20230817093520750,6.43,6.43,6.433017578125
20230817093520780,6.43,6.43,6.433017578125
20230817093520800,6.43,6.43,6.433017578125
20230817093522690,6.43,6.43,6.433017578125
20230817093522720,6.43,6.43,6.433017578125
20230817093523400,6.43,6.43,6.433017578125
20230817093525100,6.43,6.43,6.433017578125
20230817093526150,6.43,6.43,6.433017578125
20230817093528440,6.43,6.43,6.433017578125
20230817093530500,6.43,6.43,6.433017578125
20230817093530540,6.43,6.43,6.433017578125
20230817093530630,6.43,6.43,6.433017578125
20230817093530920,6.43,6.43,6.43309564884033
20230817093530960,6.43,6.43,6.43309564884033
20230817093531180,6.43,6.43,6.43309564884033
20230817093531270,6.43,6.43,6.43309505557685
20230817093533230,6.43,6.43,6.43309505557685
20230817093533400,6.43,6.43,6.43310766877032
20230817093533500,6.43,6.43,6.43310766877032
20230817093533910,6.43,6.43,6.43310766877032
20230817093534100,6.43,6.43,6.43310766877032
20230817093534180,6.43,6.43,6.43310766877032
20230817093535880,6.43,6.43,6.43310766877032
20230817093536410,6.43,6.43,6.43310766877032
20230817093536610,6.43,6.43,6.43310766877032
20230817093536790,6.43,6.43,6.43310766877032
20230817093538540,6.43,6.43,6.43310766877032
20230817093538610,6.43,6.43,6.43310766877032
20230817093538650,6.43,6.43,6.43310766877032
20230817093538670,6.43,6.43,6.43310707456979
20230817093538690,6.43,6.43,6.433106480596444
20230817093538710,6.43,6.43,6.433106480596444
20230817093538910,6.43,6.43,6.433106480596444
20230817093538970,6.43,6.43,6.433106480596444
20230817093539050,6.43,6.43,6.433105886850153
20230817093539160,6.43,6.43,6.433091704718417
20230817093539570,6.43,6.43,6.433091704718417
20230817093539730,6.43,6.43,6.433091704718417
20230817093539760,6.43,6.43,6.433091704718417
20230817093541740,6.43,6.43,6.433091704718417
20230817093542100,6.43,6.43,6.433091704718417
20230817093544300,6.43,6.43,6.433091704718417
20230817093544480,6.43,6.43,6.433091704718417
20230817093544920,6.43,6.43,6.433091704718417
20230817093544950,6.43,6.43,6.433091704718417
20230817093546940,6.43,6.43,6.433091704718417
20230817093547410,6.43,6.43,6.433091704718417
20230817093547590,6.43,6.43,6.433091704718417
20230817093549550,6.43,6.43,6.433091704718417
20230817093550170,6.43,6.43,6.433091704718417
20230817093550220,6.43,6.43,6.433091704718417
20230817093550340,6.43,6.43,6.432961860465117
20230817093550510,6.43,6.43,6.432961860465117
20230817093550520,6.43,6.43,6.432961860465117
20230817093550540,6.43,6.43,6.432959107806692
20230817093552850,6.43,6.43,6.432951427512051
20230817093553140,6.43,6.43,6.432951427512051
20230817093554890,6.43,6.43,6.432951427512051
20230817093555030,6.43,6.43,6.432951427512051
20230817093555080,6.43,6.43,6.432951427512051
20230817093555090,6.43,6.43,6.432951427512051
20230817093555130,6.43,6.43,6.432863184994483
20230817093555140,6.43,6.43,6.432863184994483
20230817093555460,6.43,6.43,6.432863184994483
20230817093555780,6.43,6.43,6.432863184994483
20230817093557520,6.43,6.43,6.432863184994483
20230817093557550,6.43,6.43,6.432863184994483
20230817093557860,6.43,6.43,6.432863184994483
20230817093557980,6.43,6.43,6.432863184994483
20230817093558450,6.43,6.43,6.432863184994483
20230817093558690,6.43,6.43,6.432863184994483
20230817093600120,6.43,6.43,6.432863184994483
20230817093600230,6.43,6.43,6.432863184994483
20230817093600560,6.43,6.43,6.432863184994483
20230817093600670,6.43,6.43,6.432863184994483
20230817093600800,6.43,6.43,6.432863184994483
20230817093600820,6.43,6.43,6.432863184994483
20230817093601030,6.43,6.43,6.432863184994483
20230817093601090,6.43,6.43,6.432863184994483
20230817093601120,6.43,6.43,6.432863184994483
20230817093601130,6.43,6.43,6.432863184994483
20230817093601170,6.43,6.43,6.432863184994483
20230817093602920,6.43,6.43,6.432863184994483
20230817093603220,6.43,6.43,6.432863184994483
20230817093603240,6.43,6.43,6.432863184994483
20230817093603270,6.43,6.43,6.432863184994483
20230817093603720,6.43,6.43,6.432863184994483
20230817093603750,6.43,6.43,6.432863184994483
20230817093603880,6.43,6.43,6.432863184994483
20230817093605650,6.43,6.43,6.432777477963662
20230817093605660,6.43,6.43,6.43277647905053
20230817093606140,6.43,6.43,6.432767521061122
20230817093606290,6.43,6.43,6.432767521061122
20230817093606320,6.43,6.43,6.432767521061122
20230817093608290,6.43,6.43,6.432767521061122
20230817093608610,6.43,6.43,6.432767521061122
20230817093608810,6.43,6.43,6.432767521061122
20230817093609180,6.43,6.43,6.432742451154529
20230817093609210,6.43,6.43,6.432742451154529
20230817093609330,6.43,6.43,6.432728397243329
20230817093609420,6.43,6.43,6.432727915194346
20230817093609440,6.43,6.43,6.4327187885191055
20230817093611070,6.43,6.43,6.4327187885191055
20230817093611220,6.43,6.43,6.4327187885191055
20230817093614020,6.43,6.43,6.432716549295774
20230817093614670,6.43,6.43,6.432716549295774
20230817093616380,6.43,6.43,6.432716549295774
20230817093616390,6.43,6.43,6.432716549295774
20230817093616720,6.43,6.43,6.432716549295774
20230817093616850,6.43,6.43,6.432716549295774
20230817093617030,6.43,6.43,6.432705364995602
20230817093617220,6.43,6.43,6.4327031304959545
20230817093617580,6.43,6.43,6.4327031304959545
20230817093619100,6.43,6.43,6.4327031304959545
20230817093619150,6.43,6.43,6.432697911181323
20230817093619210,6.43,6.43,6.432697911181323
20230817093619510,6.43,6.43,6.432666783400455
20230817093619530,6.43,6.43,6.432663984607312
20230817093619720,6.43,6.43,6.432663984607312
20230817093620130,6.43,6.43,6.432589114936532
20230817093622030,6.43,6.43,6.432589114936532
20230817093622090,6.43,6.43,6.432588664812239
20230817093622120,6.43,6.43,6.4325873153779325
20230817093622140,6.43,6.43,6.4325873153779325
20230817093622160,6.43,6.43,6.4325873153779325
20230817093622280,6.43,6.43,6.4325873153779325
20230817093622310,6.43,6.43,6.432585967349774
20230817093622710,6.43,6.43,6.432585967349774
20230817093624830,6.43,6.43,6.432576124567474
20230817093625100,6.43,6.43,6.432575678948279
20230817093625310,6.43,6.43,6.432575678948279
20230817093627130,6.43,6.43,6.432575678948279
20230817093627440,6.43,6.43,6.432575678948279
20230817093627550,6.43,6.43,6.432575678948279
20230817093627610,6.43,6.43,6.432553963046106
20230817093627850,6.43,6.43,6.432553963046106
20230817093627860,6.43,6.43,6.432553963046106
20230817093628080,6.43,6.43,6.432553963046106
20230817093630200,6.43,6.43,6.432553963046106
20230817093630500,6.43,6.43,6.432553963046106
20230817093630530,6.43,6.43,6.432553963046106
20230817093630670,6.43,6.43,6.432553963046106
20230817093630690,6.43,6.43,6.432553963046106
20230817093630720,6.43,6.43,6.432553963046106
20230817093630840,6.43,6.43,6.432412497865801
20230817093631090,6.43,6.43,6.432410378968932
20230817093632600,6.43,6.43,6.432410378968932
20230817093632650,6.43,6.43,6.432399728076138
20230817093632660,6.43,6.43,6.432399728076138
20230817093632700,6.43,6.43,6.432399728076138
20230817093632710,6.43,6.43,6.432399728076138
20230817093633180,6.43,6.43,6.432399728076138
20230817093633450,6.43,6.43,6.432399728076138
20230817093633480,6.43,6.43,6.432399728076138
20230817093633520,6.43,6.43,6.432390384289826
20230817093633640,6.43,6.43,6.432390384289826
20230817093633670,6.43,6.43,6.432390384289826
20230817093635270,6.43,6.43,6.432390384289826
20230817093638070,6.43,6.43,6.432390384289826
20230817093639180,6.43,6.43,6.432390384289826
20230817093641820,6.43,6.43,6.432390384289826
20230817093643930,6.43,6.42,6.432390384289826
20230817093644560,6.43,6.42,6.432390384289826
20230817093646920,6.43,6.42,6.432390384289826
20230817093649160,6.43,6.42,6.432345514950166
20230817093649210,6.43,6.42,6.432345514950166
20230817093649280,6.43,6.42,6.432345514950166
20230817093649710,6.43,6.42,6.432345514950166
20230817093651760,6.43,6.42,6.432345125394453
20230817093651910,6.43,6.42,6.432345125394453
20230817093654210,6.43,6.42,6.432345125394453
20230817093654340,6.43,6.42,6.432345125394453
20230817093654420,6.43,6.42,6.432345125394453
20230817093654450,6.43,6.42,6.432345125394453
20230817093654800,6.43,6.42,6.432345125394453
20230817093654870,6.43,6.42,6.432345125394453
20230817093655250,6.43,6.42,6.432345125394453
20230817093657160,6.43,6.42,6.432345125394453
20230817093657230,6.43,6.42,6.432345125394453
20230817093657290,6.43,6.42,6.432345125394453
20230817093657660,6.43,6.42,6.432345125394453
20230817093657690,6.43,6.42,6.432345125394453
20230817093657780,6.43,6.42,6.432345125394453
20230817093657850,6.43,6.42,6.432345125394453
20230817093659780,6.43,6.42,6.432345125394453
20230817093659810,6.43,6.42,6.432345125394453
20230817093659960,6.43,6.42,6.432345125394453
20230817093700130,6.43,6.42,6.432345125394453
20230817093700140,6.43,6.42,6.432345125394453
20230817093700180,6.43,6.42,6.432345125394453
20230817093700220,6.43,6.42,6.432345125394453
20230817093700660,6.43,6.42,6.432345125394453
20230817093700670,6.43,6.42,6.432345125394453
20230817093700680,6.43,6.42,6.432345125394453
20230817093700690,6.43,6.42,6.432345125394453
20230817093702280,6.43,6.42,6.432345125394453
20230817093702540,6.43,6.42,6.432345125394453
20230817093702700,6.43,6.42,6.432345125394453
20230817093702720,6.43,6.42,6.432345125394453
20230817093702750,6.43,6.42,6.432345125394453
20230817093702930,6.43,6.42,6.432299096138045
20230817093703360,6.43,6.42,6.432299096138045
20230817093705650,6.43,6.42,6.432299096138045
20230817093705660,6.43,6.42,6.432299096138045
20230817093705920,6.43,6.42,6.432299096138045
20230817093707700,6.43,6.42,6.432299096138045
20230817093707710,6.43,6.42,6.432299096138045
20230817093707770,6.43,6.42,6.432299096138045
20230817093707790,6.43,6.42,6.432299096138045
20230817093708550,6.43,6.42,6.432299096138045
20230817093710880,6.43,6.42,6.432299096138045
20230817093711320,6.43,6.42,6.432299096138045
20230817093711560,6.43,6.42,6.432299096138045
20230817093713080,6.43,6.42,6.432299096138045
20230817093713250,6.43,6.42,6.432299096138045
20230817093713400,6.43,6.42,6.432299096138045
20230817093713490,6.43,6.42,6.432299096138045
20230817093713520,6.43,6.42,6.432349735534541
20230817093713590,6.43,6.42,6.432349735534541
20230817093713620,6.43,6.42,6.432349735534541
20230817093713640,6.43,6.42,6.432349735534541
20230817093713940,6.43,6.42,6.432349735534541
20230817093713950,6.43,6.42,6.432349735534541
20230817093714050,6.43,6.43,6.432349735534541
20230817093714280,6.43,6.43,6.432349735534541
20230817093715820,6.43,6.43,6.432399681528662
20230817093716180,6.43,6.43,6.432399681528662
20230817093716270,6.43,6.43,6.432399681528662
20230817093716280,6.43,6.43,6.432399681528662
20230817093716880,6.43,6.43,6.432399681528662
20230817093718510,6.43,6.43,6.432399681528662
20230817093718890,6.43,6.43,6.432399681528662
20230817093719080,6.43,6.43,6.432399681528662
20230817093719380,6.43,6.43,6.432397456279809
20230817093719630,6.43,6.43,6.432397456279809
20230817093721250,6.43,6.43,6.432397456279809
20230817093721530,6.43,6.43,6.432395171537484
20230817093721830,6.43,6.43,6.432395171537484
20230817093722140,6.43,6.43,6.432395171537484
20230817093722260,6.43,6.43,6.432395171537484
20230817093722350,6.43,6.43,6.432395171537484
20230817093723830,6.43,6.43,6.432395171537484
20230817093723870,6.43,6.43,6.432395171537484
20230817093724050,6.43,6.43,6.432395171537484
20230817093724330,6.43,6.43,6.432395171537484
20230817093724450,6.43,6.43,6.432395171537484
20230817093724810,6.43,6.43,6.432395171537484
20230817093724940,6.43,6.43,6.432465043205028
20230817093725000,6.43,6.43,6.432465043205028
20230817093726550,6.43,6.43,6.432465043205028
20230817093726730,6.43,6.43,6.432465043205028
20230817093726770,6.43,6.43,6.432465043205028
20230817093726880,6.43,6.43,6.432465043205028
20230817093727160,6.43,6.43,6.432465043205028
20230817093727220,6.43,6.43,6.432465043205028
20230817093732420,6.43,6.43,6.432465043205028
20230817093732650,6.43,6.43,6.432465043205028
20230817093732770,6.43,6.43,6.432465043205028
20230817093733060,6.44,6.43,6.432465043205028
20230817093734820,6.44,6.43,6.432465043205028
20230817093734860,6.44,6.43,6.432465043205028
20230817093735000,6.44,6.43,6.432465043205028
20230817093735550,6.44,6.43,6.432465043205028
20230817093737370,6.44,6.43,6.432465043205028
20230817093737570,6.44,6.43,6.432465043205028
20230817093737700,6.44,6.43,6.432465043205028
20230817093737960,6.44,6.43,6.432465043205028
20230817093738190,6.44,6.43,6.432465043205028
20230817093742980,6.44,6.43,6.432465043205028
20230817093743030,6.44,6.43,6.432465043205028
20230817093743280,6.44,6.43,6.432465043205028
20230817093743300,6.44,6.43,6.432465043205028
20230817093743620,6.44,6.43,6.432465043205028
20230817093743720,6.44,6.43,6.432465043205028
20230817093743880,6.44,6.43,6.432465043205028
20230817093745570,6.44,6.43,6.432465043205028
20230817093745760,6.44,6.43,6.432465043205028
20230817093746130,6.44,6.43,6.432465043205028
20230817093746140,6.44,6.43,6.432465043205028
20230817093746320,6.44,6.43,6.432465043205028
20230817093746600,6.44,6.44,6.432465043205028
20230817093746630,6.44,6.43,6.432465043205028
20230817093748440,6.44,6.43,6.432465043205028
20230817093748920,6.44,6.43,6.432465043205028
20230817093748990,6.44,6.43,6.432465043205028
20230817093749030,6.44,6.43,6.432465043205028
20230817093751380,6.44,6.43,6.432465043205028
20230817093752030,6.44,6.43,6.432465043205028
20230817093753590,6.44,6.43,6.432465043205028
20230817093753690,6.44,6.43,6.432465043205028
20230817093754050,6.44,6.43,6.432465043205028
20230817093754080,6.44,6.43,6.432465043205028
20230817093754090,6.44,6.43,6.432465043205028
20230817093754310,6.44,6.43,6.432465043205028
20230817093756730,6.44,6.43,6.432465043205028
20230817093756840,6.44,6.43,6.432465043205028
20230817093759030,6.44,6.43,6.432465043205028
20230817093759680,6.44,6.43,6.432465043205028
20230817093800110,6.44,6.43,6.432465043205028
20230817093802160,6.44,6.43,6.432465043205028
20230817093802470,6.44,6.43,6.432465043205028
20230817093802580,6.44,6.43,6.432465043205028
20230817093802830,6.44,6.43,6.432465043205028
20230817093804610,6.44,6.43,6.432465043205028
20230817093804640,6.44,6.43,6.432465043205028
20230817093804710,6.44,6.43,6.432465043205028
20230817093804980,6.44,6.43,6.432465043205028
20230817093805290,6.44,6.43,6.432465043205028
20230817093807110,6.44,6.43,6.432465043205028
20230817093807590,6.44,6.43,6.432465043205028
20230817093807670,6.44,6.43,6.432465043205028
20230817093807920,6.44,6.43,6.432465043205028
20230817093809820,6.44,6.43,6.432465043205028
20230817093810290,6.44,6.43,6.432465043205028
20230817093810920,6.44,6.43,6.432465043205028
20230817093812520,6.44,6.43,6.432465043205028
20230817093812640,6.44,6.43,6.432465043205028
20230817093812660,6.44,6.43,6.432465043205028
20230817093812870,6.44,6.43,6.432465043205028
20230817093813140,6.44,6.43,6.432465043205028
20230817093813220,6.44,6.43,6.432465043205028
20230817093813540,6.44,6.43,6.432465043205028
20230817093816160,6.44,6.43,6.432465043205028
20230817093816170,6.44,6.43,6.432465043205028
20230817093817930,6.44,6.43,6.432562272396213
20230817093818720,6.44,6.43,6.432562272396213
20230817093820920,6.44,6.43,6.432554087411065
20230817093821020,6.44,6.43,6.432554087411065
20230817093821070,6.42,6.41,6.430577652541454
20230817093821080,6.42,6.41,6.430456395971716
20230817093821100,6.42,6.41,6.430456395971716
20230817093821110,6.42,6.41,6.430456395971716
20230817093821150,6.42,6.41,6.430456395971716
20230817093821160,6.42,6.41,6.430456395971716
20230817093821250,6.42,6.41,6.430456395971716
20230817093821360,6.42,6.43,6.430325306294888
20230817093821470,6.42,6.43,6.430325306294888
20230817093821780,6.42,6.43,6.430325306294888
20230817093823490,6.42,6.43,6.430325306294888
20230817093823590,6.42,6.43,6.430325306294888
20230817093823920,6.42,6.43,6.430325306294888
20230817093826030,6.42,6.43,6.430325306294888
20230817093826100,6.42,6.43,6.430325306294888
20230817093826710,6.42,6.43,6.430325306294888
20230817093827150,6.42,6.43,6.430325306294888
20230817093829320,6.42,6.43,6.430325306294888
20230817093829380,6.42,6.43,6.430325306294888
20230817093829790,6.42,6.43,6.430325134593054
20230817093832170,6.42,6.41,6.430324791732574
20230817093832360,6.42,6.41,6.430324791732574
20230817093832470,6.42,6.41,6.430324483775811
20230817093832490,6.42,6.41,6.430324483775811
20230817093832530,6.42,6.41,6.430324483775811
20230817093834200,6.42,6.41,6.430324483775811
20230817093834260,6.42,6.41,6.430323362123446
20230817093834730,6.42,6.41,6.430323362123446
20230817093835010,6.42,6.42,6.430323362123446
20230817093835140,6.42,6.42,6.430323362123446
20230817093835220,6.42,6.42,6.430323362123446
20230817093836910,6.42,6.42,6.430323362123446
20230817093837100,6.42,6.42,6.430323362123446
20230817093837210,6.42,6.42,6.4303146374829
20230817093837670,6.42,6.42,6.4303146374829
20230817093839520,6.42,6.42,6.4303146374829
20230817093840090,6.42,6.42,6.4303146374829
20230817093842630,6.42,6.42,6.4303146374829
20230817093842860,6.42,6.42,6.4303146374829
20230817093842870,6.42,6.42,6.4303146374829
20230817093843100,6.42,6.42,6.4303146374829
20230817093843280,6.42,6.42,6.4303146374829
20230817093844890,6.42,6.42,6.4303146374829
20230817093845460,6.42,6.42,6.4303146374829
20230817093845490,6.42,6.42,6.4303146374829
20230817093848210,6.42,6.42,6.4303146374829
20230817093853450,6.43,6.42,6.430299401197605
20230817093858340,6.43,6.42,6.43019232768479
20230817093858890,6.43,6.42,6.43019232768479
20230817093901110,6.43,6.42,6.43019232768479
20230817093901190,6.43,6.42,6.430191268191268
20230817093901270,6.43,6.42,6.430189149864893
20230817093901300,6.43,6.42,6.430185974025974
20230817093901420,6.43,6.42,6.430185974025974
20230817093901640,6.43,6.42,6.430185974025974
20230817093902260,6.43,6.42,6.430185974025974
20230817093904060,6.43,6.42,6.430160638408125
20230817093904160,6.43,6.42,6.430159585492228
20230817093904490,6.43,6.42,6.430159585492228
20230817093904930,6.43,6.42,6.430159206037424
20230817093907100,6.43,6.42,6.430158155881744
20230817093907160,6.43,6.42,6.430158155881744
20230817093907550,6.43,6.42,6.430158155881744
20230817093907570,6.43,6.42,6.430158155881744
20230817093909140,6.43,6.42,6.430158155881744
20230817093909420,6.43,6.42,6.430158155881744
20230817093909550,6.43,6.42,6.430158155881744
20230817093909620,6.43,6.42,6.430158008881545
20230817093910090,6.43,6.42,6.430156959933911
20230817093910350,6.43,6.42,6.430156959933911
20230817093912280,6.43,6.42,6.430156959933911
20230817093912600,6.43,6.42,6.430156959933911
20230817093912690,6.43,6.42,6.430156959933911
20230817093914520,6.43,6.42,6.430156959933911
20230817093918200,6.43,6.42,6.430156959933911
20230817093918260,6.43,6.42,6.430156959933911
20230817093920000,6.43,6.42,6.430156959933911
20230817093920270,6.43,6.42,6.430156959933911
20230817093920640,6.43,6.42,6.430156959933911
20230817093920920,6.43,6.42,6.430156959933911
20230817093921000,6.43,6.42,6.430156959933911
20230817093921020,6.43,6.42,6.430115178938708
20230817093923010,6.43,6.42,6.430115167095115
20230817093923220,6.43,6.42,6.430115167095115
20230817093923330,6.43,6.42,6.430115167095115
20230817093923400,6.43,6.42,6.430115167095115
20230817093923650,6.43,6.42,6.430115167095115
20230817093925580,6.43,6.41,6.429644117647059
20230817093925680,6.43,6.42,6.429644117647059
20230817093925720,6.43,6.42,6.429644117647059
20230817093925740,6.43,6.42,6.429644117647059
20230817093925870,6.43,6.42,6.429644117647059
20230817093926320,6.43,6.42,6.429644117647059
20230817093928110,6.43,6.42,6.429644117647059
20230817093928150,6.43,6.42,6.429644117647059
20230817093930820,6.43,6.42,6.429644117647059
20230817093931050,6.43,6.42,6.429644117647059
20230817093931620,6.43,6.42,6.429644117647059
20230817093931740,6.43,6.42,6.429644117647059
20230817093931850,6.43,6.42,6.429644117647059
20230817093933580,6.43,6.42,6.429644117647059
20230817093934120,6.43,6.42,6.429644117647059
20230817093934180,6.43,6.42,6.429644117647059
20230817093934350,6.43,6.42,6.429644117647059
20230817093934390,6.43,6.42,6.429644117647059
20230817093936210,6.43,6.42,6.429644117647059
20230817093936500,6.43,6.42,6.429644117647059
20230817093936570,6.43,6.42,6.429644117647059
20230817093936800,6.43,6.42,6.429644117647059
20230817093936930,6.43,6.42,6.429644117647059
20230817093937020,6.43,6.42,6.429644117647059
20230817093937180,6.43,6.42,6.429644117647059
20230817093937200,6.43,6.42,6.429644117647059
20230817093938920,6.43,6.42,6.429644117647059
20230817093938930,6.43,6.42,6.429644117647059
20230817093938950,6.43,6.42,6.429591023897416
20230817093939280,6.43,6.42,6.429591023897416
20230817093939380,6.43,6.42,6.429591103341103
20230817093939960,6.43,6.42,6.429586447917678
20230817093941580,6.43,6.42,6.429586447917678
20230817093941820,6.43,6.42,6.429586447917678
20230817093941860,6.43,6.42,6.429586447917678
20230817093942380,6.43,6.42,6.429586447917678
20230817093942400,6.43,6.42,6.429586447917678
20230817093942450,6.43,6.42,6.429586488060571
20230817093942490,6.43,6.42,6.429586488060571
20230817093944560,6.43,6.42,6.429586488060571
20230817093944850,6.43,6.42,6.429586488060571
20230817093945310,6.43,6.42,6.429586488060571
20230817093947290,6.43,6.42,6.429586488060571
20230817093947820,6.43,6.42,6.429586488060571
20230817093949750,6.43,6.42,6.429586488060571
20230817093949920,6.43,6.42,6.429550333623441
20230817093949960,6.43,6.42,6.429550333623441
20230817093950500,6.43,6.42,6.429550333623441
20230817093952500,6.43,6.42,6.429550333623441
20230817093952750,6.43,6.42,6.4295511149724875
20230817093952770,6.43,6.42,6.4295511149724875
20230817093953440,6.43,6.42,6.4295511149724875
20230817093955320,6.43,6.42,6.4295511149724875
20230817093955360,6.43,6.42,6.4295511149724875
20230817093955440,6.43,6.42,6.4295511149724875
20230817093955460,6.43,6.42,6.4295501930501935
20230817093955500,6.43,6.42,6.4295501930501935
20230817093955750,6.43,6.42,6.4295501930501935
20230817093955960,6.43,6.42,6.4295501930501935
20230817093955990,6.43,6.42,6.4295501930501935
20230817093957920,6.43,6.42,6.429512546870493
20230817093957950,6.43,6.42,6.429512546870493
20230817093958160,6.43,6.41,6.429277074542897
20230817093958170,6.43,6.41,6.429277074542897
20230817093958190,6.43,6.41,6.429277074542897
20230817093958600,6.43,6.42,6.429277074542897
20230817093958630,6.43,6.42,6.429277074542897
20230817093958930,6.43,6.41,6.429270120865736
20230817094001000,6.43,6.42,6.429270120865736
20230817094001030,6.43,6.42,6.429270120865736
20230817094001070,6.43,6.42,6.429270120865736
20230817094001080,6.43,6.42,6.429270599250937
20230817094001110,6.43,6.42,6.429270940570894
20230817094001160,6.43,6.42,6.429270940570894
20230817094001470,6.43,6.42,6.429270940570894
20230817094001480,6.43,6.42,6.429270940570894
20230817094003100,6.43,6.42,6.429270940570894
20230817094003290,6.43,6.42,6.429270940570894
20230817094003390,6.43,6.42,6.429270940570894
20230817094003570,6.43,6.42,6.429270940570894
20230817094003620,6.43,6.42,6.429270940570894
20230817094003630,6.43,6.42,6.429270940570894
20230817094003660,6.43,6.42,6.429270940570894
20230817094003910,6.43,6.42,6.429270940570894
20230817094004000,6.43,6.42,6.429270940570894
20230817094004080,6.43,6.42,6.429270940570894
20230817094004090,6.43,6.42,6.429270940570894
20230817094004240,6.43,6.42,6.429270940570894
20230817094005950,6.43,6.42,6.429270940570894
20230817094006000,6.43,6.42,6.429270940570894
20230817094006140,6.43,6.42,6.429270940570894
20230817094006220,6.43,6.42,6.429270940570894
20230817094006250,6.43,6.42,6.429270940570894
20230817094006310,6.43,6.42,6.429270940570894
20230817094006490,6.43,6.42,6.429270940570894
20230817094006500,6.43,6.42,6.429270940570894
20230817094006720,6.43,6.42,6.429270940570894
20230817094006770,6.43,6.42,6.429233339521069
20230817094006940,6.43,6.42,6.429233339521069
20230817094006960,6.43,6.42,6.429233339521069
20230817094009430,6.43,6.42,6.429233339521069
20230817094011530,6.43,6.42,6.429233339521069
20230817094011780,6.43,6.42,6.429233339521069
20230817094012250,6.43,6.42,6.429233339521069
20230817094014040,6.43,6.42,6.429233339521069
20230817094014050,6.43,6.42,6.429233339521069
20230817094014270,6.43,6.42,6.429233339521069
20230817094014310,6.43,6.42,6.429233339521069
20230817094019370,6.43,6.42,6.429233339521069
20230817094019400,6.43,6.42,6.429233339521069
20230817094019470,6.43,6.42,6.429233339521069
20230817094019840,6.43,6.42,6.429233339521069
20230817094019990,6.43,6.42,6.429233339521069
20230817094020040,6.43,6.42,6.429233339521069
20230817094020100,6.43,6.42,6.429233339521069
20230817094020160,6.43,6.42,6.429233339521069
20230817094020500,6.43,6.41,6.429055985434684
20230817094022060,6.43,6.41,6.429055985434684
20230817094022080,6.43,6.41,6.429055985434684
20230817094022100,6.43,6.41,6.429055985434684
20230817094022180,6.43,6.41,6.429055985434684
20230817094022310,6.43,6.42,6.429055985434684
20230817094022400,6.43,6.42,6.429055985434684
20230817094024790,6.43,6.42,6.429055985434684
20230817094025040,6.43,6.41,6.429055985434684
20230817094025080,6.43,6.41,6.429055985434684
20230817094025090,6.43,6.41,6.429055985434684
20230817094025110,6.43,6.41,6.429055985434684
20230817094025200,6.43,6.41,6.429055985434684
20230817094025230,6.43,6.41,6.429055985434684
20230817094027440,6.43,6.41,6.429055985434684
20230817094027570,6.43,6.41,6.429055985434684
20230817094027800,6.43,6.41,6.429055985434684
20230817094028080,6.43,6.41,6.429055985434684
20230817094028100,6.43,6.41,6.429055985434684
20230817094028160,6.43,6.41,6.429055985434684
20230817094028190,6.43,6.41,6.429055985434684
20230817094028200,6.43,6.41,6.429055985434684
20230817094028280,6.43,6.41,6.429055985434684
20230817094028400,6.43,6.41,6.429055985434684
20230817094028530,6.43,6.41,6.429055985434684
20230817094028540,6.43,6.41,6.429055985434684
20230817094028610,6.43,6.41,6.429055985434684
20230817094030250,6.43,6.41,6.429055985434684
20230817094030390,6.43,6.41,6.429055985434684
20230817094030470,6.43,6.41,6.429055985434684
20230817094030530,6.43,6.41,6.429055985434684
20230817094030800,6.42,6.41,6.429055985434684
20230817094030970,6.42,6.41,6.429055985434684
20230817094031080,6.42,6.41,6.429055985434684
20230817094031150,6.42,6.41,6.429055985434684
20230817094031180,6.42,6.41,6.429055985434684
20230817094031200,6.42,6.41,6.429055985434684
20230817094031210,6.42,6.41,6.429055985434684
20230817094033070,6.42,6.41,6.429055985434684
20230817094033200,6.42,6.41,6.429055985434684
20230817094033600,6.42,6.41,6.429055985434684
20230817094033760,6.42,6.41,6.429055985434684
20230817094033800,6.42,6.41,6.429055985434684
20230817094034050,6.42,6.41,6.429055985434684
20230817094034060,6.42,6.41,6.429055985434684
20230817094035540,6.42,6.41,6.429055985434684
20230817094035550,6.42,6.41,6.429055985434684
20230817094035900,6.42,6.41,6.429055985434684
20230817094036200,6.42,6.41,6.429055985434684
20230817094036220,6.42,6.41,6.428772412568791
20230817094036440,6.42,6.41,6.428772412568791
20230817094036610,6.42,6.41,6.428772412568791
20230817094038370,6.42,6.41,6.428772412568791
20230817094039110,6.42,6.41,6.428772412568791
20230817094039330,6.42,6.41,6.428772412568791
20230817094040920,6.42,6.42,6.428772412568791
20230817094041010,6.42,6.42,6.428772412568791
20230817094041430,6.42,6.42,6.428772412568791
20230817094041940,6.42,6.42,6.428772412568791
20230817094041950,6.42,6.41,6.428738371577921
20230817094044160,6.42,6.41,6.428738371577921
20230817094044730,6.42,6.41,6.428738371577921
20230817094044790,6.42,6.41,6.428738371577921
20230817094046420,6.42,6.41,6.428738371577921
20230817094046640,6.42,6.41,6.428738371577921
20230817094046910,6.42,6.41,6.428738371577921
20230817094046920,6.42,6.41,6.428738371577921
20230817094049090,6.42,6.41,6.428738371577921
20230817094049140,6.42,6.41,6.428738371577921
20230817094049290,6.42,6.41,6.428738371577921
20230817094049390,6.42,6.41,6.428738371577921
20230817094049510,6.42,6.41,6.428738371577921
20230817094049550,6.42,6.41,6.428738371577921
20230817094049840,6.42,6.41,6.428738371577921
20230817094051820,6.42,6.41,6.428738371577921
20230817094055020,6.42,6.41,6.428738371577921
20230817094055100,6.42,6.41,6.428738371577921
20230817094055620,6.42,6.41,6.428738371577921
20230817094057160,6.42,6.41,6.428711759504863
20230817094057840,6.42,6.41,6.428711759504863
20230817094058120,6.42,6.41,6.428711759504863
20230817094058150,6.42,6.41,6.428711759504863
20230817094058220,6.42,6.41,6.428711759504863
20230817094059920,6.42,6.41,6.428711759504863
20230817094059950,6.42,6.41,6.428711759504863
20230817094100150,6.42,6.41,6.428711759504863
20230817094100180,6.42,6.41,6.428711759504863
20230817094100400,6.42,6.41,6.428711759504863
20230817094100420,6.42,6.41,6.428711759504863
20230817094100490,6.42,6.41,6.428711759504863
20230817094100520,6.42,6.41,6.428711759504863
20230817094102660,6.42,6.41,6.428711759504863
20230817094102800,6.42,6.41,6.428711759504863
20230817094102830,6.42,6.41,6.428711759504863
20230817094102850,6.42,6.41,6.428711759504863
20230817094103130,6.42,6.41,6.428711759504863
20230817094103320,6.42,6.41,6.428711759504863
20230817094103500,6.42,6.41,6.428711759504863
20230817094105240,6.42,6.41,6.428711759504863
20230817094105760,6.42,6.41,6.428711759504863
20230817094106200,6.42,6.41,6.428711759504863
20230817094107940,6.42,6.41,6.428711759504863
20230817094108340,6.42,6.41,6.428711759504863
20230817094108700,6.42,6.41,6.428711759504863
20230817094109110,6.42,6.41,6.428711759504863
20230817094111430,6.42,6.41,6.428711759504863
20230817094111710,6.42,6.41,6.428711759504863
20230817094113670,6.42,6.41,6.428711759504863
20230817094113690,6.42,6.41,6.428711759504863
20230817094114080,6.42,6.41,6.428711759504863
20230817094114360,6.42,6.41,6.428711759504863
20230817094114470,6.42,6.41,6.428711759504863
20230817094116160,6.42,6.41,6.428711759504863
20230817094116580,6.42,6.41,6.428711759504863
20230817094116790,6.42,6.41,6.428711759504863
20230817094116960,6.42,6.41,6.428711759504863
20230817094117050,6.42,6.41,6.428711759504863
20230817094119040,6.42,6.41,6.428711759504863
20230817094119130,6.42,6.41,6.428711759504863
20230817094119760,6.42,6.41,6.42855111653873
20230817094119810,6.42,6.41,6.42855111653873
20230817094121410,6.42,6.41,6.428541430687462
20230817094121920,6.42,6.41,6.428541430687462
20230817094121950,6.42,6.41,6.428541430687462
20230817094122590,6.42,6.41,6.428541430687462
20230817094122640,6.42,6.41,6.428541430687462
20230817094124400,6.42,6.42,6.428541430687462
20230817094124440,6.42,6.42,6.428501042752868
20230817094124450,6.42,6.42,6.428495137200417
20230817094124460,6.42,6.42,6.42849292473305
20230817094124470,6.42,6.42,6.42849292473305
20230817094124480,6.42,6.42,6.428489239847275
20230817094124490,6.42,6.42,6.428486294240111
20230817094124510,6.42,6.41,6.428485558157689
20230817094124520,6.42,6.41,6.428480409153953
20230817094124550,6.42,6.41,6.428478939157566
20230817094124580,6.42,6.41,6.428478939157566
20230817094124760,6.42,6.41,6.428478204350464
20230817094124790,6.42,6.42,6.428478204350464
20230817094124940,6.42,6.42,6.428478204350464
20230817094125080,6.42,6.42,6.428478204350464
20230817094125090,6.42,6.42,6.428478204350464
20230817094125110,6.42,6.42,6.428478204350464
20230817094125120,6.42,6.42,6.428478204350464
20230817094125130,6.42,6.42,6.428476000693121
20230817094125150,6.42,6.41,6.428473798181031
20230817094125250,6.42,6.41,6.428473798181031
20230817094125270,6.42,6.41,6.428473798181031
20230817094126910,6.42,6.41,6.428473798181031
20230817094127380,6.42,6.41,6.428473798181031
20230817094127820,6.42,6.42,6.428473798181031
20230817094127930,6.42,6.41,6.428470863278206
20230817094129730,6.42,6.42,6.428470863278206
20230817094129960,6.42,6.42,6.428470863278206
20230817094130250,6.42,6.42,6.428470863278206
20230817094130260,6.42,6.42,6.428470863278206
20230817094130680,6.42,6.42,6.428470863278206
20230817094130750,6.42,6.42,6.428470863278206
20230817094132580,6.42,6.42,6.428470863278206
20230817094132660,6.42,6.42,6.428470863278206
20230817094132870,6.42,6.42,6.428470863278206
20230817094132890,6.42,6.42,6.428470863278206
20230817094133020,6.42,6.42,6.428470863278206
20230817094133160,6.42,6.42,6.428470863278206
20230817094133260,6.42,6.42,6.428470863278206
20230817094134920,6.42,6.42,6.428470863278206
20230817094135470,6.42,6.42,6.428470863278206
20230817094135690,6.42,6.42,6.428470863278206
20230817094135700,6.42,6.42,6.428470863278206
20230817094135720,6.42,6.42,6.428470863278206
20230817094135920,6.42,6.42,6.428470863278206
20230817094137660,6.42,6.42,6.428470863278206
20230817094138140,6.42,6.42,6.428470863278206
20230817094138170,6.42,6.42,6.428470863278206
20230817094138710,6.42,6.42,6.428470863278206
20230817094140590,6.42,6.42,6.428470863278206
20230817094140750,6.42,6.42,6.428470863278206
20230817094143100,6.42,6.42,6.428470863278206
20230817094143550,6.42,6.42,6.428470863278206
20230817094143780,6.42,6.42,6.428470863278206
20230817094145980,6.42,6.42,6.428470863278206
20230817094146130,6.42,6.42,6.428470863278206
20230817094146160,6.42,6.42,6.428470863278206
20230817094146520,6.42,6.42,6.428470863278206
20230817094146750,6.42,6.42,6.428470863278206
20230817094148520,6.42,6.42,6.428470863278206
20230817094149170,6.43,6.41,6.428470863278206
20230817094149200,6.43,6.41,6.428470863278206
20230817094149210,6.43,6.41,6.428470863278206
20230817094149330,6.43,6.41,6.428470863278206
20230817094149460,6.43,6.41,6.428470863278206
20230817094149470,6.42,6.41,6.428470863278206
20230817094149480,6.42,6.41,6.428470863278206
20230817094151490,6.42,6.41,6.428470863278206
20230817094152090,6.43,6.41,6.428470863278206
20230817094152130,6.43,6.41,6.428470863278206
20230817094152140,6.43,6.41,6.428470863278206
20230817094152160,6.42,6.41,6.428470863278206
20230817094152180,6.42,6.41,6.428470863278206
20230817094152350,6.43,6.41,6.428470863278206
20230817094153790,6.43,6.41,6.428470863278206
20230817094154120,6.42,6.41,6.428470863278206
20230817094154660,6.43,6.41,6.428470863278206
20230817094154970,6.43,6.41,6.428470863278206
20230817094154990,6.42,6.41,6.42794318088513
20230817094156670,6.43,6.42,6.427647245594539
20230817094156700,6.43,6.42,6.427647245594539
20230817094156750,6.43,6.42,6.427647245594539
20230817094156790,6.43,6.42,6.427647245594539
20230817094156920,6.43,6.42,6.427647245594539
20230817094157070,6.43,6.42,6.427647245594539
20230817094157260,6.43,6.42,6.427647245594539
20230817094200150,6.43,6.42,6.427647245594539
20230817094200160,6.43,6.42,6.427647245594539
20230817094200170,6.43,6.42,6.427647245594539
20230817094201910,6.43,6.42,6.427647245594539
20230817094201920,6.43,6.42,6.427647245594539
20230817094201970,6.43,6.42,6.427647245594539
20230817094202190,6.43,6.43,6.427647245594539
20230817094202950,6.43,6.43,6.427647245594539
20230817094205470,6.43,6.43,6.427647245594539
20230817094207360,6.43,6.43,6.427647245594539
20230817094207480,6.43,6.43,6.427647245594539
20230817094207640,6.43,6.43,6.427647245594539
20230817094208220,6.43,6.43,6.427647245594539
20230817094208330,6.43,6.43,6.427647245594539
20230817094208450,6.43,6.43,6.427647245594539
20230817094210080,6.43,6.43,6.427647245594539
20230817094210430,6.43,6.43,6.427647245594539
20230817094210700,6.43,6.43,6.427647245594539
20230817094210730,6.43,6.43,6.427647245594539
20230817094210950,6.43,6.43,6.427647245594539
20230817094213080,6.43,6.43,6.427647245594539
20230817094213120,6.43,6.42,6.427647245594539
20230817094213530,6.43,6.43,6.427647245594539
20230817094213550,6.43,6.43,6.427647245594539
20230817094213680,6.43,6.42,6.427647245594539
20230817094213750,6.43,6.42,6.427647245594539
20230817094213920,6.43,6.42,6.427647245594539
20230817094215540,6.43,6.42,6.428193217010349
20230817094215950,6.43,6.43,6.428193217010349
20230817094216050,6.43,6.43,6.428193217010349
20230817094216060,6.43,6.43,6.428193217010349
20230817094216160,6.43,6.43,6.428193217010349
20230817094218180,6.43,6.43,6.428193217010349
20230817094218290,6.43,6.43,6.428193217010349
20230817094218310,6.43,6.43,6.428193217010349
20230817094218740,6.43,6.43,6.428193217010349
20230817094218800,6.43,6.43,6.428193217010349
20230817094220790,6.43,6.43,6.428193217010349
20230817094220800,6.43,6.43,6.428193217010349
20230817094221360,6.43,6.43,6.428193217010349
20230817094221500,6.43,6.43,6.428193217010349
20230817094221530,6.43,6.43,6.428193217010349
20230817094221640,6.43,6.43,6.428193217010349
20230817094222000,6.43,6.43,6.428193217010349
20230817094223830,6.43,6.43,6.428193217010349
20230817094223960,6.43,6.43,6.428193217010349
20230817094223980,6.43,6.43,6.428193217010349
20230817094224260,6.43,6.43,6.428193217010349
20230817094224460,6.43,6.43,6.428193217010349
20230817094224600,6.43,6.43,6.428193217010349
20230817094226460,6.43,6.43,6.428193217010349
20230817094226550,6.43,6.43,6.428193217010349
20230817094226590,6.43,6.43,6.428193217010349
20230817094226980,6.43,6.43,6.428193217010349
20230817094229510,6.43,6.43,6.428193217010349
20230817094230010,6.43,6.43,6.428193217010349
20230817094231690,6.43,6.43,6.428193217010349
20230817094232410,6.43,6.43,6.428193217010349
20230817094234420,6.43,6.43,6.428193217010349
20230817094234480,6.43,6.43,6.428193217010349
20230817094237160,6.43,6.43,6.428193217010349
20230817094237170,6.43,6.43,6.428193217010349
20230817094238010,6.43,6.43,6.428193217010349
20230817094240310,6.43,6.43,6.428193217010349
20230817094240480,6.43,6.43,6.428193217010349
20230817094240570,6.43,6.43,6.428193217010349
20230817094240690,6.43,6.43,6.428193217010349
20230817094242420,6.43,6.43,6.428193217010349
20230817094242450,6.43,6.43,6.428193217010349
20230817094242650,6.43,6.43,6.428193217010349
20230817094243110,6.43,6.43,6.428193217010349
20230817094243140,6.43,6.43,6.428193217010349
20230817094243170,6.43,6.43,6.428193217010349
20230817094245770,6.43,6.43,6.428193217010349
20230817094245890,6.43,6.43,6.428193217010349
20230817094245920,6.43,6.43,6.428193217010349
20230817094246000,6.43,6.43,6.428193217010349
20230817094247840,6.43,6.43,6.428194108761329
20230817094247870,6.43,6.43,6.428194108761329
20230817094248190,6.43,6.43,6.428194108761329
20230817094248210,6.43,6.43,6.428194108761329
20230817094248220,6.43,6.43,6.428194108761329
20230817094248500,6.43,6.43,6.428194108761329
20230817094250580,6.43,6.43,6.428194108761329
20230817094253650,6.43,6.43,6.428194108761329
20230817094254090,6.43,6.43,6.428194108761329
20230817094254330,6.43,6.43,6.428194108761329
20230817094256710,6.43,6.43,6.428194108761329
20230817094257000,6.43,6.43,6.428194108761329
20230817094258620,6.43,6.43,6.428194108761329
20230817094301410,6.43,6.43,6.428194108761329
20230817094301920,6.43,6.43,6.428196016296967
20230817094304070,6.43,6.43,6.428199548192771
20230817094304100,6.43,6.43,6.428199548192771
20230817094304370,6.43,6.43,6.428199548192771
20230817094304440,6.43,6.43,6.428199548192771
20230817094304590,6.43,6.43,6.428199548192771
20230817094304680,6.43,6.43,6.428199548192771
20230817094305000,6.43,6.43,6.428199548192771
20230817094305030,6.43,6.43,6.428211266551957
20230817094305050,6.43,6.43,6.428211400359066
20230817094305080,6.43,6.43,6.428211400359066
20230817094305130,6.43,6.43,6.428211400359066
20230817094306880,6.43,6.43,6.428211400359066
20230817094307080,6.43,6.43,6.42821180166031
20230817094307090,6.43,6.43,6.42821180166031
20230817094307180,6.43,6.43,6.428213672020919
20230817094307560,6.43,6.43,6.4282138054684
20230817094309480,6.43,6.43,6.4282138054684
20230817094310120,6.43,6.43,6.42821447240684
20230817094310140,6.43,6.43,6.428215005599104
20230817094310150,6.43,6.43,6.428218994413408
20230817094310170,6.43,6.43,6.428218994413408
20230817094310190,6.43,6.43,6.428219790037972
20230817094310210,6.43,6.43,6.428219790037972
20230817094310220,6.43,6.43,6.428220320059546
20230817094312100,6.43,6.43,6.428220320059546
20230817094312180,6.43,6.43,6.428220320059546
20230817094312200,6.43,6.43,6.428220320059546
20230817094312260,6.43,6.43,6.428220320059546
20230817094312470,6.43,6.43,6.428220320059546
20230817094312790,6.43,6.43,6.428220320059546
20230817094313080,6.43,6.43,6.428220320059546
20230817094313110,6.43,6.43,6.428220320059546
20230817094313340,6.43,6.43,6.428220320059546
20230817094315030,6.43,6.43,6.428220320059546
20230817094315190,6.43,6.43,6.428220320059546
20230817094315250,6.43,6.43,6.428220320059546
20230817094315700,6.43,6.43,6.428220320059546
20230817094315760,6.43,6.43,6.428220320059546
20230817094317590,6.43,6.43,6.428220320059546
20230817094317700,6.43,6.43,6.428220320059546
20230817094318370,6.43,6.43,6.428220320059546
20230817094318580,6.43,6.43,6.428220320059546
20230817094318600,6.43,6.43,6.428220320059546
20230817094318670,6.43,6.43,6.428220320059546
20230817094318710,6.43,6.43,6.428220320059546
20230817094320450,6.43,6.43,6.428220320059546
20230817094320670,6.43,6.43,6.42821526796997
20230817094323090,6.43,6.43,6.42821526796997
20230817094323230,6.43,6.43,6.42821526796997
20230817094323460,6.43,6.43,6.42821526796997
20230817094325860,6.43,6.43,6.42821526796997
20230817094326000,6.43,6.43,6.42821526796997
20230817094326370,6.43,6.43,6.42821526796997
20230817094326590,6.43,6.43,6.42821526796997
20230817094326600,6.43,6.43,6.42821526796997
20230817094328360,6.43,6.43,6.42821526796997
20230817094328370,6.43,6.43,6.42821526796997
20230817094328680,6.43,6.43,6.42821526796997
20230817094329130,6.43,6.43,6.42821526796997
20230817094329370,6.43,6.43,6.42821526796997
20230817094331030,6.43,6.43,6.42821526796997
20230817094331040,6.43,6.43,6.42821526796997
20230817094331160,6.43,6.43,6.42821526796997
20230817094331580,6.43,6.43,6.42821526796997
20230817094334110,6.43,6.43,6.42821526796997
20230817094334270,6.43,6.43,6.42821526796997
20230817094337200,6.43,6.43,6.42821526796997
20230817094339100,6.43,6.43,6.42821526796997
20230817094339250,6.43,6.43,6.42821526796997
20230817094339650,6.43,6.43,6.428154652106545
20230817094339770,6.43,6.43,6.428154652106545
20230817094340000,6.43,6.43,6.428154652106545
20230817094340110,6.43,6.43,6.428154652106545
20230817094341920,6.43,6.43,6.428145636792453
20230817094341950,6.43,6.43,6.428145636792453
20230817094341970,6.43,6.43,6.428145636792453
20230817094342370,6.43,6.43,6.428145636792453
20230817094344760,6.43,6.43,6.428145636792453
20230817094344770,6.43,6.43,6.428145636792453
20230817094344800,6.43,6.43,6.428145636792453
20230817094344850,6.43,6.42,6.4281220657277
20230817094345070,6.43,6.42,6.4281220657277
20230817094345200,6.43,6.42,6.4281220657277
20230817094345350,6.43,6.42,6.4281220657277
20230817094345360,6.43,6.42,6.4281220657277
20230817094345370,6.43,6.42,6.4281220657277
20230817094345390,6.43,6.42,6.4281220657277
20230817094345400,6.43,6.42,6.4280732542051995
20230817094345410,6.43,6.42,6.4280732542051995
20230817094345660,6.43,6.42,6.4280732542051995
20230817094347450,6.43,6.42,6.4280732542051995
20230817094347480,6.43,6.42,6.4280732542051995
20230817094347730,6.43,6.42,6.4280732542051995
20230817094348310,6.43,6.42,6.4280697285100805
20230817094350100,6.43,6.43,6.4280697285100805
20230817094350150,6.43,6.43,6.4280697285100805
20230817094352920,6.43,6.43,6.4280697285100805
20230817094353580,6.43,6.43,6.4280697285100805
20230817094355290,6.43,6.43,6.4280697285100805
20230817094355850,6.43,6.43,6.4280697285100805
20230817094358140,6.43,6.43,6.4280697285100805
20230817094358600,6.43,6.43,6.428075137800986
20230817094358810,6.43,6.43,6.428075137800986
20230817094400670,6.43,6.42,6.42802855494664
20230817094401100,6.43,6.42,6.4280279760617205
20230817094401920,6.43,6.42,6.4280279760617205
20230817094403490,6.43,6.42,6.4280279760617205
20230817094403650,6.43,6.42,6.4280279760617205
20230817094404060,6.43,6.42,6.428024504504505
20230817094404130,6.43,6.42,6.428024504504505
20230817094406120,6.43,6.42,6.428024504504505
20230817094406220,6.43,6.42,6.428031880519853
20230817094407000,6.43,6.42,6.428031880519853
20230817094407030,6.43,6.42,6.428033292674177
20230817094407080,6.43,6.42,6.428038921084639
20230817094409400,6.43,6.42,6.428038921084639
20230817094411690,6.43,6.42,6.428038921084639
20230817094414320,6.43,6.42,6.428038921084639
20230817094414420,6.43,6.42,6.428038921084639
20230817094415190,6.43,6.42,6.428038921084639
20230817094415350,6.43,6.42,6.428039201659632
20230817094417360,6.43,6.42,6.428039201659632
20230817094417380,6.43,6.42,6.428039201659632
20230817094417530,6.43,6.42,6.428041583309517
20230817094417710,6.43,6.42,6.428041583309517
20230817094420280,6.43,6.42,6.428041583309517
20230817094420630,6.43,6.42,6.428050636512339
20230817094422750,6.43,6.42,6.4280420574026715
20230817094422840,6.43,6.42,6.4280420574026715
20230817094423200,6.43,6.42,6.428040343774415
20230817094423210,6.43,6.42,6.428040343774415
20230817094423510,6.43,6.42,6.4280406221149065
20230817094425320,6.43,6.42,6.42804117855875
20230817094425340,6.43,6.42,6.428042290498829
20230817094427920,6.43,6.42,6.428042290498829
20230817094428220,6.43,6.42,6.428042290498829
20230817094428440,6.43,6.42,6.428042290498829
20230817094428660,6.43,6.42,6.428042707150965
20230817094433270,6.43,6.42,6.428042845995602
20230817094433340,6.43,6.42,6.428043678649932
20230817094433380,6.43,6.42,6.428043678649932
20230817094433490,6.43,6.42,6.428046863938836
20230817094433520,6.43,6.42,6.428048935718832
20230817094433840,6.43,6.42,6.428048935718832
20230817094433870,6.43,6.42,6.428048935718832
20230817094434190,6.43,6.42,6.428048935718832
20230817094434280,6.43,6.42,6.428048935718832
20230817094435790,6.43,6.42,6.428048935718832
20230817094436450,6.43,6.42,6.4280466595970305
20230817094436490,6.43,6.42,6.4280466595970305
20230817094439300,6.43,6.42,6.428054636344434
20230817094439510,6.43,6.42,6.428054636344434
20230817094441580,6.43,6.42,6.428054636344434
20230817094441920,6.43,6.42,6.428054636344434
20230817094442410,6.43,6.42,6.428054636344434
20230817094444060,6.43,6.42,6.428057644991212
20230817094444070,6.43,6.42,6.428057644991212
20230817094447710,6.43,6.42,6.428057644991212
20230817094447790,6.43,6.42,6.428057644991212
20230817094449920,6.43,6.42,6.428057644991212
20230817094452020,6.43,6.42,6.428057644991212
20230817094452110,6.43,6.42,6.428057644991212
20230817094452190,6.43,6.42,6.428057644991212
20230817094452230,6.43,6.42,6.428057644991212
20230817094452700,6.43,6.42,6.428057644991212
20230817094452790,6.43,6.42,6.428057644991212
20230817094452990,6.43,6.42,6.428057644991212
20230817094453090,6.43,6.42,6.428057644991212
20230817094454810,6.43,6.42,6.428057644991212
20230817094455220,6.43,6.42,6.428057644991212
20230817094455480,6.43,6.42,6.428057644991212
20230817094457460,6.43,6.42,6.428057644991212
20230817094500150,6.43,6.42,6.428057644991212
20230817094500280,6.43,6.42,6.428057644991212
20230817094500680,6.43,6.42,6.428057644991212
20230817094500910,6.43,6.42,6.428057644991212
20230817094508600,6.43,6.42,6.428057644991212
20230817094508880,6.43,6.42,6.428057644991212
20230817094511010,6.43,6.42,6.428057644991212
20230817094511050,6.43,6.42,6.428057644991212
20230817094511850,6.43,6.42,6.428057644991212
20230817094511970,6.43,6.42,6.428057644991212
20230817094512030,6.43,6.42,6.428027285881623
20230817094514010,6.43,6.42,6.428027285881623
20230817094514240,6.43,6.42,6.428027285881623
20230817094514820,6.43,6.42,6.428027285881623
20230817094516680,6.43,6.42,6.428027285881623
20230817094516910,6.43,6.42,6.428027285881623
20230817094516960,6.43,6.42,6.428027285881623
20230817094519070,6.43,6.42,6.428027285881623
20230817094519200,6.43,6.42,6.428027285881623
20230817094519380,6.43,6.42,6.4280275576989325
20230817094519710,6.43,6.42,6.4280275576989325
20230817094520040,6.43,6.42,6.4280275576989325
20230817094522270,6.43,6.42,6.4280275576989325
20230817094522660,6.43,6.42,6.4280275576989325
20230817094522920,6.43,6.42,6.4280275576989325
20230817094524600,6.43,6.42,6.4280275576989325
20230817094524810,6.43,6.42,6.4280275576989325
20230817094527240,6.43,6.42,6.4280275576989325
20230817094527450,6.43,6.42,6.4280275576989325
20230817094527700,6.43,6.42,6.4280275576989325
20230817094530160,6.43,6.42,6.4280275576989325
20230817094530250,6.43,6.42,6.4280275576989325
20230817094530780,6.43,6.42,6.4280275576989325
20230817094532780,6.43,6.42,6.4280275576989325
20230817094532920,6.43,6.42,6.4280275576989325
20230817094535920,6.43,6.42,6.42800645294158
20230817094536210,6.43,6.42,6.428003156522336
20230817094537890,6.43,6.42,6.428003156522336
20230817094541160,6.43,6.42,6.428003156522336
20230817094541370,6.43,6.42,6.428003156522336
20230817094541680,6.43,6.42,6.428003156522336
20230817094543410,6.43,6.42,6.428003156522336
20230817094543480,6.43,6.42,6.428003156522336
20230817094543590,6.43,6.42,6.428003156522336
20230817094543780,6.43,6.42,6.428003156522336
20230817094543920,6.43,6.42,6.428003156522336
20230817094546060,6.43,6.42,6.428003156522336
20230817094546210,6.43,6.42,6.428003156522336
20230817094546330,6.43,6.42,6.428003156522336
20230817094549120,6.43,6.42,6.428003156522336
20230817094549170,6.43,6.42,6.428003156522336
20230817094549300,6.43,6.42,6.428003156522336
20230817094549440,6.43,6.42,6.428003156522336
20230817094549770,6.43,6.42,6.428003156522336
20230817094551670,6.43,6.42,6.427998632010944
20230817094551700,6.43,6.42,6.427998632010944
20230817094552180,6.43,6.42,6.427998632010944
20230817094552250,6.43,6.42,6.427998632010944
20230817094554110,6.43,6.42,6.427998632010944
20230817094554590,6.43,6.42,6.427998632010944
20230817094554620,6.43,6.42,6.4279833424358275
20230817094554720,6.43,6.42,6.4279833424358275
20230817094555110,6.43,6.42,6.4279833424358275
20230817094555130,6.43,6.42,6.4279833424358275
20230817094555280,6.43,6.42,6.4279833424358275
20230817094557030,6.43,6.42,6.427982252559727
20230817094557100,6.43,6.42,6.427982252559727
20230817094557820,6.43,6.42,6.427982252559727
20230817094559680,6.43,6.42,6.427982252559727
20230817094559710,6.43,6.42,6.427982252559727
20230817094559890,6.43,6.42,6.427982252559727
20230817094600150,6.43,6.42,6.427982252559727
20230817094602460,6.43,6.42,6.427982252559727
20230817094602490,6.43,6.42,6.427972328244275
20230817094602500,6.43,6.42,6.427972328244275
20230817094602530,6.43,6.42,6.427972328244275
20230817094602650,6.43,6.42,6.427972328244275
20230817094603270,6.43,6.42,6.427970155355683
20230817094605490,6.43,6.42,6.427970155355683
20230817094605750,6.43,6.42,6.427970155355683
20230817094608560,6.43,6.42,6.427970155355683
20230817094610280,6.43,6.42,6.427970155355683
20230817094610470,6.43,6.42,6.427973331519151
20230817094610950,6.43,6.42,6.42797116234782
20230817094611040,6.43,6.42,6.42797116234782
20230817094611070,6.43,6.42,6.42797116234782
20230817094613090,6.43,6.42,6.42797116234782
20230817094613140,6.43,6.42,6.42797116234782
20230817094613190,6.43,6.42,6.427970108695652
20230817094613240,6.43,6.42,6.427970108695652
20230817094613430,6.43,6.42,6.427970108695652
20230817094613700,6.43,6.42,6.427970108695652
20230817094616080,6.43,6.42,6.427970108695652
20230817094616200,6.43,6.42,6.427970108695652
20230817094616920,6.43,6.42,6.427970108695652
20230817094618440,6.43,6.42,6.427972587868096
20230817094618450,6.43,6.42,6.427972725422348
20230817094618700,6.43,6.42,6.427973137973138
20230817094618740,6.43,6.42,6.427973137973138
20230817094619090,6.43,6.42,6.427973137973138
20230817094619110,6.43,6.42,6.427973137973138
20230817094619180,6.43,6.42,6.427973137973138
20230817094621070,6.43,6.42,6.427973412913728
20230817094621270,6.43,6.42,6.427973412913728
20230817094621330,6.43,6.42,6.427975198211018
20230817094621390,6.43,6.42,6.427975198211018
20230817094621590,6.43,6.42,6.427975198211018
20230817094621680,6.43,6.42,6.427975198211018
20230817094622160,6.43,6.42,6.427975472592994
20230817094622230,6.43,6.42,6.427976706392199
20230817094622240,6.43,6.42,6.427976706392199
20230817094622250,6.43,6.43,6.427981353871099
20230817094622260,6.43,6.43,6.427981353871099
20230817094624100,6.43,6.43,6.427981353871099
20230817094624130,6.43,6.43,6.42798950343157
20230817094624750,6.43,6.43,6.42798950343157
20230817094624900,6.43,6.43,6.427972873161888
20230817094626910,6.43,6.43,6.427972873161888
20230817094627080,6.43,6.43,6.427972873161888
20230817094627100,6.43,6.43,6.427972873161888
20230817094629240,6.43,6.43,6.427972873161888
20230817094629710,6.43,6.43,6.427972873161888
20230817094630250,6.43,6.43,6.427972873161888
20230817094632240,6.43,6.43,6.427972873161888
20230817094632620,6.43,6.43,6.427972873161888
20230817094632970,6.43,6.43,6.427972873161888
20230817094634920,6.43,6.43,6.427972873161888
20230817094634990,6.43,6.43,6.427972873161888
20230817094635000,6.43,6.43,6.427998795664392
20230817094637250,6.43,6.43,6.427998795664392
20230817094638270,6.43,6.43,6.427998795664392
20230817094640240,6.43,6.43,6.427998795664392
20230817094640330,6.43,6.43,6.427998795664392
20230817094640350,6.43,6.43,6.427998795664392
20230817094640910,6.43,6.43,6.427998795664392
20230817094641160,6.43,6.43,6.427998795664392
20230817094642890,6.43,6.43,6.427998795664392
20230817094643020,6.43,6.43,6.427998795664392
20230817094643130,6.43,6.43,6.427998795664392
20230817094643160,6.43,6.43,6.427998795664392
20230817094645480,6.43,6.43,6.427998795664392
20230817094645950,6.43,6.43,6.427998795664392
20230817094648090,6.43,6.43,6.428051558752998
20230817094648170,6.43,6.43,6.428051558752998
20230817094648180,6.43,6.43,6.428051558752998
20230817094648520,6.43,6.43,6.428051558752998
20230817094650840,6.43,6.43,6.428051558752998
20230817094651430,6.43,6.43,6.428051558752998
20230817094651480,6.43,6.43,6.428051558752998
20230817094653960,6.43,6.43,6.428051558752998
20230817094656320,6.43,6.43,6.428051558752998
20230817094656770,6.43,6.43,6.428051558752998
20230817094656780,6.43,6.43,6.428051558752998
20230817094657050,6.43,6.43,6.428063614586106
20230817094657100,6.43,6.43,6.428063614586106
20230817094659580,6.43,6.43,6.428063614586106
20230817094659840,6.43,6.43,6.428063614586106
20230817094700090,6.43,6.43,6.428063614586106
20230817094700110,6.43,6.43,6.428063614586106
20230817094701820,6.43,6.43,6.428063614586106
20230817094701880,6.43,6.43,6.428063614586106
20230817094702560,6.43,6.43,6.428063614586106
20230817094702650,6.43,6.43,6.42807960661838
20230817094704280,6.43,6.43,6.42807960661838
20230817094704440,6.43,6.43,6.42807960661838
20230817094704820,6.43,6.43,6.42807960661838
20230817094704940,6.43,6.43,6.42807960661838
20230817094705090,6.43,6.43,6.42807960661838
20230817094705150,6.43,6.43,6.42807960661838
20230817094705190,6.43,6.43,6.42807960661838
20230817094707210,6.43,6.43,6.42807960661838
20230817094707540,6.43,6.43,6.42807960661838
20230817094708010,6.43,6.43,6.42807960661838
20230817094710200,6.43,6.43,6.428149858188774
20230817094710240,6.43,6.43,6.428149858188774
20230817094710330,6.43,6.43,6.428149858188774
20230817094710620,6.43,6.43,6.428151443258205
20230817094713110,6.43,6.43,6.428151443258205
20230817094713390,6.43,6.43,6.428151443258205
20230817094713470,6.43,6.43,6.428151443258205
20230817094715310,6.43,6.43,6.428167039620903
20230817094715900,6.43,6.43,6.428167039620903
20230817094718980,6.43,6.43,6.428167039620903
20230817094720530,6.43,6.43,6.428167280863385
20230817094721350,6.43,6.43,6.428167401460815
20230817094723190,6.43,6.43,6.428167401460815
20230817094724110,6.43,6.43,6.428167401460815
20230817094724180,6.43,6.43,6.428167401460815
20230817094724210,6.43,6.43,6.428167401460815
20230817094724270,6.43,6.43,6.428167401460815
20230817094726030,6.43,6.43,6.428170050594652
20230817094726050,6.43,6.43,6.42817041124688
20230817094726070,6.43,6.43,6.42817041124688
20230817094726120,6.43,6.43,6.42817041124688
20230817094726130,6.43,6.43,6.42817041124688
20230817094726710,6.43,6.43,6.42817041124688
20230817094726790,6.43,6.43,6.42817041124688
20230817094726800,6.43,6.43,6.42817041124688
20230817094726810,6.43,6.43,6.42817041124688
20230817094726820,6.43,6.43,6.42817041124688
20230817094727020,6.43,6.43,6.428180452110284
20230817094727050,6.43,6.43,6.428180452110284
20230817094727080,6.43,6.43,6.428180570980597
20230817094728830,6.43,6.43,6.428180570980597
20230817094729450,6.43,6.43,6.428180570980597
20230817094731300,6.43,6.43,6.428184603350498
20230817094734100,6.43,6.43,6.428184603350498
20230817094734150,6.43,6.43,6.428184603350498
20230817094734220,6.43,6.43,6.428188735691988
20230817094734360,6.43,6.43,6.428188735691988
20230817094734500,6.43,6.43,6.428188853482474
20230817094735190,6.43,6.43,6.428188971257641
20230817094737100,6.43,6.43,6.42818955990379
20230817094737140,6.43,6.43,6.42818955990379
20230817094737170,6.43,6.43,6.428190853579316
20230817094737180,6.43,6.43,6.428192849263513
20230817094737550,6.43,6.43,6.428192849263513
20230817094740080,6.43,6.43,6.428193200986117
20230817094740100,6.43,6.43,6.428193669736672
20230817094740200,6.43,6.43,6.428193786886309
20230817094740210,6.43,6.43,6.428193904020752
20230817094742100,6.43,6.43,6.428193904020752
20230817094742220,6.43,6.43,6.428194021140004
20230817094742240,6.43,6.43,6.428197294323257
20230817094742260,6.43,6.43,6.428197294323257
20230817094742550,6.43,6.43,6.428197411003236
20230817094742670,6.43,6.43,6.428197411003236
20230817094743220,6.43,6.43,6.428199625056565
20230817094743310,6.43,6.43,6.4282034576183715
20230817094745330,6.43,6.43,6.4282034576183715
20230817094745410,6.43,6.43,6.4282491647391415
20230817094748040,6.43,6.43,6.4282491647391415
20230817094748270,6.43,6.43,6.4282491647391415
20230817094748670,6.43,6.43,6.4282491647391415
20230817094750700,6.43,6.43,6.4282491647391415
20230817094752970,6.43,6.43,6.4282491647391415
20230817094753210,6.43,6.43,6.4282491647391415
20230817094753650,6.43,6.43,6.4282491647391415
20230817094753670,6.43,6.43,6.4282491647391415
20230817094754070,6.43,6.43,6.4282491647391415
20230817094756220,6.43,6.43,6.4282491647391415
20230817094756260,6.43,6.43,6.4282491647391415
20230817094756340,6.43,6.43,6.4282491647391415
20230817094756540,6.43,6.43,6.4282491647391415
20230817094758910,6.43,6.43,6.4282491647391415
20230817094758920,6.43,6.43,6.4282491647391415
20230817094758930,6.43,6.43,6.4282491647391415
20230817094758940,6.43,6.43,6.4282491647391415
20230817094758950,6.43,6.43,6.4282491647391415
20230817094759090,6.43,6.43,6.4282491647391415
20230817094759120,6.43,6.43,6.4282491647391415
20230817094759230,6.43,6.43,6.4282491647391415
20230817094801210,6.43,6.43,6.4282491647391415
20230817094801220,6.43,6.43,6.4282491647391415
20230817094801230,6.43,6.43,6.4282491647391415
20230817094801240,6.43,6.43,6.4282491647391415
20230817094801250,6.43,6.43,6.4282491647391415
20230817094801280,6.43,6.43,6.4282491647391415
20230817094801400,6.43,6.43,6.4282491647391415
20230817094801980,6.43,6.43,6.4282491647391415
20230817094801990,6.43,6.43,6.4282491647391415
20230817094804010,6.43,6.43,6.4282491647391415
20230817094804120,6.43,6.43,6.428216975111678
20230817094804280,6.43,6.43,6.428216975111678
20230817094804290,6.43,6.43,6.428216975111678
20230817094804310,6.43,6.43,6.428216975111678
20230817094804470,6.43,6.43,6.428216975111678
20230817094804760,6.43,6.43,6.428219247928617
20230817094809100,6.43,6.43,6.428219247928617
20230817094809110,6.43,6.43,6.428219247928617
20230817094809150,6.43,6.43,6.428219247928617
20230817094809400,6.43,6.43,6.428219247928617
20230817094809800,6.43,6.43,6.428219247928617
20230817094809980,6.43,6.43,6.428219247928617
20230817094810150,6.43,6.43,6.428219247928617
20230817094810160,6.43,6.43,6.428219247928617
20230817094810180,6.43,6.43,6.428219247928617
20230817094810200,6.43,6.43,6.428219247928617
20230817094811830,6.43,6.43,6.428219247928617
20230817094812290,6.43,6.43,6.4282250174703
20230817094812310,6.43,6.43,6.4282250174703
20230817094812400,6.43,6.43,6.4282250174703
20230817094812910,6.43,6.43,6.4282250174703
20230817094814830,6.43,6.43,6.4282250174703
20230817094815370,6.43,6.43,6.4282250174703
20230817094817920,6.43,6.43,6.4282250174703
20230817094819840,6.43,6.43,6.4282250174703
20230817094820060,6.43,6.43,6.428219273743017
20230817094820590,6.43,6.43,6.428180841652976
20230817094821050,6.43,6.43,6.428180841652976
20230817094821070,6.43,6.43,6.428180841652976
20230817094823570,6.43,6.43,6.428180841652976
20230817094823720,6.43,6.43,6.428180841652976
20230817094825360,6.43,6.43,6.428180841652976
20230817094828300,6.43,6.43,6.428180841652976
20230817094828440,6.43,6.43,6.428180841652976
20230817094828470,6.43,6.43,6.428180841652976
20230817094828650,6.43,6.43,6.428180841652976
20230817094830720,6.43,6.43,6.428180841652976
20230817094830900,6.43,6.43,6.428180841652976
20230817094831100,6.43,6.43,6.428180841652976
20230817094831570,6.43,6.43,6.428180841652976
20230817094831600,6.43,6.43,6.428180841652976
20230817094831780,6.43,6.43,6.428180841652976
20230817094833410,6.43,6.43,6.428180841652976
20230817094834070,6.43,6.42,6.4281283321834035
20230817094834080,6.43,6.42,6.428126293346711
20230817094834090,6.43,6.42,6.428125274311869
20230817094834150,6.43,6.42,6.428125274311869
20230817094834170,6.43,6.42,6.428125274311869
20230817094834220,6.43,6.42,6.428125274311869
20230817094834240,6.43,6.42,6.428125274311869
20230817094834260,6.43,6.42,6.428125274311869
20230817094834310,6.43,6.42,6.428125274311869
20230817094834460,6.43,6.42,6.428125274311869
20230817094834530,6.43,6.42,6.428115924041206
20230817094836070,6.43,6.42,6.428118259576051
20230817094836490,6.43,6.42,6.428119192169496
20230817094836690,6.43,6.42,6.428119541653762
20230817094836880,6.43,6.42,6.428120589327721
20230817094837090,6.43,6.43,6.428121170864534
20230817094837100,6.43,6.43,6.428121287128713
20230817094837140,6.43,6.43,6.428121984411728
20230817094837150,6.43,6.43,6.428123145400593
20230817094837170,6.43,6.43,6.428123261420535
20230817094837180,6.43,6.43,6.428123261420535
20230817094837190,6.43,6.42,6.428123377426134
20230817094837200,6.43,6.42,6.428123377426134
20230817094837230,6.43,6.42,6.428123377426134
20230817094839010,6.43,6.42,6.428123377426134
20230817094839930,6.43,6.42,6.428123377426134
20230817094842070,6.43,6.43,6.428123377426134
20230817094842080,6.43,6.43,6.428129044185616
20230817094842090,6.43,6.43,6.428129274755068
20230817094842100,6.43,6.43,6.428129274755068
20230817094842150,6.43,6.42,6.428131922224957
20230817094842170,6.43,6.42,6.428131922224957
20230817094842450,6.43,6.42,6.428133988936693
20230817094842470,6.43,6.42,6.428133988936693
20230817094842510,6.43,6.43,6.428134447585105
20230817094842540,6.43,6.43,6.428134447585105
20230817094844580,6.43,6.43,6.428134447585105
20230817094847310,6.43,6.43,6.428134447585105
20230817094849750,6.43,6.43,6.428134447585105
20230817094850150,6.43,6.43,6.428134447585105
20230817094850570,6.43,6.43,6.428134447585105
20230817094852580,6.43,6.43,6.428134447585105
20230817094853100,6.43,6.43,6.428134447585105
20230817094853200,6.43,6.43,6.428134447585105
20230817094853410,6.43,6.43,6.428134447585105
20230817094855070,6.43,6.43,6.428134447585105
20230817094855240,6.43,6.43,6.428134447585105
20230817094855920,6.43,6.43,6.428134447585105
20230817094856140,6.43,6.43,6.428134447585105
20230817094858440,6.43,6.43,6.428134447585105
20230817094858500,6.43,6.43,6.428134447585105
20230817094858700,6.43,6.43,6.428134447585105
20230817094858780,6.43,6.43,6.428134447585105
20230817094900700,6.43,6.43,6.428134447585105
20230817094900820,6.43,6.43,6.428134447585105
20230817094901050,6.43,6.43,6.428134447585105
20230817094901240,6.43,6.43,6.428134447585105
20230817094901500,6.43,6.43,6.428134447585105
20230817094903070,6.43,6.43,6.428134447585105
20230817094903190,6.43,6.43,6.428134447585105
20230817094905920,6.43,6.43,6.428134447585105
20230817094905980,6.43,6.43,6.428134447585105
20230817094911780,6.43,6.43,6.428134447585105
20230817094914790,6.43,6.43,6.428134447585105
20230817094919670,6.43,6.43,6.428134447585105
20230817094919820,6.43,6.43,6.428134447585105
20230817094919890,6.43,6.43,6.428134447585105
20230817094920220,6.43,6.43,6.428134447585105
20230817094922190,6.43,6.43,6.428134447585105
20230817094922400,6.43,6.43,6.428134447585105
20230817094924720,6.43,6.43,6.428134447585105
20230817094924810,6.43,6.43,6.428134447585105
20230817094925090,6.43,6.43,6.428134447585105
20230817094925120,6.43,6.43,6.428134447585105
20230817094925260,6.43,6.43,6.428134447585105
20230817094925280,6.43,6.43,6.428134447585105
20230817094927640,6.43,6.43,6.428134447585105
20230817094927650,6.43,6.43,6.428134447585105
20230817094927920,6.43,6.43,6.428134447585105
20230817094928350,6.43,6.43,6.428134447585105
20230817094928370,6.43,6.43,6.428134447585105
20230817094930690,6.43,6.43,6.428134447585105
20230817094932970,6.43,6.43,6.428134447585105
20230817094933240,6.43,6.43,6.428134447585105
20230817094933370,6.43,6.43,6.428134447585105
20230817094933410,6.43,6.43,6.428134447585105
20230817094933430,6.43,6.43,6.428134447585105
20230817094933520,6.43,6.43,6.428134447585105
20230817094933900,6.43,6.43,6.428134447585105
20230817094933960,6.43,6.43,6.428134447585105
20230817094938330,6.43,6.43,6.428134447585105
20230817094938920,6.43,6.43,6.428134447585105
20230817094939190,6.43,6.43,6.428134447585105
20230817094941440,6.43,6.43,6.428134447585105
20230817094943600,6.43,6.43,6.428134447585105
20230817094944100,6.43,6.43,6.428134447585105
20230817094946410,6.44,6.43,6.428186921469095
20230817094946420,6.44,6.43,6.428186921469095
20230817094946880,6.44,6.43,6.428186921469095
20230817094946910,6.44,6.43,6.428186921469095
20230817094947010,6.44,6.43,6.428186921469095
20230817094947120,6.44,6.43,6.428186921469095
20230817094947170,6.44,6.43,6.428186921469095
20230817094947190,6.44,6.43,6.428186921469095
20230817094947420,6.44,6.43,6.428186921469095
20230817094949080,6.44,6.43,6.428186921469095
20230817094949430,6.44,6.43,6.428186921469095
20230817094949820,6.44,6.43,6.428186921469095
20230817094952190,6.44,6.43,6.428186921469095
20230817094952230,6.44,6.43,6.428186921469095
20230817094952240,6.44,6.43,6.428186921469095
20230817094952290,6.44,6.43,6.428186921469095
20230817094955120,6.44,6.43,6.428186921469095
20230817094955150,6.44,6.43,6.428186921469095
20230817094955430,6.44,6.43,6.428186921469095
20230817094955450,6.44,6.43,6.428186921469095
20230817094955500,6.44,6.43,6.428186921469095
20230817094957100,6.44,6.43,6.428190544327193
20230817094957680,6.44,6.43,6.428190544327193
20230817095000150,6.44,6.43,6.428190544327193
20230817095000780,6.44,6.43,6.428190544327193
20230817095002450,6.44,6.43,6.428190544327193
20230817095002510,6.44,6.43,6.428190544327193
20230817095003000,6.44,6.43,6.428190544327193
20230817095003380,6.44,6.43,6.428190544327193
20230817095003440,6.44,6.43,6.428190544327193
20230817095005740,6.44,6.43,6.428190544327193
20230817095007850,6.44,6.43,6.428190544327193
20230817095008310,6.44,6.43,6.428190544327193
20230817095008550,6.44,6.43,6.428190544327193
20230817095008930,6.44,6.43,6.428190544327193
20230817095011430,6.44,6.43,6.428190544327193
20230817095011470,6.44,6.43,6.428190544327193
20230817095011790,6.44,6.43,6.428190544327193
20230817095013280,6.44,6.43,6.428190544327193
20230817095013490,6.44,6.43,6.428190544327193
20230817095013740,6.44,6.43,6.428190544327193
20230817095014010,6.44,6.43,6.428190544327193
20230817095014020,6.44,6.43,6.428195685853891
20230817095016040,6.44,6.43,6.428195685853891
20230817095016050,6.44,6.43,6.428195685853891
20230817095016070,6.44,6.43,6.428207462953044
20230817095016140,6.44,6.43,6.428207462953044
20230817095016150,6.44,6.43,6.428207462953044
20230817095016190,6.44,6.43,6.428207462953044
20230817095018760,6.44,6.43,6.428207462953044
20230817095018960,6.44,6.43,6.428207462953044
20230817095019160,6.44,6.43,6.428207462953044
20230817095019340,6.44,6.43,6.428207462953044
20230817095019390,6.44,6.43,6.428207462953044
20230817095019770,6.44,6.43,6.428207462953044
20230817095022200,6.44,6.43,6.428211527035057
20230817095024770,6.44,6.43,6.428211527035057
20230817095025070,6.44,6.43,6.428211739543726
