Timestamp,ask1,bid1,VWAP
20230615093000020,5.93,6.95,6.59
20230615093000030,5.93,6.95,6.59
20230615093000040,6.19,6.95,6.59
20230615093000050,6.19,6.95,6.59
20230615093000060,6.19,6.95,6.59
20230615093000070,6.19,6.95,6.59
20230615093000080,6.19,6.95,6.59
20230615093000090,6.19,6.95,6.59
20230615093000100,6.19,6.95,6.59
20230615093000110,6.59,6.95,6.59
20230615093000310,6.59,6.95,6.59
20230615093000320,6.59,6.95,6.59
20230615093000330,6.59,6.95,6.59
20230615093000340,6.59,6.95,6.59
20230615093000350,6.59,6.95,6.59
20230615093000360,6.59,6.95,6.59
20230615093000370,6.59,6.95,6.59
20230615093000380,6.59,6.95,6.59
20230615093000390,6.59,6.95,6.59
20230615093000400,6.59,6.95,6.59
20230615093000410,6.59,6.95,6.59
20230615093000420,6.59,6.95,6.59
20230615093000430,6.59,6.95,6.59
20230615093000440,6.59,6.95,6.59
20230615093000460,6.59,6.95,6.59
20230615093000470,6.59,6.95,6.59
20230615093000480,6.59,6.95,6.59
20230615093000490,6.59,6.95,6.59
20230615093000500,6.59,6.95,6.59
20230615093000520,6.59,6.95,6.59
20230615093000540,6.59,6.95,6.59
20230615093000550,6.59,6.95,6.59
20230615093000560,6.59,6.95,6.59
20230615093000570,6.59,6.95,6.59
20230615093000580,6.59,6.95,6.59
20230615093000950,6.59,6.95,6.59
20230615093000960,6.59,6.95,6.59
20230615093000970,6.59,6.95,6.59
20230615093000980,6.59,6.95,6.591142857142857
20230615093000990,6.59,6.95,6.591142857142857
20230615093001000,6.59,6.95,6.591142857142857
20230615093001020,6.59,6.95,6.591142857142857
20230615093001030,6.59,6.95,6.591134751773049
20230615093001050,6.59,6.95,6.591134751773049
20230615093001060,6.59,6.95,6.591134751773049
20230615093001070,6.59,6.95,6.591134751773049
20230615093001080,6.59,6.95,6.591134751773049
20230615093001090,6.59,6.95,6.59113074204947
20230615093001100,6.59,6.95,6.591025641025641
20230615093001110,6.59,6.95,6.590978593272172
20230615093001120,6.59,6.95,6.590978593272172
20230615093001130,6.59,6.95,6.591006097560975
20230615093001140,6.59,6.95,6.591006097560975
20230615093001160,6.59,6.95,6.591006097560975
20230615093001200,6.59,6.95,6.591006097560975
20230615093001240,6.59,6.95,6.591006097560975
20230615093001250,6.59,6.95,6.591006097560975
20230615093001270,6.59,6.95,6.591006097560975
20230615093001290,6.59,6.95,6.591006097560975
20230615093001300,6.59,6.95,6.591006097560975
20230615093001360,6.59,6.95,6.591006097560975
20230615093001370,6.59,6.95,6.591006097560975
20230615093001390,6.59,6.95,6.591006097560975
20230615093001410,6.59,6.95,6.591006097560975
20230615093001420,6.59,6.95,6.591006097560975
20230615093001430,6.59,6.95,6.591246290801187
20230615093001440,6.59,6.95,6.591242603550296
20230615093001450,6.59,6.95,6.591242603550296
20230615093001460,6.59,6.95,6.5912
20230615093001470,6.59,6.95,6.5912
20230615093001480,6.59,6.95,6.5912
20230615093001490,6.59,6.95,6.5911602209944755
20230615093002240,6.59,6.95,6.5911602209944755
20230615093002250,6.59,6.95,6.5911602209944755
20230615093002260,6.59,6.95,6.5911602209944755
20230615093002270,6.59,6.95,6.5911602209944755
20230615093002280,6.59,6.95,6.5911602209944755
20230615093002290,6.59,6.95,6.5911602209944755
20230615093002330,6.59,6.95,6.5911602209944755
20230615093002340,6.59,6.95,6.5911602209944755
20230615093002350,6.59,6.95,6.5911602209944755
20230615093002370,6.59,6.95,6.5911602209944755
20230615093002380,6.59,6.95,6.5911602209944755
20230615093002400,6.59,6.95,6.5911602209944755
20230615093002440,6.59,6.95,6.5911602209944755
20230615093002450,6.59,6.95,6.5911602209944755
20230615093002460,6.59,6.95,6.5911602209944755
20230615093002480,6.59,6.95,6.5911602209944755
20230615093002490,6.59,6.95,6.5911602209944755
20230615093002520,6.59,6.95,6.5911602209944755
20230615093002530,6.59,6.95,6.5911602209944755
20230615093002550,6.59,6.95,6.5911602209944755
20230615093002560,6.59,6.95,6.5911602209944755
20230615093002590,6.59,6.95,6.5911602209944755
20230615093002600,6.59,6.95,6.5911602209944755
20230615093002610,6.59,6.95,6.5911602209944755
20230615093002620,6.59,6.95,6.5911602209944755
20230615093002640,6.59,6.95,6.5911602209944755
20230615093002660,6.59,6.95,6.5911602209944755
20230615093002670,6.59,6.95,6.5911602209944755
20230615093002680,6.59,6.95,6.5911602209944755
20230615093002690,6.59,6.95,6.5911602209944755
20230615093002700,6.59,6.95,6.5911602209944755
20230615093002710,6.59,6.95,6.5911602209944755
20230615093002720,6.59,6.95,6.5911602209944755
20230615093002730,6.59,6.95,6.5911602209944755
20230615093002740,6.59,6.95,6.5911602209944755
20230615093002750,6.59,6.95,6.5911602209944755
20230615093002770,6.59,6.95,6.5911602209944755
20230615093002790,6.59,6.95,6.5911602209944755
20230615093002800,6.59,6.95,6.5911602209944755
20230615093002810,6.59,6.95,6.5911602209944755
20230615093002840,6.59,6.95,6.5911602209944755
20230615093002870,6.59,6.95,6.5911602209944755
20230615093002890,6.59,6.95,6.5911602209944755
20230615093002900,6.59,6.95,6.5911602209944755
20230615093002920,6.59,6.95,6.5911602209944755
20230615093002940,6.59,6.95,6.5911602209944755
20230615093002950,6.59,6.95,6.5911602209944755
20230615093003000,6.59,6.95,6.5911602209944755
20230615093003020,6.59,6.95,6.5911602209944755
20230615093003030,6.59,6.95,6.5911602209944755
20230615093003050,6.59,6.95,6.5911602209944755
20230615093003070,6.59,6.95,6.5911602209944755
20230615093003080,6.59,6.95,6.5911602209944755
20230615093003090,6.59,6.95,6.5911602209944755
20230615093004430,6.59,6.95,6.5911602209944755
20230615093004440,6.59,6.95,6.5911602209944755
20230615093004450,6.59,6.95,6.5911602209944755
20230615093004490,6.59,6.95,6.5911602209944755
20230615093004520,6.59,6.95,6.5911602209944755
20230615093004530,6.59,6.95,6.5911602209944755
20230615093004610,6.59,6.95,6.5911602209944755
20230615093004640,6.59,6.95,6.5911602209944755
20230615093004700,6.59,6.95,6.5911602209944755
20230615093004770,6.59,6.95,6.5911602209944755
20230615093004870,6.59,6.95,6.5911602209944755
20230615093005000,6.59,6.95,6.5911602209944755
20230615093005010,6.59,6.95,6.5911602209944755
20230615093005060,6.59,6.95,6.5911602209944755
20230615093005070,6.59,6.95,6.5911602209944755
20230615093005090,6.59,6.95,6.5911602209944755
20230615093005110,6.59,6.95,6.5911602209944755
20230615093005120,6.59,6.95,6.5911602209944755
20230615093005140,6.59,6.95,6.5911602209944755
20230615093005150,6.59,6.95,6.5911602209944755
20230615093005160,6.59,6.95,6.5911602209944755
20230615093005170,6.59,6.95,6.590538116591929
20230615093005190,6.59,6.95,6.590538116591929
20230615093005200,6.59,6.95,6.590538116591929
20230615093005230,6.59,6.95,6.590538116591929
20230615093005320,6.59,6.95,6.590519480519481
20230615093005370,6.59,6.95,6.590519480519481
20230615093005390,6.59,6.95,6.590519480519481
20230615093005470,6.59,6.95,6.590518358531318
20230615093005500,6.59,6.95,6.590518358531318
20230615093005540,6.59,6.95,6.590518358531318
20230615093005620,6.59,6.95,6.590518358531318
20230615093005680,6.59,6.95,6.590518358531318
20230615093005730,6.59,6.95,6.590518358531318
20230615093005860,6.59,6.95,6.590518358531318
20230615093005940,6.59,6.95,6.590518358531318
20230615093005960,6.59,6.95,6.590518358531318
20230615093006010,6.59,6.95,6.590518358531318
20230615093006020,6.59,6.95,6.590518358531318
20230615093009330,6.59,6.95,6.590518358531318
20230615093009380,6.59,6.95,6.590454545454546
20230615093009450,6.59,6.95,6.590454545454546
20230615093009930,6.59,6.95,6.590454545454546
20230615093010260,6.59,6.95,6.590454545454546
20230615093010410,6.59,6.95,6.590454545454546
20230615093010420,6.59,6.95,6.590454545454546
20230615093010430,6.59,6.95,6.590454545454546
20230615093010500,6.59,6.95,6.590437158469945
20230615093010550,6.59,6.95,6.590437158469945
20230615093010560,6.59,6.95,6.590437158469945
20230615093010630,6.59,6.95,6.590437158469945
20230615093010680,6.59,6.95,6.590657193605684
20230615093011010,6.59,6.95,6.590657193605684
20230615093011270,6.59,6.95,6.591159663865546
20230615093011430,6.59,6.95,6.591159663865546
20230615093012000,6.59,6.95,6.591031518624642
20230615093012050,6.59,6.95,6.591031518624642
20230615093012060,6.59,6.95,6.591031518624642
20230615093012780,6.59,6.95,6.591031518624642
20230615093012900,6.59,6.95,6.59100278551532
20230615093012920,6.59,6.95,6.591001390820584
20230615093012970,6.59,6.95,6.591001390820584
20230615093013090,6.59,6.95,6.590970350404312
20230615093016260,6.59,6.95,6.590970350404312
20230615093016280,6.59,6.95,6.590970350404312
20230615093016550,6.59,6.95,6.590970350404312
20230615093016760,6.59,6.95,6.590970350404312
20230615093018960,6.59,6.95,6.590970350404312
20230615093018970,6.59,6.95,6.590970350404312
20230615093019030,6.59,6.95,6.590970350404312
20230615093019050,6.59,6.95,6.590970350404312
20230615093019070,6.59,6.95,6.590970350404312
20230615093019080,6.59,6.95,6.590970350404312
20230615093019120,6.59,6.95,6.590970350404312
20230615093019190,6.59,6.95,6.590970350404312
20230615093019260,6.59,6.95,6.590970350404312
20230615093019370,6.59,6.95,6.590970350404312
20230615093019760,6.59,6.95,6.590970350404312
20230615093019780,6.59,6.95,6.590970350404312
20230615093019920,6.59,6.95,6.590970350404312
20230615093021830,6.59,6.95,6.590970350404312
20230615093022000,6.59,6.95,6.590970350404312
20230615093022120,6.59,6.95,6.590970350404312
20230615093022590,6.59,6.95,6.591309987029831
20230615093022820,6.59,6.95,6.591309987029831
20230615093024520,6.59,6.95,6.591309987029831
20230615093024690,6.59,6.95,6.591343669250646
20230615093024710,6.59,6.95,6.591343669250646
20230615093025130,6.59,6.95,6.591343669250646
20230615093027230,6.59,6.95,6.591343669250646
20230615093027260,6.59,6.95,6.591343669250646
20230615093027280,6.59,6.95,6.591343669250646
20230615093027290,6.59,6.95,6.591543367346938
20230615093027350,6.59,6.95,6.591543367346938
20230615093027940,6.59,6.95,6.591543367346938
20230615093028060,6.59,6.95,6.591543367346938
20230615093028090,6.59,6.95,6.591643489254109
20230615093028120,6.59,6.95,6.591643489254109
20230615093029680,6.59,6.95,6.591643489254109
20230615093029980,6.59,6.95,6.591643489254109
20230615093029990,6.59,6.95,6.591643489254109
20230615093030000,6.59,6.95,6.591643489254109
20230615093030020,6.59,6.95,6.591643489254109
20230615093030040,6.59,6.95,6.591643489254109
20230615093030070,6.59,6.95,6.591643489254109
20230615093030150,6.59,6.95,6.591643489254109
20230615093030400,6.59,6.95,6.591643489254109
20230615093030450,6.59,6.95,6.591643489254109
20230615093030520,6.59,6.95,6.591643489254109
20230615093030810,6.59,6.95,6.591643489254109
20230615093030820,6.59,6.95,6.591643489254109
20230615093030830,6.59,6.95,6.591643489254109
20230615093032500,6.59,6.95,6.591643489254109
20230615093032690,6.59,6.95,6.591799007444169
20230615093032780,6.59,6.95,6.591799007444169
20230615093032880,6.59,6.95,6.591799007444169
20230615093032890,6.59,6.95,6.591799007444169
20230615093033040,6.59,6.95,6.591799007444169
20230615093033140,6.59,6.95,6.591799007444169
20230615093033260,6.59,6.95,6.591799007444169
20230615093033460,6.59,6.95,6.591799007444169
20230615093033500,6.59,6.95,6.591799007444169
20230615093035150,6.59,6.95,6.591799007444169
20230615093035270,6.59,6.95,6.591799007444169
20230615093036000,6.59,6.95,6.591799007444169
20230615093036010,6.59,6.95,6.591799007444169
20230615093036070,6.59,6.95,6.591799007444169
20230615093036130,6.59,6.95,6.591799007444169
20230615093037970,6.59,6.95,6.591799007444169
20230615093038100,6.59,6.95,6.591799007444169
20230615093038160,6.59,6.95,6.591799007444169
20230615093038220,6.59,6.95,6.591799007444169
20230615093038520,6.59,6.95,6.591799007444169
20230615093038600,6.59,6.95,6.591799007444169
20230615093038670,6.59,6.95,6.591799007444169
20230615093038730,6.59,6.95,6.594868651488617
20230615093038810,6.59,6.95,6.594868651488617
20230615093038890,6.59,6.95,6.59526405451448
20230615093038970,6.59,6.95,6.59526405451448
20230615093040790,6.59,6.95,6.595519742143432
20230615093040800,6.59,6.95,6.595519742143432
20230615093040980,6.59,6.95,6.595519742143432
20230615093041200,6.59,6.95,6.595519742143432
20230615093041280,6.59,6.95,6.595519742143432
20230615093041300,6.59,6.95,6.595519742143432
20230615093041430,6.59,6.95,6.595519742143432
20230615093041650,6.6,6.95,6.595519742143432
20230615093041730,6.6,6.95,6.595519742143432
20230615093043220,6.6,6.95,6.595519742143432
20230615093043250,6.6,6.95,6.595519742143432
20230615093043750,6.6,6.95,6.595519742143432
20230615093043960,6.6,6.95,6.595519742143432
20230615093044100,6.6,6.95,6.595519742143432
20230615093044180,6.62,6.95,6.595519742143432
20230615093044420,6.62,6.95,6.595519742143432
20230615093045870,6.62,6.95,6.595519742143432
20230615093045880,6.62,6.95,6.595519742143432
20230615093045890,6.62,6.95,6.599518496770405
20230615093045900,6.62,6.95,6.599518496770405
20230615093045930,6.62,6.95,6.600116279069767
20230615093045940,6.62,6.95,6.600116279069767
20230615093046080,6.62,6.95,6.6006727664155
20230615093046110,6.62,6.95,6.6006727664155
20230615093046120,6.62,6.95,6.6006727664155
20230615093046230,6.62,6.95,6.6006727664155
20230615093046290,6.62,6.95,6.6006727664155
20230615093046750,6.62,6.95,6.6006727664155
20230615093046820,6.62,6.95,6.6007127545551985
20230615093046830,6.62,6.95,6.6007127545551985
20230615093046950,6.62,6.95,6.6007127545551985
20230615093046990,6.62,6.95,6.6007127545551985
20230615093047100,6.62,6.95,6.6007127545551985
20230615093048580,6.62,6.95,6.6007127545551985
20230615093048600,6.62,6.95,6.6007127545551985
20230615093048690,6.62,6.95,6.6007127545551985
20230615093048700,6.62,6.95,6.6007127545551985
20230615093048750,6.62,6.95,6.600795090715048
20230615093048800,6.62,6.95,6.600795090715048
20230615093049020,6.62,6.95,6.600795090715048
20230615093049050,6.62,6.95,6.600795090715048
20230615093049080,6.62,6.95,6.600795090715048
20230615093049100,6.62,6.95,6.600856382978724
20230615093049110,6.62,6.95,6.600907161803714
20230615093049120,6.62,6.95,6.600907161803714
20230615093049160,6.62,6.95,6.600907161803714
20230615093049250,6.62,6.95,6.600907161803714
20230615093049290,6.62,6.95,6.600907161803714
20230615093049320,6.62,6.95,6.600907161803714
20230615093049360,6.62,6.95,6.600907161803714
20230615093049370,6.62,6.95,6.600907161803714
20230615093051700,6.62,6.95,6.600907161803714
20230615093052010,6.62,6.95,6.600907161803714
20230615093052080,6.62,6.95,6.600907161803714
20230615093052100,6.62,6.95,6.6009172852598095
20230615093052230,6.62,6.95,6.600957671957672
20230615093052320,6.62,6.95,6.600957671957672
20230615093052400,6.62,6.95,6.600957671957672
20230615093054150,6.62,6.95,6.601089676746611
20230615093054240,6.62,6.95,6.601089676746611
20230615093054330,6.62,6.95,6.601089676746611
20230615093054440,6.62,6.95,6.601089676746611
20230615093054450,6.62,6.95,6.601089676746611
20230615093054660,6.62,6.95,6.601089676746611
20230615093054820,6.62,6.95,6.601089676746611
20230615093054910,6.62,6.95,6.601089676746611
20230615093055030,6.62,6.95,6.601089676746611
20230615093055080,6.62,6.95,6.601089676746611
20230615093055170,6.62,6.95,6.601089676746611
20230615093056720,6.62,6.95,6.601089676746611
20230615093056780,6.62,6.95,6.601089676746611
20230615093056880,6.62,6.95,6.601089676746611
20230615093056950,6.62,6.95,6.60111284451378
20230615093057010,6.62,6.95,6.60111284451378
20230615093057050,6.62,6.95,6.60111284451378
20230615093057280,6.62,6.95,6.60111284451378
20230615093057610,6.62,6.95,6.601199794026776
20230615093057620,6.62,6.95,6.601219135802469
20230615093057770,6.62,6.95,6.601219135802469
20230615093057810,6.62,6.95,6.601219135802469
20230615093059380,6.62,6.95,6.601219135802469
20230615093059700,6.62,6.95,6.601219135802469
20230615093059710,6.62,6.95,6.602413333333334
20230615093059760,6.61,6.95,6.602413333333334
20230615093059770,6.61,6.95,6.602413333333334
20230615093059780,6.61,6.95,6.602413333333334
20230615093059800,6.61,6.95,6.602702009405729
20230615093059810,6.61,6.95,6.6026836518046705
20230615093059820,6.61,6.95,6.6026836518046705
20230615093059860,6.61,6.95,6.6026836518046705
20230615093059890,6.61,6.95,6.6026836518046705
20230615093059940,6.61,6.95,6.602734051367026
20230615093100040,6.61,6.95,6.602734051367026
20230615093100050,6.61,6.95,6.602734051367026
20230615093100210,6.61,6.95,6.602734051367026
20230615093100270,6.61,6.95,6.602734051367026
20230615093100550,6.61,6.95,6.602734051367026
20230615093100590,6.61,6.95,6.602740066225166
20230615093102220,6.61,6.95,6.602740066225166
20230615093102460,6.61,6.95,6.602796714579055
20230615093102960,6.61,6.95,6.602796714579055
20230615093102970,6.61,6.95,6.602796714579055
20230615093104810,6.61,6.95,6.602796714579055
20230615093104860,6.61,6.95,6.602796714579055
20230615093104980,6.61,6.95,6.602796714579055
20230615093104990,6.61,6.95,6.602796714579055
20230615093105100,6.61,6.95,6.602796714579055
20230615093105190,6.61,6.95,6.602796714579055
20230615093105200,6.61,6.95,6.602796714579055
20230615093105220,6.61,6.95,6.602796714579055
20230615093105230,6.61,6.95,6.602796714579055
20230615093105340,6.61,6.95,6.602796714579055
20230615093105450,6.61,6.95,6.602796714579055
20230615093105610,6.61,6.95,6.602796714579055
20230615093105930,6.61,6.95,6.602805578342904
20230615093105960,6.61,6.95,6.602805578342904
20230615093107480,6.61,6.95,6.602805578342904
20230615093107520,6.61,6.95,6.602805578342904
20230615093107600,6.61,6.95,6.602805578342904
20230615093107630,6.61,6.95,6.602805578342904
20230615093107660,6.61,6.95,6.602805578342904
20230615093108300,6.61,6.95,6.602805578342904
20230615093110180,6.61,6.95,6.602805578342904
20230615093110290,6.61,6.95,6.602805578342904
20230615093110330,6.61,6.95,6.6028803245436105
20230615093110570,6.61,6.95,6.6028803245436105
20230615093110720,6.61,6.95,6.6028803245436105
20230615093110760,6.61,6.95,6.6028803245436105
20230615093110810,6.61,6.95,6.6029940119760475
20230615093110870,6.61,6.95,6.6029940119760475
20230615093110930,6.61,6.95,6.6029940119760475
20230615093111050,6.61,6.95,6.603013535031847
20230615093111260,6.61,6.95,6.603013535031847
20230615093111280,6.61,6.95,6.603013535031847
20230615093111360,6.61,6.95,6.603013535031847
20230615093112920,6.61,6.95,6.603013535031847
20230615093112940,6.61,6.95,6.603013535031847
20230615093113070,6.61,6.95,6.603013535031847
20230615093113080,6.61,6.95,6.603013535031847
20230615093113290,6.61,6.95,6.602962962962963
20230615093113310,6.61,6.95,6.602962962962963
20230615093113370,6.61,6.95,6.602962962962963
20230615093113430,6.61,6.95,6.602962962962963
20230615093113440,6.61,6.95,6.602962962962963
20230615093113540,6.61,6.95,6.602962962962963
20230615093113730,6.61,6.95,6.602962962962963
20230615093113740,6.61,6.95,6.602962962962963
20230615093113830,6.61,6.95,6.602962962962963
20230615093113860,6.61,6.95,6.6030443159922925
20230615093113890,6.61,6.95,6.6030443159922925
20230615093114010,6.61,6.95,6.6030443159922925
20230615093114050,6.61,6.95,6.6030443159922925
20230615093114090,6.61,6.95,6.6030443159922925
20230615093116030,6.61,6.95,6.6030443159922925
20230615093116050,6.61,6.95,6.6030443159922925
20230615093116080,6.61,6.95,6.6030443159922925
20230615093116090,6.61,6.95,6.6030443159922925
20230615093116100,6.61,6.95,6.6030443159922925
20230615093116170,6.61,6.95,6.6030443159922925
20230615093116800,6.61,6.95,6.6030443159922925
20230615093118370,6.61,6.95,6.6030443159922925
20230615093118510,6.61,6.95,6.6030443159922925
20230615093118680,6.61,6.95,6.6030443159922925
20230615093118870,6.61,6.95,6.6030443159922925
20230615093118900,6.61,6.95,6.6030443159922925
20230615093119080,6.61,6.95,6.6030443159922925
20230615093119090,6.61,6.95,6.6030443159922925
20230615093119100,6.61,6.95,6.6030443159922925
20230615093119110,6.61,6.95,6.6030443159922925
20230615093119120,6.61,6.95,6.6030443159922925
20230615093119330,6.61,6.95,6.6030443159922925
20230615093119440,6.61,6.95,6.6030443159922925
20230615093121030,6.61,6.95,6.6030443159922925
20230615093121050,6.61,6.95,6.6030443159922925
20230615093121280,6.61,6.95,6.6030443159922925
20230615093121500,6.61,6.95,6.6030443159922925
20230615093121630,6.61,6.95,6.6030443159922925
20230615093121820,6.61,6.95,6.6030443159922925
20230615093122080,6.61,6.95,6.6030443159922925
20230615093122090,6.61,6.95,6.60319909672563
20230615093122120,6.61,6.95,6.60319909672563
20230615093122170,6.61,6.95,6.60319909672563
20230615093123680,6.61,6.95,6.60319909672563
20230615093123710,6.61,6.95,6.60319909672563
20230615093124050,6.62,6.95,6.6043853820598
20230615093124060,6.61,6.95,6.6043853820598
20230615093124080,6.61,6.95,6.6043853820598
20230615093124090,6.61,6.95,6.6043853820598
20230615093124440,6.61,6.95,6.6043853820598
20230615093124570,6.61,6.95,6.6043853820598
20230615093124810,6.61,6.59,6.603890675241158
20230615093124910,6.61,6.59,6.6038699360341155
20230615093126520,6.61,6.59,6.6038699360341155
20230615093126830,6.61,6.59,6.6038699360341155
20230615093127040,6.61,6.59,6.603863757317722
20230615093127240,6.61,6.59,6.603863757317722
20230615093127460,6.61,6.59,6.604100793041699
20230615093127500,6.61,6.59,6.604100793041699
20230615093127590,6.61,6.59,6.604100793041699
20230615093129060,6.61,6.59,6.604100793041699
20230615093129430,6.61,6.59,6.604061312389156
20230615093129470,6.61,6.59,6.604061312389156
20230615093129660,6.61,6.59,6.604030676389238
20230615093129700,6.61,6.59,6.604030676389238
20230615093130020,6.61,6.6,6.604030676389238
20230615093130030,6.61,6.6,6.604030676389238
20230615093130060,6.61,6.6,6.604030676389238
20230615093130160,6.61,6.6,6.604030676389238
20230615093131790,6.61,6.6,6.604030676389238
20230615093131880,6.61,6.6,6.604030676389238
20230615093131890,6.61,6.6,6.604030676389238
20230615093131900,6.61,6.6,6.604030676389238
20230615093131910,6.61,6.6,6.604030676389238
20230615093131920,6.61,6.6,6.604030676389238
20230615093131930,6.61,6.6,6.604030676389238
20230615093132160,6.61,6.6,6.604030676389238
20230615093132170,6.61,6.6,6.604030676389238
20230615093132200,6.6,6.6,6.604030676389238
20230615093132210,6.6,6.6,6.604030676389238
20230615093132310,6.6,6.6,6.604030676389238
20230615093132320,6.6,6.6,6.604030676389238
20230615093132340,6.6,6.6,6.603891865562591
20230615093132500,6.6,6.6,6.603891865562591
20230615093132720,6.6,6.6,6.603891865562591
20230615093132870,6.6,6.6,6.603891865562591
20230615093132950,6.6,6.6,6.603888077858881
20230615093134490,6.6,6.6,6.603888077858881
20230615093134980,6.6,6.6,6.603878640776699
20230615093134990,6.6,6.6,6.603878640776699
20230615093135060,6.6,6.6,6.603878640776699
20230615093135070,6.6,6.6,6.603868312757202
20230615093135160,6.6,6.6,6.603868312757202
20230615093135220,6.6,6.6,6.603868312757202
20230615093135370,6.6,6.6,6.603868312757202
20230615093135480,6.61,6.6,6.603817486860965
20230615093135630,6.61,6.6,6.603817486860965
20230615093137290,6.61,6.6,6.603817486860965
20230615093137360,6.61,6.6,6.603817486860965
20230615093137420,6.61,6.6,6.603817486860965
20230615093137840,6.61,6.6,6.603817486860965
20230615093137860,6.61,6.6,6.603817486860965
20230615093137980,6.61,6.6,6.603817486860965
20230615093138150,6.61,6.6,6.603817486860965
20230615093140180,6.61,6.6,6.603817486860965
20230615093140310,6.61,6.6,6.603814064362336
20230615093140330,6.61,6.6,6.603803185167578
20230615093140340,6.61,6.6,6.603803185167578
20230615093140360,6.61,6.6,6.603803185167578
20230615093140450,6.61,6.6,6.603803185167578
20230615093140900,6.61,6.6,6.603803185167578
20230615093142700,6.61,6.6,6.603803185167578
20230615093142780,6.61,6.6,6.603803185167578
20230615093142910,6.61,6.6,6.603803185167578
20230615093142950,6.61,6.6,6.603822274881517
20230615093143020,6.61,6.6,6.603822274881517
20230615093143030,6.61,6.6,6.603822274881517
20230615093143240,6.61,6.6,6.603822274881517
20230615093143280,6.61,6.6,6.6036493212669685
20230615093143320,6.61,6.6,6.6036493212669685
20230615093143410,6.61,6.6,6.6036493212669685
20230615093143720,6.61,6.6,6.6036493212669685
20230615093145330,6.61,6.6,6.6036493212669685
20230615093145430,6.61,6.6,6.6036493212669685
20230615093145760,6.61,6.6,6.6036493212669685
20230615093146030,6.61,6.6,6.6036493212669685
20230615093146050,6.61,6.6,6.6036493212669685
20230615093146100,6.61,6.6,6.6036493212669685
20230615093146150,6.61,6.6,6.6036493212669685
20230615093146320,6.61,6.6,6.6036493212669685
20230615093146520,6.61,6.6,6.603652193577567
20230615093148030,6.61,6.6,6.603652193577567
20230615093148130,6.61,6.6,6.603652193577567
20230615093148210,6.61,6.6,6.603652193577567
20230615093148230,6.61,6.6,6.603652193577567
20230615093148240,6.61,6.6,6.603652193577567
20230615093148290,6.61,6.6,6.603605169340463
20230615093148310,6.61,6.6,6.603605169340463
20230615093148330,6.6,6.6,6.603602761077711
20230615093148400,6.6,6.6,6.603598754448399
20230615093148430,6.6,6.6,6.603590767865069
20230615093148440,6.6,6.6,6.603583610188261
20230615093148450,6.6,6.6,6.603583610188261
20230615093148560,6.6,6.6,6.603583610188261
20230615093148880,6.6,6.6,6.603583610188261
20230615093148920,6.6,6.6,6.603583610188261
20230615093149090,6.6,6.6,6.603581230633023
20230615093151490,6.6,6.6,6.603581230633023
20230615093151550,6.6,6.6,6.603581230633023
20230615093151660,6.6,6.6,6.603581230633023
20230615093151710,6.6,6.6,6.603581230633023
20230615093151810,6.6,6.6,6.603581230633023
20230615093153620,6.6,6.6,6.603581230633023
20230615093154320,6.6,6.6,6.603581230633023
20230615093154400,6.6,6.6,6.6035657721073475
20230615093154500,6.6,6.6,6.6035657721073475
20230615093156080,6.6,6.6,6.6035657721073475
20230615093156230,6.6,6.6,6.6035657721073475
20230615093156300,6.6,6.6,6.6035657721073475
20230615093156710,6.6,6.6,6.6035657721073475
20230615093156950,6.6,6.6,6.6035657721073475
20230615093156970,6.6,6.6,6.6035657721073475
20230615093158810,6.6,6.6,6.6035657721073475
20230615093158970,6.6,6.6,6.6035657721073475
20230615093159140,6.6,6.6,6.6035657721073475
20230615093159390,6.6,6.6,6.6035657721073475
20230615093159430,6.6,6.6,6.6035657721073475
20230615093159490,6.6,6.6,6.6035657721073475
20230615093159520,6.6,6.6,6.6035657721073475
20230615093159720,6.6,6.6,6.6035657721073475
20230615093159900,6.6,6.6,6.6035657721073475
20230615093200020,6.6,6.6,6.6035657721073475
20230615093201710,6.6,6.6,6.6035657721073475
20230615093201800,6.6,6.6,6.6035657721073475
20230615093201870,6.6,6.6,6.6035657721073475
20230615093202060,6.6,6.6,6.6035657721073475
20230615093202620,6.6,6.6,6.6035657721073475
20230615093204180,6.6,6.6,6.6035657721073475
20230615093204210,6.6,6.6,6.6035657721073475
20230615093204240,6.6,6.59,6.6035657721073475
20230615093204250,6.6,6.59,6.603369361879027
20230615093204340,6.6,6.59,6.603179685906587
20230615093204400,6.6,6.59,6.603176998368679
20230615093204460,6.6,6.59,6.603176998368679
20230615093204480,6.6,6.59,6.603176998368679
20230615093204570,6.6,6.59,6.603176998368679
20230615093204930,6.6,6.59,6.603176998368679
20230615093205300,6.6,6.59,6.603176998368679
20230615093206860,6.6,6.59,6.603176998368679
20230615093206940,6.6,6.59,6.603176998368679
20230615093206980,6.6,6.59,6.603176998368679
20230615093207100,6.6,6.59,6.603176998368679
20230615093207110,6.6,6.59,6.603176998368679
20230615093207150,6.6,6.59,6.603176350662589
20230615093207170,6.6,6.59,6.603176350662589
20230615093207270,6.6,6.59,6.603176350662589
20230615093207330,6.6,6.59,6.603176350662589
20230615093207430,6.6,6.59,6.603176350662589
20230615093207490,6.6,6.59,6.6031128871128875
20230615093207630,6.6,6.59,6.6031128871128875
20230615093207710,6.6,6.59,6.6031128871128875
20230615093207780,6.6,6.59,6.6031128871128875
20230615093207920,6.6,6.59,6.6031128871128875
20230615093207940,6.6,6.59,6.6031128871128875
20230615093209680,6.6,6.59,6.6031128871128875
20230615093209750,6.6,6.59,6.6031128871128875
20230615093210110,6.6,6.59,6.603112265281662
20230615093210150,6.6,6.59,6.603112265281662
20230615093210210,6.6,6.59,6.603112265281662
20230615093212620,6.6,6.59,6.603112265281662
20230615093212900,6.6,6.59,6.603112265281662
20230615093213090,6.6,6.59,6.603101796407185
20230615093213120,6.6,6.59,6.603101177409699
20230615093213130,6.6,6.59,6.603101177409699
20230615093213140,6.6,6.59,6.603101177409699
20230615093213150,6.6,6.59,6.603101177409699
20230615093213160,6.6,6.59,6.603101177409699
20230615093213170,6.6,6.59,6.603101177409699
20230615093213450,6.6,6.59,6.603101177409699
20230615093215030,6.6,6.59,6.603101177409699
20230615093215180,6.6,6.59,6.603098703888335
20230615093215340,6.6,6.59,6.603098703888335
20230615093215530,6.6,6.59,6.603098703888335
20230615093215630,6.6,6.59,6.603098703888335
20230615093215990,6.6,6.59,6.603098703888335
20230615093216090,6.6,6.59,6.603096234309623
20230615093216100,6.6,6.59,6.603094384707288
20230615093216120,6.6,6.59,6.603094384707288
20230615093217880,6.6,6.59,6.603094384707288
20230615093218660,6.6,6.59,6.603094384707288
20230615093218670,6.6,6.59,6.603094384707288
20230615093218910,6.6,6.59,6.603094384707288
20230615093220410,6.6,6.59,6.603094384707288
20230615093220870,6.6,6.59,6.603090077550209
20230615093221000,6.6,6.59,6.603083945227228
20230615093221030,6.6,6.59,6.603083945227228
20230615093221080,6.6,6.59,6.603044074436827
20230615093221380,6.6,6.59,6.603044074436827
20230615093221390,6.6,6.59,6.603044074436827
20230615093221420,6.6,6.59,6.603044074436827
20230615093221440,6.6,6.59,6.603044074436827
20230615093221460,6.6,6.59,6.603044074436827
20230615093223280,6.6,6.59,6.603044074436827
20230615093223480,6.6,6.59,6.603017475728155
20230615093223790,6.6,6.59,6.603012024825446
20230615093223800,6.6,6.59,6.603012024825446
20230615093223960,6.6,6.59,6.603012024825446
20230615093224100,6.6,6.59,6.603012024825446
20230615093225970,6.6,6.59,6.603012024825446
20230615093226070,6.6,6.59,6.603012024825446
20230615093226280,6.6,6.59,6.603012024825446
20230615093226430,6.6,6.59,6.603012024825446
20230615093226450,6.6,6.59,6.603012024825446
20230615093226670,6.6,6.59,6.603012024825446
20230615093228610,6.6,6.59,6.603012024825446
20230615093229590,6.6,6.59,6.603012024825446
20230615093229720,6.6,6.59,6.603012024825446
20230615093231210,6.6,6.59,6.603012024825446
20230615093231700,6.6,6.59,6.603012024825446
20230615093231720,6.6,6.59,6.603012024825446
20230615093231910,6.6,6.59,6.603012024825446
20230615093232260,6.6,6.59,6.603012024825446
20230615093233910,6.6,6.59,6.603012024825446
20230615093234100,6.6,6.59,6.603012024825446
20230615093234120,6.6,6.59,6.603012024825446
20230615093234160,6.6,6.59,6.603012024825446
20230615093234180,6.6,6.59,6.603012024825446
20230615093236680,6.6,6.59,6.603001937984496
20230615093236820,6.6,6.59,6.603001937984496
20230615093236860,6.6,6.59,6.602989351403679
20230615093237070,6.6,6.59,6.602989351403679
20230615093237080,6.6,6.59,6.602989351403679
20230615093237090,6.6,6.59,6.602989351403679
20230615093237100,6.6,6.59,6.602989351403679
20230615093237130,6.6,6.59,6.602989351403679
20230615093237570,6.6,6.59,6.602989351403679
20230615093237810,6.6,6.59,6.602989351403679
20230615093239300,6.6,6.59,6.602989351403679
20230615093239370,6.6,6.59,6.602989351403679
20230615093240070,6.6,6.59,6.602989351403679
20230615093240080,6.6,6.59,6.602989351403679
20230615093240250,6.6,6.59,6.602989351403679
20230615093240320,6.6,6.59,6.602989351403679
20230615093240350,6.6,6.59,6.602989351403679
20230615093242020,6.6,6.59,6.602989351403679
20230615093242390,6.6,6.59,6.602989351403679
20230615093242830,6.6,6.59,6.602989351403679
20230615093243000,6.6,6.59,6.602989351403679
20230615093243080,6.6,6.59,6.602989351403679
20230615093243090,6.6,6.59,6.602989351403679
20230615093243210,6.6,6.59,6.602989351403679
20230615093244700,6.6,6.59,6.602752745172284
20230615093244710,6.6,6.59,6.602539091586001
20230615093244790,6.6,6.59,6.602539091586001
20230615093244940,6.6,6.59,6.602539091586001
20230615093245050,6.6,6.59,6.602539091586001
20230615093245060,6.6,6.59,6.602539091586001
20230615093245200,6.6,6.59,6.602539091586001
20230615093245690,6.6,6.59,6.602539091586001
20230615093245700,6.6,6.59,6.602539091586001
20230615093245800,6.6,6.59,6.602539091586001
20230615093247370,6.6,6.59,6.602539091586001
20230615093247490,6.6,6.59,6.602539091586001
20230615093247750,6.6,6.59,6.602539091586001
20230615093248300,6.6,6.59,6.602539091586001
20230615093248600,6.6,6.59,6.602539091586001
20230615093250300,6.6,6.59,6.60220953416712
20230615093250690,6.6,6.59,6.602172027466571
20230615093250800,6.6,6.59,6.601966601527803
20230615093250820,6.6,6.59,6.601939028713223
20230615093251070,6.6,6.59,6.601939028713223
20230615093251080,6.6,6.59,6.601939028713223
20230615093251210,6.6,6.59,6.601939028713223
20230615093251270,6.6,6.59,6.601939028713223
20230615093252790,6.6,6.59,6.601939028713223
20230615093252890,6.6,6.59,6.601939028713223
20230615093252910,6.6,6.59,6.601939028713223
20230615093253010,6.6,6.59,6.601939028713223
20230615093253050,6.6,6.59,6.601939028713223
20230615093253200,6.6,6.59,6.601939028713223
20230615093253480,6.6,6.59,6.601939028713223
20230615093253570,6.6,6.59,6.601939028713223
20230615093253710,6.6,6.59,6.601752918626938
20230615093253910,6.6,6.59,6.601752918626938
20230615093253950,6.6,6.59,6.601752918626938
20230615093255620,6.6,6.59,6.601752918626938
20230615093256060,6.6,6.59,6.601178322837256
20230615093256130,6.6,6.59,6.601174618952949
20230615093256170,6.6,6.59,6.601139554087531
20230615093256200,6.59,6.59,6.601139554087531
20230615093256260,6.59,6.59,6.601139554087531
20230615093256270,6.59,6.59,6.601139554087531
20230615093256280,6.59,6.59,6.601139554087531
20230615093256290,6.59,6.59,6.601139554087531
20230615093256480,6.59,6.59,6.601139554087531
20230615093256540,6.59,6.59,6.601139554087531
20230615093256590,6.59,6.59,6.601139554087531
20230615093258180,6.59,6.59,6.601139554087531
20230615093258230,6.59,6.59,6.601139554087531
20230615093258400,6.59,6.59,6.600919278869579
20230615093258430,6.59,6.59,6.600851546057957
20230615093258610,6.59,6.59,6.600851546057957
20230615093259070,6.59,6.59,6.600851546057957
20230615093259090,6.59,6.59,6.600851546057957
20230615093259230,6.59,6.59,6.600851546057957
20230615093301070,6.59,6.59,6.600851546057957
20230615093301140,6.59,6.59,6.600851546057957
20230615093301710,6.59,6.59,6.600851546057957
20230615093301910,6.59,6.59,6.600851546057957
20230615093303800,6.59,6.59,6.600851546057957
20230615093303900,6.59,6.59,6.600851546057957
20230615093303940,6.59,6.59,6.600851546057957
20230615093304080,6.59,6.59,6.600851546057957
20230615093304100,6.59,6.59,6.600851546057957
20230615093304160,6.59,6.59,6.600851546057957
20230615093304490,6.59,6.59,6.600851546057957
20230615093304520,6.59,6.59,6.600851546057957
20230615093304640,6.59,6.59,6.600851546057957
20230615093306280,6.59,6.59,6.600851546057957
20230615093306470,6.59,6.59,6.600851546057957
20230615093307010,6.59,6.59,6.600851546057957
20230615093307220,6.59,6.59,6.600851546057957
20230615093307380,6.59,6.59,6.600851546057957
20230615093309030,6.59,6.59,6.600851546057957
20230615093309280,6.59,6.59,6.600851546057957
20230615093309720,6.59,6.59,6.600851546057957
20230615093309730,6.59,6.59,6.600851546057957
20230615093309950,6.59,6.59,6.600851546057957
20230615093309960,6.59,6.59,6.600744081172492
20230615093310190,6.59,6.59,6.6007240547063555
20230615093312620,6.59,6.59,6.6007240547063555
20230615093312850,6.59,6.59,6.6007240547063555
20230615093312870,6.59,6.59,6.6007240547063555
20230615093314680,6.59,6.59,6.6007240547063555
20230615093314710,6.59,6.59,6.6007240547063555
20230615093315140,6.59,6.59,6.6007240547063555
20230615093315180,6.59,6.59,6.6007240547063555
20230615093315230,6.59,6.59,6.6007240547063555
20230615093317430,6.58,6.59,6.6007240547063555
20230615093317440,6.58,6.59,6.6007240547063555
20230615093317470,6.58,6.59,6.6007240547063555
20230615093317530,6.58,6.59,6.6007240547063555
20230615093317550,6.58,6.59,6.6007240547063555
20230615093317570,6.58,6.59,6.6007240547063555
20230615093317880,6.58,6.59,6.6007240547063555
20230615093319940,6.58,6.59,6.6007240547063555
20230615093320190,6.58,6.59,6.6007240547063555
20230615093320710,6.58,6.59,6.6007240547063555
20230615093320810,6.58,6.59,6.6007240547063555
20230615093320830,6.58,6.59,6.6007240547063555
20230615093320840,6.58,6.59,6.6007240547063555
20230615093320870,6.58,6.59,6.6007240547063555
20230615093325170,6.58,6.59,6.6007240547063555
20230615093325280,6.58,6.59,6.6007240547063555
20230615093325450,6.58,6.59,6.6007240547063555
20230615093325620,6.58,6.59,6.6007240547063555
20230615093325930,6.58,6.59,6.6007240547063555
20230615093326110,6.58,6.59,6.6007240547063555
20230615093326350,6.58,6.58,6.599131097560976
20230615093326360,6.58,6.58,6.599131097560976
20230615093327930,6.58,6.58,6.599131097560976
20230615093328070,6.58,6.58,6.599131097560976
20230615093328080,6.58,6.58,6.599131097560976
20230615093328120,6.58,6.58,6.599131097560976
20230615093328150,6.58,6.58,6.59907790626902
20230615093328220,6.58,6.58,6.59907790626902
20230615093328280,6.58,6.58,6.59907790626902
20230615093328470,6.58,6.58,6.59907790626902
20230615093328570,6.58,6.58,6.59907790626902
20230615093328890,6.58,6.58,6.59907790626902
20230615093330670,6.58,6.58,6.59907790626902
20230615093331070,6.58,6.58,6.59907790626902
20230615093331350,6.57,6.58,6.59907790626902
20230615093331510,6.57,6.58,6.59907790626902
20230615093331720,6.57,6.58,6.59907790626902
20230615093333360,6.57,6.58,6.59907790626902
20230615093333400,6.57,6.58,6.59907790626902
20230615093333580,6.57,6.58,6.59907790626902
20230615093333760,6.57,6.58,6.59907790626902
20230615093333880,6.57,6.58,6.59907790626902
20230615093334080,6.57,6.58,6.59907790626902
20230615093334150,6.58,6.58,6.599034021871203
20230615093334160,6.58,6.58,6.599034021871203
20230615093334250,6.58,6.58,6.598585737778442
20230615093334260,6.58,6.58,6.598585737778442
20230615093334270,6.58,6.58,6.598585737778442
20230615093334300,6.58,6.58,6.598585737778442
20230615093334320,6.58,6.58,6.598585737778442
20230615093334360,6.58,6.58,6.598585737778442
20230615093334370,6.58,6.58,6.598585737778442
20230615093334470,6.58,6.58,6.598585737778442
20230615093335990,6.58,6.58,6.598585737778442
20230615093336020,6.58,6.58,6.598585737778442
20230615093336080,6.58,6.58,6.598585737778442
20230615093336290,6.58,6.58,6.598517524235645
20230615093336520,6.58,6.58,6.598517524235645
20230615093336620,6.58,6.58,6.598517524235645
20230615093336630,6.58,6.58,6.598517524235645
20230615093336680,6.58,6.58,6.598517524235645
20230615093336850,6.58,6.58,6.598517524235645
20230615093336890,6.58,6.58,6.598517524235645
20230615093337080,6.58,6.58,6.598517524235645
20230615093337160,6.58,6.58,6.598245199409158
20230615093337200,6.58,6.58,6.598245199409158
20230615093337210,6.58,6.58,6.598245199409158
20230615093338980,6.58,6.58,6.598245199409158
20230615093338990,6.58,6.58,6.598245199409158
20230615093339060,6.58,6.58,6.598245199409158
20230615093339210,6.58,6.58,6.598245199409158
20230615093339350,6.58,6.58,6.598245199409158
20230615093341400,6.58,6.58,6.598245199409158
20230615093341410,6.58,6.58,6.598245199409158
20230615093341840,6.58,6.58,6.598245199409158
20230615093342440,6.58,6.58,6.598245199409158
20230615093342510,6.58,6.58,6.598245199409158
20230615093342590,6.58,6.58,6.598245199409158
20230615093344660,6.58,6.58,6.598245199409158
20230615093345030,6.58,6.58,6.598245199409158
20230615093347350,6.58,6.58,6.598245199409158
20230615093347360,6.58,6.58,6.598245199409158
20230615093347800,6.58,6.58,6.598245199409158
20230615093349460,6.58,6.58,6.598245199409158
20230615093349950,6.58,6.58,6.598245199409158
20230615093349980,6.58,6.58,6.598245199409158
20230615093350010,6.58,6.58,6.598245199409158
20230615093350090,6.58,6.58,6.598245199409158
20230615093350230,6.58,6.58,6.598245199409158
20230615093350520,6.58,6.58,6.598245199409158
20230615093350540,6.58,6.58,6.598245199409158
20230615093350550,6.58,6.58,6.598245199409158
20230615093350590,6.58,6.58,6.598245199409158
20230615093350620,6.58,6.58,6.598245199409158
20230615093350650,6.58,6.58,6.598245199409158
20230615093350680,6.58,6.58,6.598245199409158
20230615093352290,6.58,6.58,6.598245199409158
20230615093352520,6.58,6.58,6.598245199409158
20230615093352700,6.58,6.58,6.598245199409158
20230615093352900,6.58,6.58,6.598245199409158
20230615093353100,6.58,6.58,6.598245199409158
20230615093353150,6.58,6.58,6.598245199409158
20230615093353210,6.58,6.58,6.598245199409158
20230615093353340,6.58,6.58,6.598245199409158
20230615093354850,6.58,6.58,6.598245199409158
20230615093354990,6.58,6.58,6.598245199409158
20230615093355030,6.58,6.58,6.598245199409158
20230615093355070,6.58,6.58,6.598245199409158
20230615093355080,6.58,6.58,6.598245199409158
20230615093355090,6.58,6.58,6.598245199409158
20230615093355100,6.58,6.58,6.598245199409158
20230615093355110,6.58,6.58,6.598245199409158
20230615093355160,6.58,6.58,6.598245199409158
20230615093355240,6.58,6.58,6.598245199409158
20230615093355290,6.58,6.58,6.598245199409158
20230615093355600,6.58,6.58,6.598245199409158
20230615093355910,6.58,6.58,6.598245199409158
20230615093355950,6.58,6.58,6.597680949623625
20230615093357760,6.58,6.58,6.597680949623625
20230615093358050,6.58,6.58,6.597680949623625
20230615093358100,6.58,6.58,6.597680949623625
20230615093358120,6.58,6.58,6.597680949623625
20230615093358190,6.58,6.58,6.597680949623625
20230615093358300,6.58,6.58,6.597680949623625
20230615093358410,6.58,6.58,6.597680949623625
20230615093358430,6.58,6.58,6.597680949623625
20230615093358490,6.58,6.58,6.597680949623625
20230615093358630,6.58,6.58,6.597680949623625
20230615093400300,6.58,6.58,6.59760103926097
20230615093401150,6.58,6.58,6.59760103926097
20230615093403000,6.58,6.58,6.59760103926097
20230615093403140,6.58,6.58,6.59760103926097
20230615093403270,6.58,6.58,6.59760103926097
20230615093403320,6.58,6.58,6.59760103926097
20230615093403630,6.58,6.58,6.59760103926097
20230615093404090,6.58,6.58,6.59760103926097
20230615093404120,6.58,6.58,6.59760103926097
20230615093404170,6.58,6.58,6.59760103926097
20230615093405730,6.58,6.58,6.59760103926097
20230615093405780,6.58,6.58,6.59760103926097
20230615093405810,6.58,6.58,6.59760103926097
20230615093405820,6.58,6.58,6.59760103926097
20230615093405970,6.58,6.58,6.59760103926097
20230615093406110,6.58,6.58,6.59760103926097
20230615093406200,6.58,6.58,6.59760103926097
20230615093406350,6.58,6.58,6.59760103926097
20230615093406630,6.58,6.58,6.597383030476463
20230615093408500,6.58,6.58,6.597383030476463
20230615093408750,6.58,6.58,6.597383030476463
20230615093408880,6.58,6.58,6.597383030476463
20230615093409070,6.58,6.58,6.597383030476463
20230615093409180,6.58,6.58,6.597383030476463
20230615093411070,6.58,6.58,6.597383030476463
20230615093411150,6.58,6.58,6.597383030476463
20230615093411280,6.58,6.58,6.597383030476463
20230615093411320,6.58,6.58,6.597383030476463
20230615093411540,6.58,6.58,6.597383030476463
20230615093412020,6.58,6.58,6.597383030476463
20230615093412080,6.58,6.58,6.597383030476463
20230615093412140,6.58,6.58,6.597383030476463
20230615093414020,6.58,6.58,6.5973539077011
20230615093414530,6.58,6.58,6.5973539077011
20230615093416850,6.58,6.58,6.5973539077011
20230615093416900,6.58,6.58,6.597334380354083
20230615093417010,6.58,6.58,6.597334380354083
20230615093417060,6.58,6.58,6.597334380354083
20230615093417390,6.58,6.58,6.597322677322677
20230615093417640,6.58,6.58,6.597322677322677
20230615093419240,6.58,6.58,6.597322677322677
20230615093419740,6.58,6.58,6.597322677322677
20230615093419830,6.58,6.58,6.597322677322677
20230615093419990,6.58,6.58,6.597322677322677
20230615093420030,6.58,6.58,6.597322677322677
20230615093420090,6.58,6.58,6.597322677322677
20230615093420200,6.58,6.58,6.597322677322677
20230615093420240,6.58,6.58,6.597322677322677
20230615093422120,6.58,6.58,6.597322677322677
20230615093422200,6.58,6.58,6.597322677322677
20230615093422220,6.58,6.58,6.597322677322677
20230615093422450,6.58,6.58,6.597322677322677
20230615093422470,6.58,6.58,6.597322677322677
20230615093422640,6.58,6.58,6.5973187785388125
20230615093422650,6.58,6.58,6.5973187785388125
20230615093422720,6.58,6.58,6.5973187785388125
20230615093425040,6.58,6.58,6.5973187785388125
20230615093425090,6.58,6.58,6.5973187785388125
20230615093425210,6.58,6.58,6.5973187785388125
20230615093425410,6.58,6.58,6.5973187785388125
20230615093425470,6.58,6.58,6.5973187785388125
20230615093427480,6.58,6.58,6.5973187785388125
20230615093428130,6.58,6.58,6.5973187785388125
20230615093428470,6.58,6.58,6.5973187785388125
20230615093429960,6.58,6.58,6.5973187785388125
20230615093430390,6.58,6.57,6.597051137960102
20230615093430530,6.58,6.57,6.597017666853618
20230615093430650,6.58,6.57,6.597017666853618
20230615093430690,6.58,6.57,6.597017666853618
20230615093432690,6.58,6.57,6.597017666853618
20230615093433270,6.58,6.57,6.597017666853618
20230615093433350,6.58,6.57,6.597017666853618
20230615093433390,6.58,6.57,6.597017666853618
20230615093433420,6.58,6.57,6.597017666853618
20230615093433700,6.58,6.57,6.597017666853618
20230615093435340,6.58,6.57,6.597017666853618
20230615093435360,6.58,6.57,6.597017666853618
20230615093435410,6.58,6.57,6.597017666853618
20230615093436150,6.58,6.57,6.597017666853618
20230615093438400,6.58,6.57,6.597017666853618
20230615093438710,6.58,6.57,6.597017666853618
20230615093439080,6.58,6.57,6.597017666853618
20230615093439230,6.58,6.57,6.597017666853618
20230615093440780,6.58,6.57,6.597017666853618
20230615093441190,6.58,6.57,6.597017666853618
20230615093441230,6.58,6.57,6.597017666853618
20230615093441280,6.58,6.57,6.597017666853618
20230615093441880,6.58,6.57,6.596916096607567
20230615093441970,6.58,6.57,6.596916096607567
20230615093443610,6.58,6.57,6.596916096607567
20230615093443660,6.58,6.57,6.596916096607567
20230615093443700,6.58,6.57,6.596916096607567
20230615093443770,6.58,6.57,6.596916096607567
20230615093443930,6.58,6.57,6.596916096607567
20230615093444330,6.58,6.57,6.596916096607567
20230615093444490,6.58,6.57,6.596916096607567
20230615093444590,6.58,6.57,6.596916096607567
20230615093444670,6.58,6.57,6.596916096607567
20230615093444700,6.58,6.57,6.596916096607567
20230615093444710,6.58,6.57,6.596916096607567
20230615093446190,6.58,6.57,6.596916096607567
20230615093446280,6.58,6.57,6.596906655504395
20230615093446410,6.58,6.57,6.596906655504395
20230615093446520,6.58,6.57,6.596906655504395
20230615093446940,6.58,6.57,6.596906655504395
20230615093447270,6.58,6.57,6.596906655504395
20230615093447300,6.58,6.57,6.596906655504395
20230615093448880,6.58,6.57,6.596906655504395
20230615093449090,6.58,6.57,6.5969019389036125
20230615093449130,6.58,6.57,6.5969019389036125
20230615093449160,6.58,6.57,6.5969019389036125
20230615093449480,6.58,6.57,6.5969019389036125
20230615093449620,6.58,6.57,6.5969019389036125
20230615093449790,6.58,6.57,6.5969019389036125
20230615093449860,6.58,6.57,6.5969019389036125
20230615093450110,6.58,6.57,6.5969019389036125
20230615093452120,6.58,6.57,6.5969019389036125
20230615093452350,6.58,6.57,6.5969019389036125
20230615093452460,6.58,6.57,6.5969019389036125
20230615093452510,6.58,6.57,6.5969019389036125
20230615093452540,6.58,6.57,6.5969019389036125
20230615093452570,6.58,6.57,6.5969019389036125
20230615093454280,6.58,6.57,6.5969019389036125
20230615093454290,6.58,6.57,6.5969019389036125
20230615093454360,6.58,6.57,6.5969019389036125
20230615093454530,6.58,6.57,6.5969019389036125
20230615093454560,6.58,6.57,6.5969019389036125
20230615093454730,6.58,6.57,6.5969019389036125
20230615093455090,6.58,6.57,6.5969019389036125
20230615093455280,6.58,6.57,6.5969019389036125
20230615093457700,6.58,6.57,6.5969019389036125
20230615093457860,6.58,6.57,6.5969019389036125
20230615093459640,6.58,6.57,6.5969019389036125
20230615093459770,6.58,6.57,6.5969019389036125
20230615093459780,6.58,6.57,6.5969019389036125
20230615093459800,6.58,6.57,6.5969019389036125
20230615093500080,6.58,6.57,6.5969019389036125
20230615093500320,6.58,6.57,6.5969019389036125
20230615093500340,6.58,6.57,6.5969019389036125
20230615093500400,6.58,6.57,6.5969019389036125
20230615093500430,6.58,6.57,6.5969019389036125
20230615093502750,6.58,6.57,6.5969019389036125
20230615093502870,6.58,6.57,6.5969019389036125
20230615093503060,6.58,6.57,6.5969019389036125
20230615093503440,6.58,6.57,6.5969019389036125
20230615093503470,6.58,6.57,6.5969019389036125
20230615093505300,6.58,6.57,6.5969019389036125
20230615093505510,6.58,6.57,6.5969019389036125
20230615093505950,6.58,6.57,6.5969019389036125
20230615093505960,6.58,6.57,6.5969019389036125
20230615093506040,6.58,6.57,6.5969019389036125
20230615093506120,6.58,6.57,6.5969019389036125
20230615093506240,6.58,6.57,6.5969019389036125
20230615093508340,6.58,6.57,6.5969019389036125
20230615093508650,6.58,6.57,6.596499247297112
20230615093508790,6.58,6.57,6.596499247297112
20230615093510730,6.58,6.57,6.596499247297112
20230615093510740,6.58,6.57,6.596499247297112
20230615093510970,6.58,6.57,6.596499247297112
20230615093511320,6.58,6.57,6.596499247297112
20230615093511360,6.58,6.57,6.596499247297112
20230615093511420,6.58,6.57,6.596499247297112
20230615093511460,6.58,6.57,6.596499247297112
20230615093511500,6.58,6.57,6.596499247297112
20230615093511560,6.58,6.57,6.596499247297112
20230615093511660,6.58,6.57,6.596499247297112
20230615093513140,6.58,6.57,6.596499247297112
20230615093513240,6.58,6.57,6.596499247297112
20230615093513640,6.58,6.57,6.596499247297112
20230615093513700,6.58,6.57,6.596499247297112
20230615093513720,6.58,6.57,6.596499247297112
20230615093513770,6.58,6.57,6.596499247297112
20230615093513930,6.58,6.57,6.596499247297112
20230615093514040,6.58,6.57,6.596499247297112
20230615093514390,6.58,6.57,6.596499247297112
20230615093516100,6.58,6.57,6.596499247297112
20230615093516120,6.58,6.57,6.596499247297112
20230615093516440,6.58,6.57,6.596499247297112
20230615093516930,6.58,6.57,6.596499247297112
20230615093518590,6.58,6.57,6.596499247297112
20230615093518670,6.58,6.57,6.596499247297112
20230615093518750,6.58,6.57,6.596499247297112
20230615093518820,6.58,6.57,6.596499247297112
20230615093519090,6.58,6.57,6.596499247297112
20230615093519100,6.58,6.57,6.596499247297112
20230615093519130,6.58,6.57,6.59604432505037
20230615093519140,6.58,6.57,6.59604432505037
20230615093519150,6.58,6.57,6.59604432505037
20230615093519160,6.58,6.57,6.59604432505037
20230615093519190,6.58,6.57,6.59604432505037
20230615093519610,6.58,6.57,6.59604432505037
20230615093521340,6.58,6.57,6.59604432505037
20230615093521350,6.58,6.57,6.59604432505037
20230615093521530,6.58,6.57,6.595503090885177
20230615093521540,6.58,6.57,6.595456216358146
20230615093521550,6.58,6.57,6.595442855268337
20230615093521560,6.58,6.57,6.595396201702685
20230615093521570,6.58,6.57,6.5953895508707605
20230615093521620,6.58,6.57,6.595386226760932
20230615093521700,6.58,6.57,6.595386226760932
20230615093522040,6.58,6.57,6.595372939021199
20230615093522100,6.58,6.57,6.5953663003663
20230615093522120,6.58,6.57,6.59535966518441
20230615093522130,6.58,6.57,6.595326541274817
20230615093522180,6.58,6.57,6.595326541274817
20230615093522200,6.58,6.57,6.595326541274817
20230615093522450,6.58,6.57,6.595326541274817
20230615093524220,6.58,6.57,6.595326541274817
20230615093524350,6.58,6.57,6.595326541274817
20230615093524360,6.58,6.57,6.595326541274817
20230615093524590,6.58,6.57,6.595326541274817
20230615093524670,6.58,6.57,6.595326541274817
20230615093524790,6.58,6.57,6.595326541274817
20230615093525100,6.58,6.57,6.595297952796975
20230615093525120,6.58,6.57,6.595297952796975
20230615093525140,6.58,6.57,6.595294654498044
20230615093526730,6.58,6.57,6.595294654498044
20230615093527350,6.58,6.57,6.595294654498044
20230615093527400,6.58,6.57,6.595294654498044
20230615093527460,6.58,6.57,6.595294654498044
20230615093529340,6.58,6.57,6.595294654498044
20230615093529500,6.58,6.57,6.595294654498044
20230615093529710,6.58,6.57,6.595294654498044
20230615093529740,6.58,6.57,6.595294654498044
20230615093529860,6.58,6.57,6.595294654498044
20230615093529960,6.58,6.57,6.595294654498044
20230615093529990,6.58,6.57,6.595294654498044
20230615093530340,6.58,6.57,6.595294654498044
20230615093532290,6.58,6.57,6.595294654498044
20230615093532790,6.58,6.57,6.595294654498044
20230615093534760,6.58,6.57,6.595294654498044
20230615093534810,6.58,6.57,6.595294654498044
20230615093534850,6.58,6.57,6.595294654498044
20230615093534910,6.58,6.57,6.595294654498044
20230615093535790,6.58,6.57,6.595294654498044
20230615093538410,6.58,6.57,6.595294654498044
20230615093540690,6.58,6.57,6.595294654498044
20230615093540990,6.58,6.57,6.595294654498044
20230615093541020,6.58,6.57,6.595294654498044
20230615093541090,6.58,6.57,6.595294654498044
20230615093543080,6.58,6.57,6.595163542340013
20230615093543120,6.58,6.57,6.595160289555325
20230615093543710,6.58,6.57,6.595160289555325
20230615093543760,6.58,6.57,6.595160289555325
20230615093543840,6.58,6.57,6.595140754132231
20230615093544050,6.58,6.57,6.595140754132231
20230615093545740,6.58,6.57,6.595124532197703
20230615093546040,6.58,6.57,6.595101856627127
20230615093546090,6.58,6.57,6.595046957416699
20230615093546100,6.58,6.57,6.595040514469454
20230615093546130,6.58,6.57,6.595040514469454
20230615093546140,6.58,6.57,6.595037294238683
20230615093546160,6.58,6.57,6.595008349389852
20230615093548270,6.58,6.57,6.595008349389852
20230615093548430,6.58,6.57,6.595008349389852
20230615093548890,6.58,6.57,6.595008349389852
20230615093548910,6.58,6.57,6.595008349389852
20230615093549080,6.58,6.57,6.595008349389852
20230615093549100,6.58,6.57,6.59496732863549
20230615093549120,6.58,6.57,6.59496413015629
20230615093549210,6.58,6.57,6.59496413015629
20230615093549240,6.58,6.57,6.59496413015629
20230615093551100,6.58,6.57,6.59496413015629
20230615093551180,6.58,6.57,6.59496413015629
20230615093551390,6.58,6.57,6.59496413015629
20230615093551500,6.58,6.57,6.59496413015629
20230615093551780,6.58,6.57,6.594935380678183
20230615093551880,6.58,6.57,6.594935380678183
20230615093552050,6.58,6.57,6.594935380678183
20230615093552080,6.58,6.57,6.594935380678183
20230615093552120,6.58,6.57,6.594935380678183
20230615093553770,6.58,6.57,6.594935380678183
20230615093554020,6.58,6.57,6.594935380678183
20230615093554250,6.58,6.57,6.594935380678183
20230615093554650,6.58,6.57,6.594935380678183
20230615093557360,6.58,6.57,6.594935380678183
20230615093559570,6.58,6.57,6.594935380678183
20230615093601830,6.58,6.57,6.594935380678183
20230615093602530,6.58,6.57,6.594935380678183
20230615093602900,6.58,6.57,6.594935380678183
20230615093602930,6.58,6.57,6.594935380678183
20230615093602960,6.58,6.57,6.594935380678183
20230615093604570,6.58,6.57,6.594935380678183
20230615093604780,6.58,6.57,6.594736174530695
20230615093604890,6.58,6.57,6.594736174530695
20230615093605270,6.58,6.57,6.594736174530695
20230615093605320,6.58,6.57,6.594736174530695
20230615093605420,6.58,6.57,6.594736174530695
20230615093607190,6.58,6.57,6.594736174530695
20230615093607230,6.58,6.57,6.594736174530695
20230615093607270,6.58,6.57,6.594736174530695
20230615093607510,6.58,6.57,6.594736174530695
20230615093608010,6.58,6.57,6.594736174530695
20230615093608060,6.58,6.57,6.594736174530695
20230615093608170,6.58,6.57,6.594736174530695
20230615093610030,6.58,6.57,6.594736174530695
20230615093610040,6.58,6.57,6.594736174530695
20230615093610050,6.58,6.57,6.594736174530695
20230615093610060,6.58,6.57,6.594736174530695
20230615093610090,6.58,6.57,6.594736174530695
20230615093610130,6.58,6.57,6.594736174530695
20230615093610240,6.58,6.57,6.594736174530695
20230615093610730,6.58,6.57,6.594736174530695
20230615093610830,6.58,6.57,6.594736174530695
20230615093610940,6.58,6.57,6.594736174530695
20230615093611090,6.58,6.57,6.594736174530695
20230615093611100,6.58,6.57,6.594736174530695
20230615093612900,6.58,6.57,6.594736174530695
20230615093613040,6.58,6.57,6.594736174530695
20230615093613080,6.58,6.57,6.594736174530695
20230615093613140,6.58,6.57,6.594736174530695
20230615093613430,6.58,6.57,6.594736174530695
20230615093613440,6.58,6.57,6.594736174530695
20230615093613710,6.58,6.57,6.594736174530695
20230615093615300,6.58,6.57,6.594736174530695
20230615093615980,6.58,6.57,6.594736174530695
20230615093615990,6.58,6.57,6.594736174530695
20230615093616080,6.58,6.57,6.594736174530695
20230615093616110,6.58,6.57,6.594736174530695
20230615093616470,6.58,6.57,6.594736174530695
20230615093618210,6.58,6.57,6.594736174530695
20230615093618440,6.58,6.57,6.593858575972596
20230615093619160,6.58,6.57,6.593858575972596
20230615093621660,6.58,6.57,6.593858575972596
20230615093623540,6.58,6.57,6.593858575972596
20230615093623770,6.58,6.57,6.593858575972596
20230615093623820,6.58,6.57,6.593858575972596
20230615093623830,6.58,6.57,6.593858575972596
20230615093624380,6.58,6.57,6.593858575972596
20230615093626450,6.58,6.57,6.593542974408498
20230615093626460,6.58,6.57,6.593542974408498
20230615093626490,6.58,6.57,6.593542974408498
20230615093626520,6.58,6.57,6.593542974408498
20230615093626550,6.58,6.57,6.593337322005504
20230615093626570,6.58,6.57,6.593337322005504
20230615093626790,6.58,6.57,6.593337322005504
20230615093629030,6.58,6.57,6.593284383954154
20230615093629180,6.58,6.57,6.593284383954154
20230615093629520,6.58,6.57,6.593284383954154
20230615093629590,6.58,6.57,6.593284383954154
20230615093629940,6.58,6.57,6.593284383954154
20230615093632070,6.58,6.57,6.593284383954154
20230615093632270,6.58,6.57,6.593284383954154
20230615093632410,6.58,6.57,6.593284383954154
20230615093632670,6.58,6.57,6.5932399904671115
20230615093634210,6.58,6.57,6.5932399904671115
20230615093634270,6.58,6.57,6.5932399904671115
20230615093634780,6.58,6.57,6.5932399904671115
20230615093637110,6.58,6.57,6.5932399904671115
20230615093637120,6.58,6.57,6.5932399904671115
20230615093637130,6.58,6.57,6.5932399904671115
20230615093637350,6.58,6.57,6.5932399904671115
20230615093639670,6.58,6.57,6.5932399904671115
20230615093639720,6.58,6.57,6.5932399904671115
20230615093640000,6.58,6.57,6.5932399904671115
20230615093640050,6.58,6.57,6.5932399904671115
20230615093640120,6.58,6.57,6.5932399904671115
20230615093640180,6.58,6.57,6.5932399904671115
20230615093640230,6.58,6.57,6.5932399904671115
20230615093640510,6.58,6.57,6.5932399904671115
20230615093642290,6.58,6.57,6.5932399904671115
20230615093642350,6.58,6.57,6.5932399904671115
20230615093642440,6.58,6.57,6.5932399904671115
20230615093642680,6.58,6.57,6.5932399904671115
20230615093643030,6.58,6.57,6.5930859375
20230615093643080,6.58,6.57,6.5930832051130315
20230615093643090,6.58,6.57,6.5930804733727815
20230615093643130,6.58,6.57,6.5930804733727815
20230615093643170,6.58,6.57,6.5930777422790205
20230615093643250,6.58,6.57,6.5930777422790205
20230615093643420,6.58,6.57,6.5930777422790205
20230615093645130,6.58,6.57,6.5930777422790205
20230615093645210,6.58,6.57,6.5930777422790205
20230615093645620,6.58,6.57,6.593064096499527
20230615093645720,6.58,6.57,6.592955508474576
20230615093645780,6.58,6.57,6.5929285210439685
20230615093646080,6.58,6.57,6.592923131170663
20230615093648050,6.58,6.57,6.592923131170663
20230615093648120,6.58,6.57,6.592923131170663
20230615093648210,6.58,6.57,6.592923131170663
20230615093648380,6.58,6.57,6.592923131170663
20230615093648660,6.58,6.57,6.592409513960703
20230615093650450,6.58,6.57,6.592409513960703
20230615093650550,6.58,6.57,6.592409513960703
20230615093651090,6.58,6.57,6.592409513960703
20230615093651110,6.58,6.57,6.592409513960703
20230615093651480,6.58,6.57,6.592409513960703
20230615093651570,6.58,6.57,6.592409513960703
20230615093653160,6.58,6.57,6.592409513960703
20230615093653190,6.58,6.57,6.592409513960703
20230615093653210,6.58,6.57,6.592409513960703
20230615093653410,6.58,6.57,6.592409513960703
20230615093653770,6.58,6.57,6.592409513960703
20230615093653850,6.58,6.57,6.592409513960703
20230615093653860,6.58,6.57,6.592409513960703
20230615093653930,6.58,6.57,6.592409513960703
20230615093654210,6.58,6.57,6.592409513960703
20230615093655760,6.58,6.57,6.592273869346734
20230615093655950,6.58,6.57,6.592273869346734
20230615093656140,6.58,6.57,6.592273869346734
20230615093656640,6.58,6.57,6.592273869346734
20230615093656750,6.58,6.57,6.592273869346734
20230615093656930,6.58,6.57,6.592185189398248
20230615093656960,6.58,6.57,6.592185189398248
20230615093658500,6.57,6.57,6.592185189398248
20230615093658570,6.58,6.57,6.592185189398248
20230615093658590,6.58,6.57,6.592185189398248
20230615093659080,6.57,6.57,6.592185189398248
20230615093659130,6.57,6.57,6.592185189398248
20230615093659140,6.57,6.57,6.592185189398248
20230615093659160,6.57,6.57,6.592185189398248
20230615093659200,6.57,6.57,6.592185189398248
20230615093659270,6.57,6.57,6.592185189398248
20230615093659310,6.57,6.57,6.592185189398248
20230615093659440,6.57,6.57,6.592185189398248
20230615093659570,6.57,6.57,6.592185189398248
20230615093701140,6.57,6.57,6.592185189398248
20230615093701150,6.57,6.57,6.592185189398248
20230615093701170,6.57,6.57,6.592185189398248
20230615093701270,6.57,6.57,6.592185189398248
20230615093701440,6.57,6.57,6.592185189398248
20230615093701590,6.57,6.57,6.592185189398248
20230615093701710,6.57,6.57,6.592185189398248
20230615093702050,6.57,6.57,6.592185189398248
20230615093702170,6.57,6.57,6.592185189398248
20230615093702220,6.57,6.57,6.592185189398248
20230615093702280,6.57,6.57,6.592185189398248
20230615093702290,6.57,6.57,6.592185189398248
20230615093703930,6.57,6.57,6.592185189398248
20230615093704090,6.57,6.57,6.592185189398248
20230615093704100,6.57,6.57,6.5920454288620185
20230615093704140,6.57,6.57,6.592041807909604
20230615093704170,6.57,6.57,6.592041807909604
20230615093704180,6.57,6.57,6.592031850011295
20230615093704190,6.57,6.57,6.592029361942405
20230615093704210,6.57,6.57,6.592029361942405
20230615093704450,6.57,6.57,6.592029361942405
20230615093704640,6.57,6.57,6.592025745257453
20230615093706580,6.57,6.57,6.592025745257453
20230615093706910,6.57,6.57,6.592025745257453
20230615093706950,6.57,6.57,6.592025745257453
20230615093707100,6.57,6.57,6.592025745257453
20230615093707120,6.57,6.57,6.591893896819153
20230615093707140,6.57,6.57,6.591893896819153
20230615093707190,6.57,6.57,6.591893896819153
20230615093707540,6.57,6.57,6.591893896819153
20230615093707640,6.57,6.57,6.591893896819153
20230615093709270,6.57,6.57,6.591893896819153
20230615093709330,6.57,6.57,6.591893896819153
20230615093709390,6.57,6.57,6.591893896819153
20230615093709430,6.57,6.57,6.591893896819153
20230615093709900,6.57,6.57,6.591893896819153
20230615093710100,6.57,6.57,6.591893896819153
20230615093710120,6.57,6.57,6.591893896819153
20230615093712020,6.57,6.57,6.591893896819153
20230615093712320,6.57,6.57,6.591893896819153
20230615093712450,6.57,6.57,6.591893896819153
20230615093712990,6.57,6.57,6.591893896819153
20230615093714770,6.57,6.57,6.591893896819153
20230615093715430,6.57,6.57,6.591893896819153
20230615093715490,6.57,6.57,6.591893896819153
20230615093715770,6.57,6.57,6.591825930910722
20230615093715850,6.57,6.57,6.591825930910722
20230615093718060,6.57,6.57,6.591825930910722
20230615093718370,6.57,6.57,6.591825930910722
20230615093720080,6.57,6.57,6.591825930910722
20230615093720120,6.57,6.57,6.591825930910722
20230615093720640,6.57,6.57,6.591825930910722
20230615093720760,6.57,6.57,6.591825930910722
20230615093720780,6.57,6.57,6.591825930910722
20230615093720790,6.57,6.57,6.591825930910722
20230615093720920,6.57,6.57,6.591825930910722
20230615093721200,6.57,6.57,6.59148851590106
20230615093721230,6.57,6.57,6.59148851590106
20230615093722730,6.57,6.57,6.59148851590106
20230615093722830,6.57,6.57,6.59148851590106
20230615093723020,6.57,6.57,6.59148851590106
20230615093723290,6.57,6.57,6.59148851590106
20230615093723450,6.57,6.57,6.59148851590106
20230615093723770,6.57,6.57,6.59148851590106
20230615093725740,6.57,6.57,6.59148851590106
20230615093725810,6.57,6.57,6.59148851590106
20230615093726010,6.57,6.57,6.591415675913694
20230615093726050,6.57,6.57,6.591415675913694
20230615093726250,6.57,6.57,6.591415675913694
20230615093728120,6.57,6.57,6.591415675913694
20230615093728260,6.57,6.57,6.591415675913694
20230615093728320,6.57,6.57,6.591415675913694
20230615093728380,6.57,6.57,6.591415675913694
20230615093728440,6.57,6.57,6.591415675913694
20230615093728580,6.57,6.57,6.591415675913694
20230615093728650,6.57,6.57,6.591415675913694
20230615093728670,6.57,6.57,6.591415675913694
20230615093728680,6.57,6.57,6.591415675913694
20230615093729200,6.57,6.57,6.5911244410513685
20230615093729290,6.57,6.57,6.5911244410513685
20230615093730930,6.57,6.57,6.591006084311169
20230615093731040,6.57,6.57,6.591006084311169
20230615093731090,6.57,6.57,6.590999348251141
20230615093731130,6.57,6.57,6.590995981318562
20230615093731240,6.56,6.55,6.585201342281879
20230615093731280,6.56,6.55,6.585201342281879
20230615093731360,6.56,6.55,6.585201342281879
20230615093731390,6.56,6.55,6.585136968202237
20230615093731670,6.56,6.55,6.585136968202237
20230615093731830,6.56,6.55,6.585125902447614
20230615093731850,6.56,6.55,6.585125902447614
20230615093731940,6.56,6.55,6.585072922157793
20230615093733570,6.56,6.55,6.585072922157793
20230615093733590,6.56,6.55,6.584904441923379
20230615093733610,6.56,6.55,6.584845899355737
20230615093733670,6.56,6.55,6.584843736397667
20230615093733690,6.56,6.55,6.584843736397667
20230615093733700,6.56,6.55,6.584843736397667
20230615093733710,6.56,6.55,6.584843736397667
20230615093733720,6.56,6.55,6.584843736397667
20230615093733880,6.56,6.55,6.584843736397667
20230615093733930,6.56,6.55,6.584841573816156
20230615093734070,6.56,6.55,6.584839411611107
20230615093734080,6.56,6.55,6.58477472002778
20230615093734090,6.56,6.55,6.582493891384882
20230615093734100,6.56,6.55,6.580937706361436
20230615093734110,6.56,6.55,6.580826156765435
20230615093734120,6.56,6.56,6.579172265520022
20230615093734130,6.56,6.56,6.579170977494122
20230615093734140,6.56,6.56,6.579170977494122
20230615093734150,6.56,6.56,6.579170977494122
20230615093734160,6.56,6.56,6.579170977494122
20230615093734180,6.56,6.56,6.579169689641273
20230615093734220,6.56,6.56,6.579169689641273
20230615093734250,6.56,6.56,6.579169689641273
20230615093734320,6.56,6.56,6.579169689641273
20230615093734390,6.56,6.56,6.579169689641273
20230615093734580,6.56,6.56,6.579169689641273
20230615093734630,6.56,6.56,6.579169689641273
20230615093734640,6.56,6.56,6.579168457818377
20230615093734660,6.56,6.56,6.57916330915928
20230615093736350,6.56,6.56,6.57916330915928
20230615093736470,6.56,6.56,6.57916330915928
20230615093736480,6.56,6.56,6.579157160112737
20230615093736690,6.56,6.56,6.579157160112737
20230615093736700,6.56,6.56,6.579157160112737
20230615093736710,6.56,6.56,6.579157160112737
20230615093736880,6.56,6.56,6.579157160112737
20230615093736890,6.56,6.56,6.579157160112737
20230615093737080,6.56,6.56,6.57913937445583
20230615093737120,6.56,6.56,6.57913937445583
20230615093737130,6.56,6.56,6.579137538502746
20230615093737140,6.56,6.56,6.5791314239828695
20230615093737160,6.56,6.56,6.57913081298093
20230615093737180,6.56,6.56,6.579127759197324
20230615093737200,6.56,6.56,6.579127759197324
20230615093737210,6.56,6.56,6.5791265382557516
20230615093737270,6.56,6.56,6.5791265382557516
20230615093737370,6.56,6.56,6.579088239220398
20230615093739420,6.56,6.56,6.579088239220398
20230615093739600,6.56,6.56,6.579088239220398
20230615093739610,6.56,6.56,6.579088239220398
20230615093739620,6.56,6.56,6.579088239220398
20230615093739630,6.56,6.56,6.579088239220398
20230615093740120,6.56,6.56,6.579088239220398
20230615093740140,6.56,6.56,6.579088239220398
20230615093740180,6.56,6.56,6.579081571399986
20230615093741880,6.56,6.56,6.579081571399986
20230615093742070,6.56,6.56,6.579040931780366
20230615093742220,6.56,6.56,6.579040931780366
20230615093742260,6.56,6.56,6.579040931780366
20230615093742350,6.56,6.56,6.57903713068938
20230615093742600,6.56,6.56,6.57903713068938
20230615093742780,6.56,6.56,6.57903713068938
20230615093744410,6.56,6.56,6.57903713068938
20230615093744640,6.56,6.56,6.57903713068938
20230615093744870,6.56,6.56,6.57903713068938
20230615093744920,6.56,6.56,6.57903713068938
20230615093745190,6.56,6.56,6.57903713068938
20230615093745350,6.56,6.56,6.57903713068938
20230615093747250,6.56,6.56,6.57903713068938
20230615093747260,6.56,6.56,6.57903713068938
20230615093747270,6.56,6.56,6.57903713068938
20230615093747280,6.56,6.56,6.57903713068938
20230615093747290,6.56,6.56,6.57903713068938
20230615093747780,6.56,6.56,6.57903713068938
20230615093748070,6.56,6.56,6.579035863996274
20230615093748240,6.56,6.56,6.579035863996274
20230615093749810,6.56,6.56,6.579035863996274
20230615093749880,6.56,6.56,6.579035863996274
20230615093749930,6.56,6.56,6.579035863996274
20230615093750100,6.56,6.56,6.579035863996274
20230615093750140,6.56,6.56,6.579035863996274
20230615093750230,6.56,6.56,6.579035863996274
20230615093750280,6.56,6.56,6.579035863996274
20230615093750300,6.56,6.56,6.579035863996274
20230615093750780,6.56,6.56,6.579035863996274
20230615093752560,6.56,6.56,6.579035863996274
20230615093753030,6.56,6.56,6.57903165735568
20230615093753050,6.56,6.56,6.57903165735568
20230615093753170,6.56,6.56,6.57903165735568
20230615093753190,6.56,6.56,6.57903165735568
20230615093753620,6.56,6.56,6.57903165735568
20230615093755140,6.56,6.56,6.57903165735568
20230615093755430,6.56,6.56,6.57903165735568
20230615093755760,6.56,6.56,6.57903165735568
20230615093756090,6.56,6.56,6.5790126901866985
20230615093757830,6.56,6.56,6.5790126901866985
20230615093757930,6.56,6.56,6.578979903163759
20230615093757960,6.56,6.56,6.578979903163759
20230615093758000,6.56,6.56,6.578978644382544
20230615093758090,6.56,6.56,6.578976127320955
20230615093758110,6.56,6.56,6.578973610926933
20230615093758120,6.56,6.56,6.578973610926933
20230615093758130,6.56,6.56,6.578973610926933
20230615093758240,6.56,6.56,6.578973610926933
20230615093758430,6.56,6.56,6.578973610926933
20230615093758610,6.56,6.56,6.578973610926933
20230615093758750,6.56,6.56,6.5789397048117015
20230615093759080,6.56,6.56,6.5789397048117015
20230615093801100,6.56,6.56,6.578937198067633
20230615093801110,6.56,6.56,6.578935944944415
20230615093801160,6.56,6.56,6.578930934109553
20230615093801170,6.56,6.56,6.5789234228276685
20230615093801290,6.56,6.56,6.578902173195059
20230615093801370,6.56,6.56,6.57888221709007
20230615093801490,6.56,6.56,6.578862303078242
20230615093801520,6.56,6.56,6.578842431026536
20230615093801650,6.56,6.56,6.578830032243206
20230615093801690,6.56,6.56,6.578825077297546
20230615093801740,6.56,6.56,6.578825077297546
20230615093803250,6.56,6.56,6.578825077297546
20230615093803340,6.56,6.56,6.578825077297546
20230615093803350,6.56,6.56,6.578825077297546
20230615093803390,6.56,6.56,6.578825077297546
20230615093803820,6.56,6.56,6.578825077297546
20230615093803890,6.56,6.56,6.578825077297546
20230615093804090,6.56,6.56,6.578825077297546
20230615093804100,6.56,6.56,6.578825077297546
20230615093804120,6.56,6.56,6.578825077297546
20230615093804150,6.56,6.56,6.578825077297546
20230615093804160,6.56,6.56,6.578825077297546
20230615093804170,6.56,6.56,6.578825077297546
20230615093804190,6.56,6.56,6.578825077297546
20230615093804320,6.56,6.56,6.578825077297546
20230615093805960,6.56,6.56,6.578825077297546
20230615093805970,6.56,6.56,6.578825077297546
20230615093805980,6.56,6.56,6.578825077297546
20230615093805990,6.56,6.56,6.578825077297546
20230615093806050,6.56,6.56,6.578825077297546
20230615093806100,6.56,6.56,6.578825077297546
20230615093806120,6.56,6.56,6.578825077297546
20230615093806320,6.56,6.56,6.578825077297546
20230615093806340,6.56,6.56,6.578825077297546
20230615093806360,6.56,6.56,6.578825077297546
20230615093806370,6.56,6.56,6.578825077297546
20230615093806440,6.56,6.56,6.578825077297546
20230615093806690,6.56,6.56,6.578825077297546
20230615093806850,6.56,6.56,6.578780599855615
20230615093807080,6.56,6.56,6.578775670887737
20230615093807090,6.56,6.56,6.578774439049994
20230615093807110,6.56,6.56,6.578771975859355
20230615093807150,6.56,6.56,6.578771975859355
20230615093807180,6.56,6.56,6.578771975859355
20230615093808930,6.56,6.56,6.578755733193552
20230615093809340,6.56,6.56,6.578755733193552
20230615093809350,6.56,6.56,6.578755733193552
20230615093811750,6.56,6.56,6.578755733193552
20230615093812260,6.56,6.56,6.578755733193552
20230615093814040,6.56,6.56,6.578755733193552
20230615093814500,6.56,6.56,6.578755733193552
20230615093815130,6.56,6.56,6.578755733193552
20230615093815140,6.56,6.56,6.578731758392776
20230615093815260,6.56,6.56,6.578731758392776
20230615093816790,6.56,6.56,6.578731758392776
20230615093817120,6.56,6.56,6.578731758392776
20230615093817300,6.56,6.56,6.578731758392776
20230615093817580,6.56,6.56,6.578731758392776
20230615093819810,6.56,6.56,6.578731758392776
20230615093819890,6.56,6.56,6.578694061540472
20230615093820590,6.56,6.56,6.578694061540472
20230615093822200,6.56,6.56,6.578694061540472
20230615093822730,6.56,6.56,6.578694061540472
20230615093822940,6.56,6.56,6.578694061540472
20230615093822950,6.56,6.56,6.578694061540472
20230615093822960,6.56,6.56,6.578694061540472
20230615093824880,6.56,6.56,6.578694061540472
20230615093825110,6.56,6.56,6.578694061540472
20230615093825330,6.56,6.56,6.578694061540472
20230615093825390,6.56,6.56,6.578694061540472
20230615093825560,6.56,6.56,6.578694061540472
20230615093825620,6.56,6.56,6.578694061540472
20230615093825680,6.56,6.56,6.578694061540472
20230615093825830,6.56,6.56,6.578694061540472
20230615093825980,6.56,6.56,6.578694061540472
20230615093827780,6.56,6.56,6.578694061540472
20230615093827950,6.56,6.56,6.578602262384606
20230615093827960,6.56,6.56,6.578602262384606
20230615093828000,6.56,6.56,6.578602262384606
20230615093828060,6.56,6.56,6.578602262384606
20230615093828140,6.56,6.56,6.578602262384606
20230615093828180,6.56,6.56,6.578601053110576
20230615093828230,6.56,6.56,6.578601053110576
20230615093828420,6.56,6.56,6.578601053110576
20230615093830420,6.56,6.56,6.578586554075999
20230615093830520,6.56,6.56,6.578586554075999
20230615093830550,6.56,6.56,6.578586554075999
20230615093830650,6.56,6.56,6.57858051948052
20230615093830690,6.56,6.56,6.57858051948052
20230615093831080,6.56,6.56,6.57858051948052
20230615093831090,6.56,6.56,6.57858051948052
20230615093832970,6.56,6.56,6.57858051948052
20230615093833100,6.56,6.56,6.578560031134462
20230615093833640,6.56,6.56,6.578560031134462
20230615093833690,6.56,6.56,6.578560031134462
20230615093833960,6.56,6.56,6.578560031134462
20230615093834050,6.56,6.56,6.578560031134462
20230615093834070,6.56,6.56,6.5785576237110055
20230615093834110,6.56,6.56,6.5785576237110055
20230615093834140,6.56,6.56,6.5785576237110055
20230615093834150,6.56,6.56,6.57854199066874
20230615093835850,6.56,6.56,6.57854199066874
20230615093836330,6.56,6.56,6.57854199066874
20230615093838610,6.56,6.56,6.57854199066874
20230615093838740,6.56,6.56,6.57854199066874
20230615093838920,6.56,6.56,6.578529983162802
20230615093841050,6.56,6.56,6.578529983162802
20230615093841150,6.56,6.56,6.578529983162802
20230615093841160,6.56,6.56,6.578529983162802
20230615093841200,6.56,6.56,6.578529983162802
20230615093841220,6.56,6.56,6.578529983162802
20230615093841430,6.56,6.56,6.578529983162802
20230615093841640,6.56,6.56,6.578529983162802
20230615093841670,6.56,6.56,6.578529983162802
20230615093841940,6.56,6.56,6.578529983162802
20230615093841950,6.56,6.56,6.578529983162802
20230615093841970,6.56,6.56,6.578529983162802
20230615093842240,6.56,6.56,6.578529983162802
20230615093842270,6.56,6.56,6.578529983162802
20230615093843710,6.56,6.56,6.578529983162802
20230615093844490,6.56,6.56,6.578488079085094
20230615093844500,6.56,6.56,6.578488079085094
20230615093844680,6.56,6.56,6.578488079085094
20230615093844730,6.56,6.56,6.578488079085094
20230615093846510,6.56,6.56,6.578488079085094
20230615093846810,6.56,6.56,6.578488079085094
20230615093847000,6.56,6.56,6.578484241797985
20230615093847010,6.56,6.56,6.578484241797985
20230615093847020,6.56,6.56,6.578484241797985
20230615093847030,6.56,6.56,6.578484241797985
20230615093847110,6.56,6.56,6.578484241797985
20230615093847190,6.56,6.56,6.578484241797985
20230615093847200,6.56,6.56,6.578484241797985
20230615093847330,6.56,6.56,6.578484241797985
20230615093849140,6.56,6.56,6.578484241797985
20230615093849150,6.56,6.56,6.578484241797985
20230615093849240,6.56,6.56,6.578483048111075
20230615093849420,6.56,6.56,6.578483048111075
20230615093849610,6.56,6.56,6.578483048111075
20230615093849750,6.56,6.56,6.578483048111075
20230615093849850,6.56,6.56,6.578483048111075
20230615093849980,6.56,6.56,6.57847708198838
20230615093850020,6.56,6.56,6.57847708198838
20230615093850040,6.56,6.56,6.57847708198838
20230615093850080,6.56,6.56,6.57847708198838
20230615093850170,6.56,6.56,6.57847708198838
20230615093851910,6.56,6.56,6.57847708198838
20230615093852130,6.56,6.56,6.578460397316822
20230615093852140,6.56,6.56,6.578460397316822
20230615093852170,6.56,6.56,6.578459206707514
20230615093852180,6.56,6.56,6.578452066275546
20230615093852310,6.56,6.56,6.578452066275546
20230615093852400,6.56,6.56,6.578452066275546
20230615093852530,6.56,6.56,6.578452066275546
20230615093852720,6.56,6.56,6.578452066275546
20230615093852790,6.56,6.56,6.578452066275546
20230615093852880,6.56,6.56,6.578452066275546
20230615093852900,6.56,6.56,6.578452066275546
20230615093854540,6.56,6.56,6.578427118207571
20230615093854600,6.56,6.56,6.578367988704916
20230615093854770,6.56,6.56,6.578367988704916
20230615093854900,6.56,6.56,6.578367988704916
20230615093855020,6.56,6.56,6.578367988704916
20230615093855030,6.56,6.56,6.578365631416838
20230615093855220,6.56,6.56,6.578365631416838
20230615093855420,6.56,6.56,6.578365631416838
20230615093855590,6.56,6.56,6.578365631416838
20230615093855730,6.56,6.56,6.578365631416838
20230615093855780,6.56,6.56,6.578365631416838
20230615093857570,6.56,6.56,6.578365631416838
20230615093857820,6.56,6.56,6.578365631416838
20230615093857910,6.56,6.56,6.578365631416838
20230615093857930,6.56,6.56,6.578365631416838
20230615093858080,6.56,6.56,6.578365631416838
20230615093858090,6.56,6.56,6.578365631416838
20230615093858110,6.56,6.56,6.578365631416838
20230615093858120,6.56,6.56,6.578365631416838
20230615093858200,6.56,6.56,6.578365631416838
20230615093858390,6.56,6.56,6.578365631416838
20230615093858480,6.56,6.56,6.578365631416838
20230615093900070,6.56,6.56,6.578365631416838
20230615093900100,6.56,6.56,6.578151319127347
20230615093900110,6.56,6.56,6.578038066427176
20230615093900120,6.56,6.56,6.578038066427176
20230615093900140,6.56,6.56,6.578038066427176
20230615093900580,6.56,6.56,6.578038066427176
20230615093900690,6.56,6.56,6.578038066427176
20230615093901090,6.56,6.56,6.578038066427176
20230615093901100,6.56,6.56,6.578038066427176
20230615093901160,6.56,6.56,6.578038066427176
20230615093902630,6.56,6.56,6.578035793055643
20230615093902940,6.56,6.56,6.578019895485739
20230615093902980,6.56,6.56,6.578019895485739
20230615093903080,6.56,6.56,6.578019895485739
20230615093903140,6.56,6.56,6.578019895485739
20230615093903280,6.56,6.56,6.578019895485739
20230615093903550,6.56,6.56,6.578019895485739
20230615093905400,6.56,6.56,6.578019895485739
20230615093905480,6.57,6.56,6.578001761117052
20230615093905510,6.57,6.56,6.578001761117052
20230615093905540,6.57,6.56,6.577979144418619
20230615093905670,6.57,6.56,6.577979144418619
20230615093908170,6.57,6.56,6.577979144418619
20230615093908570,6.57,6.56,6.577979144418619
20230615093910810,6.57,6.56,6.577979144418619
20230615093910930,6.57,6.56,6.577979144418619
20230615093911080,6.57,6.56,6.577979144418619
20230615093911120,6.57,6.56,6.577979144418619
20230615093911250,6.57,6.56,6.577979144418619
20230615093911780,6.57,6.56,6.577979144418619
20230615093911810,6.57,6.56,6.5779644740145615
20230615093913530,6.57,6.56,6.5779644740145615
20230615093913710,6.57,6.56,6.5779644740145615
20230615093913720,6.57,6.56,6.5779644740145615
20230615093913730,6.57,6.56,6.5779644740145615
20230615093913810,6.57,6.56,6.5779644740145615
20230615093913840,6.57,6.56,6.5779644740145615
20230615093913880,6.57,6.56,6.5779644740145615
20230615093913900,6.57,6.56,6.577955485893417
20230615093913920,6.57,6.56,6.577955485893417
20230615093914020,6.57,6.56,6.577955485893417
20230615093914030,6.57,6.56,6.5779543602281985
20230615093914090,6.57,6.56,6.5779543602281985
20230615093914100,6.57,6.56,6.5779543602281985
20230615093914500,6.57,6.56,6.5779543602281985
20230615093916200,6.57,6.56,6.5779543602281985
20230615093916220,6.57,6.56,6.5779543602281985
20230615093916270,6.57,6.56,6.5779543602281985
20230615093916370,6.57,6.56,6.577948734018551
20230615093916610,6.57,6.56,6.577948734018551
20230615093916660,6.57,6.56,6.577948734018551
20230615093916810,6.57,6.56,6.577948734018551
20230615093916890,6.57,6.56,6.577945248386895
20230615093917030,6.57,6.56,6.577935306262904
20230615093917040,6.57,6.56,6.577935306262904
20230615093917070,6.57,6.56,6.577935306262904
20230615093917270,6.57,6.56,6.577934809809809
20230615093917310,6.57,6.56,6.577932824618464
20230615093919100,6.57,6.56,6.577930581613509
20230615093919120,6.57,6.56,6.577928598224334
20230615093919160,6.57,6.56,6.577928598224334
20230615093919210,6.57,6.56,6.577928598224334
20230615093919560,6.57,6.56,6.577928598224334
20230615093919680,6.57,6.56,6.577928598224334
20230615093921520,6.57,6.56,6.577928598224334
20230615093921710,6.57,6.56,6.577928598224334
20230615093921880,6.57,6.56,6.577928598224334
20230615093922100,6.57,6.56,6.577926356589147
20230615093922230,6.57,6.56,6.577926356589147
20230615093922260,6.57,6.56,6.577926356589147
20230615093922520,6.57,6.56,6.577926356589147
20230615093922590,6.57,6.56,6.577926356589147
20230615093922710,6.57,6.56,6.577926356589147
20230615093922730,6.57,6.56,6.577926356589147
20230615093924500,6.57,6.56,6.577916458541458
20230615093924790,6.57,6.56,6.577916458541458
20230615093924820,6.57,6.56,6.577908631342445
20230615093924910,6.57,6.56,6.577886305553824
20230615093927130,6.57,6.56,6.577864035360767
20230615093927180,6.57,6.56,6.577864035360767
20230615093927210,6.57,6.56,6.577864035360767
20230615093927370,6.57,6.56,6.577864035360767
20230615093927970,6.57,6.56,6.577864035360767
20230615093928140,6.57,6.56,6.577846259095715
20230615093929740,6.57,6.56,6.577846259095715
20230615093930000,6.57,6.56,6.577846259095715
20230615093930010,6.57,6.56,6.577846259095715
20230615093930170,6.57,6.56,6.577803077304877
20230615093930650,6.57,6.56,6.577803077304877
20230615093930710,6.57,6.56,6.577803077304877
20230615093930800,6.57,6.56,6.577802109181142
20230615093932320,6.57,6.56,6.577802109181142
20230615093932770,6.57,6.56,6.577802109181142
20230615093933560,6.57,6.56,6.577802109181142
20230615093935230,6.57,6.56,6.577802109181142
20230615093935270,6.57,6.56,6.577802109181142
20230615093935370,6.57,6.56,6.577799689922481
20230615093937960,6.57,6.56,6.577799689922481
20230615093938220,6.57,6.56,6.577799689922481
20230615093938420,6.57,6.56,6.577799689922481
20230615093938520,6.57,6.56,6.577799689922481
20230615093938600,6.57,6.56,6.577777158429332
20230615093938630,6.57,6.56,6.577777158429332
20230615093938800,6.57,6.56,6.577777158429332
20230615093938860,6.57,6.56,6.577777158429332
20230615093938920,6.57,6.56,6.577777158429332
20230615093940430,6.57,6.56,6.577777158429332
20230615093940510,6.57,6.56,6.577777158429332
20230615093941230,6.57,6.56,6.577777158429332
20230615093941530,6.57,6.56,6.577777158429332
20230615093943120,6.57,6.56,6.577777158429332
20230615093943440,6.57,6.56,6.577777158429332
20230615093943530,6.57,6.56,6.577777158429332
20230615093943570,6.57,6.56,6.577777158429332
20230615093943590,6.57,6.56,6.577777158429332
20230615093943640,6.57,6.56,6.577777158429332
20230615093943660,6.57,6.56,6.577777158429332
20230615093943990,6.57,6.56,6.577772206747137
20230615093944340,6.57,6.56,6.577772206747137
20230615093946090,6.57,6.56,6.577771244661757
20230615093946550,6.57,6.56,6.577771244661757
20230615093946720,6.57,6.56,6.577771244661757
20230615093949090,6.57,6.56,6.577763963629616
20230615093949100,6.57,6.56,6.577763963629616
20230615093949140,6.57,6.56,6.577763963629616
20230615093949150,6.57,6.56,6.577763963629616
20230615093949180,6.57,6.56,6.577763963629616
20230615093949690,6.57,6.56,6.577763963629616
20230615093951570,6.57,6.56,6.577763963629616
20230615093951620,6.57,6.56,6.577763963629616
20230615093951690,6.57,6.56,6.577761563195647
20230615093951890,6.57,6.56,6.577761563195647
20230615093952100,6.57,6.56,6.577761563195647
20230615093952260,6.57,6.56,6.577761563195647
20230615093952310,6.57,6.56,6.577761563195647
20230615093952430,6.57,6.56,6.577761563195647
20230615093952460,6.57,6.56,6.577761563195647
20230615093954140,6.57,6.56,6.577761563195647
20230615093954500,6.57,6.56,6.577761563195647
20230615093954650,6.57,6.56,6.577761563195647
20230615093956950,6.57,6.56,6.577522208883553
20230615093956960,6.57,6.56,6.577522208883553
20230615093957030,6.57,6.56,6.577522208883553
20230615093957100,6.57,6.56,6.577522208883553
20230615093957150,6.57,6.56,6.577522208883553
20230615093957410,6.57,6.56,6.5775213059656705
20230615093957480,6.57,6.56,6.5775213059656705
20230615093959680,6.57,6.56,6.5775213059656705
20230615093959710,6.57,6.56,6.5775213059656705
20230615093959720,6.57,6.56,6.577520854588009
20230615094000040,6.57,6.56,6.577519500780031
20230615094000210,6.57,6.56,6.577518598512119
20230615094000300,6.57,6.56,6.577518598512119
20230615094000400,6.57,6.56,6.577227637118634
20230615094000410,6.57,6.57,6.577227637118634
20230615094000460,6.57,6.57,6.577227637118634
20230615094000510,6.57,6.57,6.577227637118634
20230615094002110,6.57,6.57,6.577227637118634
20230615094002150,6.57,6.57,6.577227637118634
20230615094002270,6.57,6.57,6.577227637118634
20230615094002870,6.57,6.57,6.577205172413793
20230615094003190,6.57,6.57,6.577205172413793
20230615094005110,6.57,6.57,6.577205172413793
20230615094005160,6.57,6.57,6.577205172413793
20230615094005190,6.57,6.57,6.577205172413793
20230615094005280,6.57,6.57,6.577205172413793
20230615094005290,6.57,6.57,6.577205172413793
20230615094005540,6.57,6.57,6.577205172413793
20230615094005840,6.57,6.57,6.577205172413793
20230615094007960,6.57,6.57,6.577205172413793
20230615094008030,6.57,6.57,6.577205172413793
20230615094008220,6.57,6.57,6.577205172413793
20230615094008230,6.59,6.58,6.577424122040362
20230615094008240,6.59,6.58,6.577424122040362
20230615094008260,6.59,6.58,6.577424122040362
20230615094008270,6.59,6.58,6.577657975221606
20230615094008280,6.59,6.58,6.577657975221606
20230615094008290,6.59,6.58,6.5777159219894745
20230615094008340,6.59,6.58,6.577720356903399
20230615094008350,6.6,6.58,6.577729122662408
20230615094008410,6.6,6.58,6.577729122662408
20230615094008500,6.6,6.58,6.577729122662408
20230615094008550,6.6,6.58,6.577729122662408
20230615094008560,6.6,6.58,6.577729754790851
20230615094008670,6.6,6.58,6.577729871735435
20230615094010120,6.6,6.59,6.577729871735435
20230615094010150,6.6,6.59,6.577729871735435
20230615094010160,6.6,6.58,6.577729871735435
20230615094010210,6.6,6.58,6.577729871735435
20230615094010220,6.6,6.58,6.577729871735435
20230615094010240,6.6,6.58,6.577729871735435
20230615094010250,6.59,6.58,6.577735557615076
20230615094010280,6.6,6.59,6.577736820428336
20230615094010300,6.6,6.59,6.577743130595863
20230615094010680,6.6,6.59,6.577743130595863
20230615094010920,6.6,6.59,6.577743130595863
20230615094011010,6.6,6.59,6.577744391850175
20230615094011060,6.6,6.59,6.577744391850175
20230615094011220,6.6,6.59,6.577744391850175
20230615094013070,6.6,6.59,6.577748174056167
20230615094013080,6.6,6.59,6.577748174056167
20230615094013140,6.6,6.59,6.577748174056167
20230615094013160,6.6,6.59,6.577748174056167
20230615094013200,6.6,6.59,6.577748174056167
20230615094013270,6.6,6.59,6.577748174056167
20230615094013600,6.6,6.59,6.577748174056167
20230615094013720,6.6,6.59,6.577748174056167
20230615094014020,6.6,6.59,6.577748804196883
20230615094014030,6.6,6.59,6.577750064283878
20230615094015610,6.6,6.59,6.577750064283878
20230615094015910,6.6,6.59,6.577750064283878
20230615094015950,6.6,6.59,6.5777506942301756
20230615094016040,6.6,6.59,6.57775950668037
20230615094016050,6.6,6.59,6.577763908152257
20230615094016080,6.6,6.59,6.57776893453145
20230615094016110,6.6,6.59,6.577773499666307
20230615094016220,6.6,6.59,6.577807678507355
20230615094016260,6.6,6.59,6.577807678507355
20230615094018460,6.6,6.59,6.577807678507355
20230615094018860,6.6,6.61,6.577807678507355
20230615094019020,6.6,6.61,6.577807678507355
20230615094019110,6.6,6.61,6.577807678507355
20230615094019130,6.6,6.61,6.577807678507355
20230615094019140,6.6,6.61,6.577807678507355
20230615094019160,6.6,6.61,6.577807678507355
20230615094019200,6.6,6.61,6.577807678507355
20230615094019250,6.6,6.59,6.577807678507355
20230615094019440,6.6,6.59,6.577807678507355
20230615094020980,6.6,6.59,6.577807678507355
20230615094021020,6.6,6.59,6.577807678507355
20230615094021120,6.6,6.59,6.577807678507355
20230615094021180,6.6,6.59,6.577807678507355
20230615094021190,6.6,6.59,6.577807678507355
20230615094021250,6.6,6.59,6.577807678507355
20230615094021340,6.6,6.59,6.577807678507355
20230615094021440,6.6,6.59,6.577807678507355
20230615094021450,6.6,6.59,6.577807678507355
20230615094021520,6.6,6.59,6.577807678507355
20230615094021770,6.6,6.59,6.577807678507355
20230615094021890,6.6,6.59,6.577807678507355
20230615094021980,6.6,6.59,6.577807678507355
20230615094022060,6.6,6.59,6.577807678507355
20230615094022120,6.6,6.59,6.577807678507355
20230615094022150,6.6,6.59,6.577807678507355
20230615094023830,6.6,6.59,6.577807678507355
20230615094024090,6.6,6.59,6.577807678507355
20230615094024110,6.6,6.59,6.577807678507355
20230615094024320,6.6,6.59,6.577807678507355
20230615094024360,6.6,6.59,6.577807678507355
20230615094024370,6.6,6.59,6.577807678507355
20230615094024380,6.6,6.59,6.577807678507355
20230615094024740,6.6,6.59,6.577807678507355
20230615094029210,6.6,6.59,6.577950461882042
20230615094029830,6.6,6.59,6.577950461882042
20230615094029900,6.6,6.59,6.577950461882042
20230615094031760,6.6,6.59,6.577950461882042
20230615094032610,6.6,6.59,6.577980739989863
20230615094032660,6.6,6.59,6.577980739989863
20230615094034460,6.6,6.59,6.577980739989863
20230615094034560,6.6,6.59,6.577980739989863
20230615094034690,6.6,6.59,6.577980739989863
20230615094034770,6.6,6.59,6.577980739989863
20230615094034940,6.6,6.59,6.577980739989863
20230615094034970,6.6,6.59,6.577980739989863
20230615094035140,6.6,6.59,6.577980739989863
20230615094035460,6.6,6.59,6.577980739989863
20230615094037120,6.6,6.59,6.577980739989863
20230615094037440,6.6,6.59,6.577980739989863
20230615094037710,6.6,6.59,6.577980739989863
20230615094037730,6.6,6.59,6.577980739989863
20230615094037830,6.6,6.59,6.577980739989863
20230615094038140,6.6,6.59,6.577980739989863
20230615094040020,6.6,6.59,6.577980739989863
20230615094040050,6.6,6.59,6.577980739989863
20230615094040250,6.6,6.59,6.577980739989863
20230615094040270,6.6,6.59,6.577980739989863
20230615094040430,6.6,6.59,6.577980739989863
20230615094040860,6.6,6.59,6.5780976863753216
20230615094040950,6.6,6.59,6.5780976863753216
20230615094042520,6.6,6.59,6.578104308390023
20230615094042580,6.6,6.59,6.578104308390023
20230615094042830,6.6,6.59,6.578104308390023
20230615094043220,6.6,6.59,6.578104308390023
20230615094043690,6.6,6.59,6.578104308390023
20230615094045270,6.6,6.59,6.578104308390023
20230615094045480,6.6,6.59,6.578104308390023
20230615094045620,6.6,6.59,6.578104308390023
20230615094045770,6.6,6.59,6.578104308390023
20230615094046040,6.6,6.59,6.578104308390023
20230615094047980,6.6,6.59,6.578104308390023
20230615094047990,6.6,6.59,6.578104308390023
20230615094048180,6.6,6.59,6.578104308390023
20230615094048790,6.6,6.59,6.578104308390023
20230615094048870,6.6,6.59,6.578104308390023
20230615094048900,6.6,6.59,6.578104308390023
20230615094049000,6.6,6.59,6.578104308390023
20230615094050660,6.6,6.59,6.578104308390023
20230615094050870,6.6,6.59,6.578123049038365
20230615094050940,6.6,6.59,6.578123049038365
20230615094051130,6.6,6.59,6.578123049038365
20230615094051190,6.6,6.59,6.578123049038365
20230615094053610,6.6,6.59,6.578123049038365
20230615094054200,6.6,6.59,6.578123049038365
20230615094054230,6.6,6.59,6.578123049038365
20230615094058790,6.6,6.59,6.578123049038365
20230615094059030,6.6,6.59,6.578123049038365
20230615094059170,6.6,6.59,6.578123049038365
20230615094059200,6.6,6.59,6.578123049038365
20230615094059220,6.6,6.59,6.578123049038365
20230615094059900,6.6,6.59,6.578123049038365
20230615094101540,6.6,6.59,6.578123049038365
20230615094101610,6.6,6.59,6.578123049038365
20230615094101790,6.6,6.59,6.578123049038365
20230615094101850,6.6,6.59,6.578123049038365
20230615094102090,6.6,6.59,6.578123049038365
20230615094102420,6.6,6.59,6.578123049038365
20230615094104300,6.6,6.59,6.578123049038365
20230615094104480,6.6,6.59,6.578123049038365
20230615094104560,6.6,6.59,6.578123049038365
20230615094104600,6.6,6.59,6.578123049038365
20230615094104610,6.6,6.59,6.578123049038365
20230615094104630,6.6,6.59,6.578123049038365
20230615094105120,6.6,6.59,6.578123049038365
20230615094105220,6.6,6.59,6.578123049038365
20230615094105240,6.6,6.59,6.578123049038365
20230615094105270,6.6,6.59,6.578123049038365
20230615094105300,6.6,6.59,6.578123049038365
20230615094105310,6.6,6.59,6.578123049038365
20230615094106910,6.6,6.59,6.578123049038365
20230615094107040,6.6,6.59,6.578123049038365
20230615094107070,6.6,6.59,6.578123049038365
20230615094107080,6.6,6.59,6.578123049038365
20230615094107090,6.6,6.59,6.578123049038365
20230615094107110,6.6,6.59,6.578123049038365
20230615094107180,6.6,6.59,6.578123049038365
20230615094107230,6.6,6.59,6.578123049038365
20230615094107330,6.6,6.59,6.578123049038365
20230615094107370,6.6,6.59,6.578123049038365
20230615094107420,6.6,6.59,6.578123049038365
20230615094107520,6.6,6.59,6.578123049038365
20230615094107710,6.6,6.59,6.578123049038365
20230615094107730,6.6,6.59,6.578123049038365
20230615094107980,6.6,6.59,6.578123049038365
20230615094108020,6.6,6.59,6.578123049038365
20230615094109650,6.6,6.59,6.578123049038365
20230615094109740,6.6,6.59,6.578319528989123
20230615094110010,6.6,6.59,6.578319528989123
20230615094110060,6.6,6.59,6.578319528989123
20230615094110110,6.6,6.59,6.578319528989123
20230615094110170,6.6,6.59,6.578319528989123
20230615094110380,6.6,6.59,6.578319528989123
20230615094110600,6.6,6.59,6.578319528989123
20230615094110760,6.6,6.59,6.578319528989123
20230615094112270,6.6,6.59,6.578319528989123
20230615094112650,6.6,6.59,6.578319528989123
20230615094113080,6.6,6.59,6.578319528989123
20230615094113110,6.6,6.59,6.578319528989123
20230615094113150,6.6,6.59,6.578319528989123
20230615094113310,6.6,6.59,6.578319528989123
20230615094113380,6.6,6.59,6.578319528989123
20230615094115430,6.6,6.59,6.578319528989123
20230615094115690,6.6,6.59,6.578319528989123
20230615094116050,6.6,6.59,6.578319528989123
20230615094117740,6.6,6.59,6.578319528989123
20230615094117770,6.6,6.59,6.578319528989123
20230615094117780,6.6,6.59,6.578319528989123
20230615094117790,6.6,6.59,6.578319528989123
20230615094118430,6.6,6.59,6.578319528989123
20230615094118860,6.6,6.59,6.578319528989123
20230615094120590,6.6,6.59,6.578319528989123
20230615094121180,6.6,6.59,6.578319528989123
20230615094121460,6.6,6.59,6.578319528989123
20230615094123000,6.6,6.59,6.578319528989123
20230615094123450,6.6,6.59,6.578319528989123
20230615094123640,6.6,6.59,6.578319528989123
20230615094123940,6.6,6.59,6.578319528989123
20230615094123950,6.6,6.59,6.578319528989123
20230615094124000,6.6,6.59,6.578319528989123
20230615094125780,6.6,6.59,6.578319528989123
20230615094126140,6.6,6.59,6.578319528989123
20230615094126710,6.6,6.59,6.578319528989123
20230615094126800,6.6,6.59,6.578319528989123
20230615094128760,6.6,6.59,6.578319528989123
20230615094129230,6.6,6.59,6.578319528989123
20230615094129240,6.6,6.59,6.578319528989123
20230615094129430,6.6,6.59,6.578319528989123
20230615094129560,6.6,6.59,6.578319528989123
20230615094129580,6.6,6.59,6.578319528989123
20230615094131300,6.6,6.59,6.578377786624204
20230615094131350,6.6,6.59,6.578377786624204
20230615094131540,6.6,6.59,6.578475128306356
20230615094131910,6.6,6.59,6.578475128306356
20230615094132040,6.6,6.59,6.578475128306356
20230615094132090,6.6,6.59,6.578475128306356
20230615094132160,6.6,6.59,6.578475128306356
20230615094134090,6.6,6.59,6.578475128306356
20230615094134400,6.6,6.59,6.578475128306356
20230615094134410,6.6,6.59,6.57849640358656
20230615094134530,6.6,6.59,6.57849640358656
20230615094134770,6.6,6.59,6.57849640358656
20230615094136620,6.6,6.59,6.57849640358656
20230615094136670,6.6,6.59,6.578523420586499
20230615094136720,6.6,6.59,6.578523420586499
20230615094136880,6.6,6.59,6.5785434793294995
20230615094136930,6.6,6.59,6.5785434793294995
20230615094137100,6.6,6.59,6.5785434793294995
20230615094137420,6.6,6.59,6.5785434793294995
20230615094137720,6.6,6.59,6.578568763195365
20230615094139240,6.6,6.59,6.578568763195365
20230615094139330,6.6,6.59,6.578568763195365
20230615094139740,6.6,6.59,6.578568763195365
20230615094140080,6.6,6.59,6.578568763195365
20230615094140110,6.6,6.59,6.578568763195365
20230615094141980,6.6,6.59,6.578568763195365
20230615094142120,6.6,6.59,6.578568763195365
20230615094142130,6.6,6.59,6.5785698153967
20230615094142250,6.6,6.59,6.5785698153967
20230615094143050,6.6,6.59,6.5785698153967
20230615094144720,6.6,6.59,6.5785698153967
20230615094144750,6.6,6.59,6.5785698153967
20230615094145190,6.6,6.59,6.5785698153967
20230615094145230,6.6,6.59,6.578580679978414
20230615094145530,6.6,6.59,6.578580679978414
20230615094147680,6.6,6.59,6.578591183249154
20230615094148320,6.6,6.59,6.57859328266732
20230615094148370,6.6,6.59,6.57859328266732
20230615094150230,6.6,6.59,6.57859328266732
20230615094150450,6.6,6.59,6.57859328266732
20230615094150880,6.6,6.59,6.57859328266732
20230615094151100,6.6,6.59,6.57859328266732
20230615094151170,6.6,6.59,6.57859328266732
20230615094151210,6.6,6.59,6.57859328266732
20230615094153280,6.6,6.59,6.57859328266732
20230615094153700,6.6,6.59,6.57859328266732
20230615094155580,6.6,6.59,6.57859328266732
20230615094156150,6.6,6.59,6.57859328266732
20230615094159080,6.6,6.59,6.57859328266732
20230615094159300,6.6,6.59,6.57859328266732
20230615094200840,6.6,6.59,6.57859328266732
20230615094201090,6.6,6.59,6.57859328266732
20230615094201160,6.6,6.59,6.57859328266732
20230615094201210,6.6,6.59,6.5788114535306965
20230615094201270,6.6,6.59,6.5788114535306965
20230615094201540,6.6,6.59,6.5788114535306965
20230615094201580,6.6,6.59,6.5788114535306965
20230615094201740,6.6,6.59,6.5788114535306965
20230615094201840,6.6,6.59,6.5788114535306965
20230615094201970,6.6,6.59,6.5788114535306965
20230615094203550,6.6,6.59,6.5788114535306965
20230615094203600,6.6,6.59,6.578954446854664
20230615094203830,6.6,6.59,6.579019174395694
20230615094204090,6.6,6.59,6.579068462939879
20230615094204100,6.6,6.59,6.5790704697986575
20230615094204140,6.6,6.6,6.579075485262401
20230615094204150,6.6,6.6,6.579075485262401
20230615094204160,6.6,6.59,6.579076488066711
20230615094204170,6.6,6.59,6.579076488066711
20230615094204290,6.6,6.59,6.579076488066711
20230615094204520,6.6,6.6,6.57908150064683
20230615094204550,6.6,6.6,6.57908150064683
20230615094204640,6.6,6.6,6.57908150064683
20230615094204720,6.6,6.6,6.57908150064683
20230615094204750,6.6,6.59,6.579088514225501
20230615094204760,6.6,6.59,6.579088514225501
20230615094206240,6.6,6.59,6.579088514225501
20230615094206300,6.6,6.59,6.579088514225501
20230615094206380,6.6,6.59,6.579088514225501
20230615094206550,6.6,6.59,6.579088514225501
20230615094206720,6.6,6.6,6.579088514225501
20230615094206860,6.6,6.6,6.579088514225501
20230615094207040,6.6,6.59,6.579088514225501
20230615094207050,6.6,6.59,6.579088514225501
20230615094207080,6.6,6.59,6.579088514225501
20230615094207090,6.6,6.59,6.579088514225501
20230615094207100,6.6,6.59,6.579088514225501
20230615094207120,6.6,6.59,6.579196054136485
20230615094207130,6.6,6.59,6.579196054136485
20230615094207140,6.6,6.59,6.579196054136485
20230615094207150,6.6,6.59,6.579196054136485
20230615094207160,6.6,6.59,6.579196054136485
20230615094207170,6.6,6.59,6.579196054136485
20230615094207180,6.6,6.59,6.579196054136485
20230615094207200,6.6,6.6,6.579196054136485
20230615094207220,6.6,6.6,6.579196054136485
20230615094207230,6.6,6.6,6.579196054136485
20230615094207280,6.6,6.6,6.579196054136485
20230615094207290,6.6,6.6,6.579196054136485
20230615094207300,6.6,6.6,6.579354884580746
20230615094207330,6.6,6.59,6.579354884580746
