Timestamp,ask1,bid1,VWAP
20230616093000110,5.98,7.3,6.65
20230616093000120,5.98,7.3,6.65
20230616093000130,5.98,7.3,6.65
20230616093000140,5.98,7.3,6.65
20230616093000150,5.98,7.3,6.65
20230616093000160,5.98,7.3,6.65
20230616093000170,5.98,7.3,6.65
20230616093000190,5.98,7.3,6.65
20230616093000200,5.98,7.3,6.65
20230616093000210,5.98,7.3,6.65
20230616093000220,5.98,7.3,6.65
20230616093000230,5.98,7.3,6.65
20230616093000530,5.98,7.3,6.65
20230616093000540,5.98,7.3,6.65
20230616093000550,5.98,7.3,6.65
20230616093000570,5.98,7.3,6.65
20230616093000580,5.98,7.28,6.641111111111111
20230616093000590,5.98,7.28,6.641111111111111
20230616093000600,5.98,7.28,6.641111111111111
20230616093000610,5.98,7.28,6.641111111111111
20230616093000620,5.98,7.28,6.641111111111111
20230616093000640,5.98,7.28,6.641098901098901
20230616093000650,5.98,6.66,6.641818181818182
20230616093000660,5.98,6.66,6.641818181818182
20230616093000670,5.98,6.66,6.641818181818182
20230616093000680,5.98,6.66,6.641818181818182
20230616093000690,5.98,6.66,6.641818181818182
20230616093000720,5.98,6.66,6.641818181818182
20230616093000730,5.98,6.66,6.641818181818182
20230616093000750,5.98,6.66,6.641818181818182
20230616093000760,5.98,6.66,6.641818181818182
20230616093000770,5.98,6.66,6.641818181818182
20230616093000780,5.98,6.66,6.641818181818182
20230616093000790,5.98,6.66,6.641818181818182
20230616093000810,5.98,6.66,6.641818181818182
20230616093000820,5.98,6.66,6.6418
20230616093000830,5.98,6.66,6.6418
20230616093000840,5.98,6.66,6.6418
20230616093000850,5.98,6.66,6.6418
20230616093000860,5.98,6.66,6.6418
20230616093000880,5.98,6.66,6.6418
20230616093001480,5.98,6.66,6.6418
20230616093001500,5.98,6.66,6.6418
20230616093001510,5.98,6.66,6.6418
20230616093001550,5.98,6.64,6.641153846153846
20230616093001560,5.98,6.64,6.641153846153846
20230616093001570,5.98,6.64,6.641153846153846
20230616093001590,5.98,6.64,6.641153846153846
20230616093001610,5.98,6.64,6.641153846153846
20230616093001650,5.98,6.66,6.6408520179372195
20230616093001660,5.98,6.66,6.6408520179372195
20230616093001680,5.98,6.66,6.6408520179372195
20230616093001710,5.98,6.66,6.6408520179372195
20230616093001720,5.98,6.66,6.6408520179372195
20230616093001770,5.98,6.66,6.6408520179372195
20230616093001780,5.98,6.66,6.6408520179372195
20230616093001790,5.98,6.66,6.6408520179372195
20230616093001800,5.98,6.66,6.6408520179372195
20230616093001810,5.98,6.66,6.6408520179372195
20230616093001850,5.98,6.66,6.6408520179372195
20230616093001860,5.98,6.66,6.6408520179372195
20230616093001870,5.98,6.66,6.6408520179372195
20230616093001880,5.98,6.66,6.6408520179372195
20230616093001900,5.98,6.66,6.6408520179372195
20230616093001910,5.98,6.66,6.6408520179372195
20230616093001930,5.98,6.66,6.6408520179372195
20230616093001940,5.98,6.66,6.6408520179372195
20230616093001960,5.98,6.66,6.6408520179372195
20230616093002000,5.98,6.66,6.6408520179372195
20230616093002030,5.98,6.66,6.6408520179372195
20230616093002040,5.98,6.66,6.6408520179372195
20230616093002060,5.98,6.66,6.6408520179372195
20230616093002080,5.98,6.66,6.6408520179372195
20230616093002090,5.98,6.66,6.6408520179372195
20230616093002100,5.98,6.65,6.6408520179372195
20230616093002110,5.98,6.64,6.6408520179372195
20230616093003090,5.98,6.64,6.6408520179372195
20230616093003100,5.98,6.64,6.6408520179372195
20230616093003130,5.98,6.64,6.6408520179372195
20230616093003140,5.98,6.64,6.6408520179372195
20230616093003160,5.98,6.64,6.641839464882943
20230616093003180,5.98,6.64,6.641839464882943
20230616093003190,5.98,6.64,6.641839464882943
20230616093003230,5.98,6.64,6.641839464882943
20230616093003240,5.98,6.64,6.6421035598705505
20230616093003270,5.98,6.64,6.6421035598705505
20230616093003310,5.98,6.64,6.6421035598705505
20230616093003380,5.98,6.64,6.6421035598705505
20230616093003390,5.98,6.64,6.642560975609756
20230616093003410,5.98,6.64,6.642560975609756
20230616093003500,5.98,6.64,6.642560975609756
20230616093003510,5.98,6.64,6.642560975609756
20230616093003530,5.98,6.64,6.642560975609756
20230616093003630,5.98,6.64,6.642560975609756
20230616093003640,5.98,6.64,6.642560975609756
20230616093003650,5.98,6.64,6.642560975609756
20230616093003660,5.98,6.64,6.642560975609756
20230616093003670,5.98,6.64,6.642560975609756
20230616093003690,5.98,6.64,6.642560975609756
20230616093003710,5.98,6.64,6.642560975609756
20230616093003730,5.98,6.64,6.642560975609756
20230616093003800,5.98,6.64,6.64260606060606
20230616093003810,5.98,6.64,6.64260606060606
20230616093003880,5.98,6.64,6.64260606060606
20230616093003890,5.98,6.64,6.64260606060606
20230616093003930,5.98,6.64,6.64260606060606
20230616093004000,5.98,6.64,6.64260606060606
20230616093004010,5.98,6.64,6.64260606060606
20230616093004040,5.98,6.64,6.64260606060606
20230616093004050,5.98,6.64,6.64260606060606
20230616093004130,5.98,6.64,6.64260606060606
20230616093005760,5.98,6.64,6.642650602409638
20230616093005870,5.98,6.64,6.642650602409638
20230616093005900,5.98,6.64,6.642650602409638
20230616093006030,5.98,6.64,6.642650602409638
20230616093006260,5.98,6.64,6.642650602409638
20230616093007010,5.98,6.64,6.642650602409638
20230616093007020,5.98,6.64,6.642650602409638
20230616093007030,5.98,6.64,6.642650602409638
20230616093007100,5.98,6.64,6.642650602409638
20230616093007130,5.98,6.64,6.642650602409638
20230616093007210,5.98,6.64,6.642543352601156
20230616093007420,5.98,6.64,6.642543352601156
20230616093007450,5.98,6.65,6.642543352601156
20230616093007460,5.98,6.65,6.642543352601156
20230616093007490,5.98,6.65,6.642543352601156
20230616093007590,5.98,6.65,6.642543352601156
20230616093007800,5.98,6.65,6.642543352601156
20230616093007880,5.98,6.65,6.642543352601156
20230616093008110,5.98,6.65,6.642543352601156
20230616093008150,5.98,6.65,6.642543352601156
20230616093012550,5.98,6.65,6.642543352601156
20230616093012700,5.98,6.65,6.642543352601156
20230616093012780,5.98,6.65,6.642543352601156
20230616093012830,5.98,6.65,6.642543352601156
20230616093012840,5.98,6.65,6.642543352601156
20230616093012850,5.98,6.65,6.642543352601156
20230616093012860,5.98,6.65,6.642543352601156
20230616093012870,5.98,6.65,6.642543352601156
20230616093012880,5.98,6.65,6.642543352601156
20230616093012890,5.98,6.65,6.642543352601156
20230616093012910,5.98,6.65,6.642543352601156
20230616093012920,5.98,6.65,6.642543352601156
20230616093012930,5.98,6.65,6.642543352601156
20230616093012950,5.98,6.65,6.642543352601156
20230616093012960,5.98,6.65,6.642543352601156
20230616093013010,5.98,6.65,6.642543352601156
20230616093013040,5.98,6.65,6.642543352601156
20230616093013060,5.98,6.65,6.642543352601156
20230616093013090,5.98,6.65,6.642543352601156
20230616093013170,5.98,6.65,6.642543352601156
20230616093013230,5.98,6.65,6.642543352601156
20230616093013240,5.98,6.65,6.642543352601156
20230616093013300,5.98,6.65,6.642543352601156
20230616093013350,5.98,6.65,6.642543352601156
20230616093013380,5.98,6.65,6.642543352601156
20230616093013820,5.98,6.65,6.642543352601156
20230616093013900,5.98,6.65,6.642543352601156
20230616093014030,5.98,6.65,6.642543352601156
20230616093014080,6.65,6.65,6.642543352601156
20230616093014100,6.65,6.65,6.642543352601156
20230616093014120,6.65,6.65,6.644625850340136
20230616093014280,6.65,6.65,6.644650112866817
20230616093014800,6.65,6.65,6.644650112866817
20230616093014840,6.65,6.65,6.644650112866817
20230616093014930,6.65,6.65,6.6446860986547085
20230616093014970,6.65,6.65,6.644779735682819
20230616093015020,6.65,6.65,6.644779735682819
20230616093015180,6.65,6.65,6.644779735682819
20230616093017520,6.65,6.65,6.644779735682819
20230616093017560,6.65,6.65,6.644779735682819
20230616093018030,6.65,6.65,6.644779735682819
20230616093018120,6.65,6.65,6.644779735682819
20230616093018180,6.65,6.65,6.644779735682819
20230616093018400,6.65,6.65,6.644779735682819
20230616093018460,6.65,6.65,6.644779735682819
20230616093018480,6.65,6.65,6.644779735682819
20230616093018620,6.65,6.65,6.644779735682819
20230616093020240,6.65,6.65,6.644779735682819
20230616093020260,6.65,6.65,6.644779735682819
20230616093020300,6.65,6.65,6.644779735682819
20230616093020310,6.65,6.65,6.644779735682819
20230616093020370,6.65,6.65,6.644779735682819
20230616093020760,6.65,6.65,6.644779735682819
20230616093021080,6.65,6.65,6.644779735682819
20230616093021120,6.65,6.65,6.644779735682819
20230616093021270,6.65,6.65,6.644779735682819
20230616093022990,6.65,6.65,6.644779735682819
20230616093023310,6.65,6.65,6.644779735682819
20230616093023470,6.65,6.65,6.644779735682819
20230616093023480,6.65,6.65,6.644779735682819
20230616093023490,6.65,6.65,6.644779735682819
20230616093023560,6.65,6.65,6.644779735682819
20230616093023680,6.65,6.65,6.644779735682819
20230616093023800,6.65,6.65,6.644779735682819
20230616093025540,6.65,6.65,6.644779735682819
20230616093025590,6.65,6.65,6.644779735682819
20230616093025820,6.65,6.65,6.644779735682819
20230616093025960,6.65,6.65,6.644779735682819
20230616093026010,6.65,6.65,6.644779735682819
20230616093026210,6.65,6.65,6.644779735682819
20230616093026720,6.65,6.64,6.644779735682819
20230616093028240,6.65,6.64,6.644779735682819
20230616093028480,6.65,6.64,6.644779735682819
20230616093028620,6.65,6.65,6.644779735682819
20230616093028920,6.65,6.65,6.644779735682819
20230616093029200,6.65,6.65,6.644779735682819
20230616093030970,6.65,6.65,6.644779735682819
20230616093030980,6.65,6.65,6.644779735682819
20230616093031090,6.65,6.65,6.644779735682819
20230616093031140,6.65,6.64,6.647116736990155
20230616093031160,6.65,6.64,6.647116736990155
20230616093031280,6.65,6.64,6.647116736990155
20230616093031310,6.65,6.64,6.647858942065491
20230616093031610,6.65,6.64,6.647858942065491
20230616093031790,6.65,6.64,6.647858942065491
20230616093032040,6.65,6.64,6.647858942065491
20230616093033580,6.65,6.64,6.647858942065491
20230616093033600,6.65,6.64,6.647858942065491
20230616093033640,6.65,6.65,6.647858942065491
20230616093033740,6.65,6.66,6.647858942065491
20230616093034070,6.65,6.66,6.647858942065491
20230616093034110,6.65,6.66,6.647858942065491
20230616093034170,6.65,6.66,6.647858942065491
20230616093034370,6.65,6.66,6.647858942065491
20230616093034390,6.65,6.66,6.647858942065491
20230616093034400,6.65,6.66,6.647858942065491
20230616093036530,6.65,6.66,6.647858942065491
20230616093036770,6.65,6.67,6.648408551068884
20230616093036850,6.65,6.67,6.648408551068884
20230616093036890,6.65,6.67,6.648408551068884
20230616093036900,6.65,6.66,6.648408551068884
20230616093037040,6.65,6.66,6.648408551068884
20230616093037080,6.65,6.66,6.648510638297872
20230616093037090,6.65,6.67,6.648661971830986
20230616093037100,6.65,6.66,6.648661971830986
20230616093037150,6.67,6.66,6.655503663003663
20230616093037170,6.67,6.66,6.655700525394045
20230616093037230,6.67,6.66,6.655700525394045
20230616093037250,6.67,6.66,6.655700525394045
20230616093037300,6.67,6.66,6.655700525394045
20230616093037350,6.67,6.66,6.655700525394045
20230616093037400,6.67,6.66,6.655700525394045
20230616093039030,6.67,6.66,6.655700525394045
20230616093039200,6.67,6.66,6.655700525394045
20230616093039230,6.67,6.66,6.655898538263113
20230616093039590,6.67,6.66,6.655898538263113
20230616093040080,6.67,6.66,6.655898538263113
20230616093040120,6.67,6.66,6.655898538263113
20230616093041730,6.67,6.66,6.655898538263113
20230616093041820,6.67,6.66,6.655905579399142
20230616093041830,6.67,6.66,6.655905579399142
20230616093041880,6.67,6.66,6.655933503836317
20230616093042080,6.67,6.66,6.655933503836317
20230616093042320,6.67,6.66,6.655933503836317
20230616093042660,6.67,6.66,6.655933503836317
20230616093044450,6.67,6.66,6.655981308411215
20230616093044510,6.67,6.66,6.655981308411215
20230616093044520,6.67,6.66,6.656038525963149
20230616093044640,6.67,6.66,6.656038525963149
20230616093044670,6.67,6.66,6.65607468879668
20230616093044860,6.67,6.66,6.65608623548922
20230616093044880,6.67,6.66,6.65608623548922
20230616093045370,6.67,6.66,6.65608623548922
20230616093045570,6.67,6.66,6.65608623548922
20230616093045610,6.67,6.66,6.65608623548922
20230616093047220,6.67,6.66,6.65608623548922
20230616093047240,6.67,6.66,6.65608623548922
20230616093049830,6.67,6.66,6.65608623548922
20230616093049910,6.67,6.66,6.65608623548922
20230616093052550,6.67,6.66,6.65608623548922
20230616093052890,6.67,6.66,6.65608623548922
20230616093053560,6.67,6.66,6.65608623548922
20230616093053600,6.67,6.66,6.65608623548922
20230616093055520,6.67,6.66,6.65608623548922
20230616093055760,6.67,6.66,6.65608623548922
20230616093055970,6.67,6.66,6.65608623548922
20230616093056080,6.67,6.66,6.65608623548922
20230616093058070,6.67,6.66,6.65608623548922
20230616093058080,6.67,6.66,6.65608623548922
20230616093058120,6.67,6.66,6.65608623548922
20230616093058150,6.67,6.66,6.65608623548922
20230616093058650,6.67,6.66,6.65608623548922
20230616093058690,6.67,6.66,6.65608623548922
20230616093058990,6.67,6.66,6.656708661417323
20230616093059060,6.67,6.66,6.656708661417323
20230616093059090,6.67,6.66,6.656708661417323
20230616093100750,6.67,6.66,6.656708661417323
20230616093100850,6.67,6.66,6.656708661417323
20230616093100930,6.67,6.66,6.656708661417323
20230616093101000,6.67,6.66,6.656708661417323
20230616093101030,6.67,6.66,6.656708661417323
20230616093101240,6.67,6.66,6.656708661417323
20230616093101800,6.67,6.66,6.656708661417323
20230616093103290,6.67,6.66,6.656708661417323
20230616093103370,6.67,6.66,6.656708661417323
20230616093103560,6.67,6.66,6.656708661417323
20230616093103680,6.67,6.66,6.656708661417323
20230616093103760,6.67,6.66,6.656708661417323
20230616093103960,6.67,6.66,6.656708661417323
20230616093104080,6.67,6.66,6.656708661417323
20230616093104120,6.67,6.66,6.656708661417323
20230616093105980,6.67,6.66,6.657104660045836
20230616093105990,6.67,6.66,6.657104660045836
20230616093106090,6.67,6.66,6.657104660045836
20230616093106160,6.67,6.66,6.657104660045836
20230616093106240,6.67,6.66,6.657104660045836
20230616093106290,6.67,6.66,6.657104660045836
20230616093106310,6.67,6.66,6.657104660045836
20230616093106320,6.67,6.66,6.657104660045836
20230616093106330,6.67,6.66,6.657104660045836
20230616093106340,6.67,6.66,6.657104660045836
20230616093106360,6.67,6.66,6.657104660045836
20230616093106720,6.67,6.66,6.657104660045836
20230616093106850,6.67,6.66,6.657104660045836
20230616093107080,6.67,6.66,6.657104660045836
20230616093107090,6.67,6.66,6.657289156626506
20230616093107160,6.67,6.66,6.657289156626506
20230616093107170,6.67,6.66,6.658326417704011
20230616093107180,6.67,6.66,6.658326417704011
20230616093109010,6.67,6.66,6.658326417704011
20230616093109040,6.67,6.66,6.658326417704011
20230616093109150,6.67,6.66,6.658348122866895
20230616093109430,6.67,6.66,6.658348122866895
20230616093109460,6.67,6.66,6.658348122866895
20230616093109510,6.67,6.66,6.658516042780748
20230616093109530,6.67,6.66,6.658516042780748
20230616093109540,6.67,6.66,6.658592297476759
20230616093109590,6.67,6.66,6.6587344262295085
20230616093109810,6.67,6.66,6.6587344262295085
20230616093109840,6.67,6.66,6.6587344262295085
20230616093109900,6.67,6.66,6.6587344262295085
20230616093109920,6.67,6.66,6.658771241830065
20230616093111490,6.67,6.66,6.658771241830065
20230616093111510,6.67,6.66,6.658771241830065
20230616093111520,6.67,6.68,6.658771241830065
20230616093111660,6.67,6.66,6.658771241830065
20230616093111710,6.67,6.68,6.658771241830065
20230616093111780,6.67,6.66,6.658771241830065
20230616093111850,6.67,6.66,6.658771241830065
20230616093111860,6.67,6.66,6.658771241830065
20230616093112020,6.67,6.66,6.658771241830065
20230616093112030,6.67,6.66,6.658771241830065
20230616093112050,6.67,6.66,6.658771241830065
20230616093112470,6.67,6.66,6.6652808988764045
20230616093114060,6.67,6.66,6.6652808988764045
20230616093114100,6.67,6.66,6.6652808988764045
20230616093114110,6.67,6.66,6.6652808988764045
20230616093114120,6.67,6.66,6.6652808988764045
20230616093114130,6.67,6.66,6.6652808988764045
20230616093114150,6.67,6.66,6.6652808988764045
20230616093114250,6.67,6.66,6.6652808988764045
20230616093114330,6.67,6.66,6.6652808988764045
20230616093114380,6.67,6.66,6.6652808988764045
20230616093114470,6.67,6.66,6.6652808988764045
20230616093114630,6.67,6.66,6.6652808988764045
20230616093114720,6.67,6.66,6.6652808988764045
20230616093114750,6.67,6.66,6.6652808988764045
20230616093114960,6.67,6.66,6.666619784341304
20230616093114970,6.67,6.68,6.667039055404178
20230616093114980,6.67,6.68,6.667039055404178
20230616093114990,6.67,6.68,6.667039055404178
20230616093115000,6.67,6.68,6.667039055404178
20230616093115080,6.67,6.68,6.667039055404178
20230616093115090,6.67,6.68,6.667039055404178
20230616093115180,6.67,6.68,6.667039055404178
20230616093115230,6.67,6.68,6.667039055404178
20230616093115250,6.67,6.68,6.667039055404178
20230616093116780,6.68,6.67,6.667039055404178
20230616093116810,6.69,6.67,6.667039055404178
20230616093116910,6.69,6.67,6.667039055404178
20230616093117150,6.69,6.67,6.667039055404178
20230616093117370,6.69,6.67,6.667039055404178
20230616093117380,6.68,6.67,6.667039055404178
20230616093117390,6.69,6.67,6.667952320136228
20230616093117660,6.69,6.67,6.667952320136228
20230616093117690,6.69,6.67,6.667952320136228
20230616093117760,6.69,6.67,6.667952320136228
20230616093117840,6.68,6.67,6.667952320136228
20230616093117850,6.68,6.67,6.668173840367739
20230616093117940,6.68,6.67,6.668173840367739
20230616093117980,6.68,6.67,6.668173840367739
20230616093119700,6.68,6.67,6.668173840367739
20230616093119740,6.69,6.67,6.668376033057851
20230616093119750,6.69,6.67,6.668376033057851
20230616093119770,6.69,6.67,6.668376033057851
20230616093119820,6.69,6.67,6.668376033057851
20230616093120520,6.69,6.68,6.668376033057851
20230616093120590,6.7,6.68,6.6715568862275445
20230616093120600,6.7,6.68,6.673601628562481
20230616093120610,6.7,6.69,6.674133333333334
20230616093120620,6.7,6.69,6.674133333333334
20230616093120730,6.7,6.69,6.674133333333334
20230616093122170,6.69,6.69,6.674133333333334
20230616093122300,6.69,6.69,6.674133333333334
20230616093122320,6.69,6.69,6.674133333333334
20230616093122350,6.69,6.69,6.674133333333334
20230616093122390,6.69,6.69,6.674133333333334
20230616093122510,6.69,6.69,6.674133333333334
20230616093122610,6.69,6.69,6.674133333333334
20230616093122770,6.69,6.69,6.674133333333334
20230616093122800,6.69,6.69,6.674133333333334
20230616093122840,6.68,6.69,6.674217768471433
20230616093122850,6.69,6.69,6.674221225710015
20230616093122890,6.69,6.69,6.674221225710015
20230616093122900,6.69,6.69,6.674221225710015
20230616093123030,6.69,6.69,6.674221225710015
20230616093123070,6.69,6.69,6.674221225710015
20230616093123090,6.69,6.69,6.674221225710015
20230616093123170,6.69,6.69,6.674221225710015
20230616093123240,6.69,6.69,6.674221225710015
20230616093123260,6.69,6.69,6.674221225710015
20230616093123330,6.69,6.69,6.674221225710015
20230616093125060,6.69,6.69,6.674221225710015
20230616093125110,6.69,6.69,6.674221225710015
20230616093125200,6.7,6.68,6.675092250922509
20230616093125310,6.7,6.68,6.675092250922509
20230616093125320,6.7,6.68,6.675096426545661
20230616093125400,6.7,6.68,6.675096426545661
20230616093125410,6.7,6.68,6.675096426545661
20230616093125420,6.7,6.68,6.675096426545661
20230616093125430,6.7,6.68,6.675096426545661
20230616093125500,6.7,6.68,6.675096426545661
20230616093125640,6.7,6.68,6.675096426545661
20230616093127610,6.69,6.68,6.675096426545661
20230616093127770,6.69,6.68,6.675096426545661
20230616093127990,6.69,6.68,6.675096426545661
20230616093128090,6.7,6.68,6.675555250137438
20230616093128100,6.7,6.68,6.67557903402854
20230616093128120,6.7,6.68,6.675708457982051
20230616093128350,6.7,6.68,6.675708457982051
20230616093128470,6.7,6.68,6.6757472199620285
20230616093128800,6.69,6.68,6.6757472199620285
20230616093130330,6.69,6.68,6.6757472199620285
20230616093130420,6.69,6.68,6.6757472199620285
20230616093130630,6.69,6.68,6.6757472199620285
20230616093130820,6.69,6.68,6.6757472199620285
20230616093130830,6.69,6.68,6.6757472199620285
20230616093130890,6.69,6.68,6.6757472199620285
20230616093131040,6.69,6.68,6.6757472199620285
20230616093131050,6.69,6.68,6.6757472199620285
20230616093131190,6.7,6.68,6.675824116536282
20230616093131360,6.7,6.68,6.675824116536282
20230616093131450,6.7,6.68,6.675824116536282
20230616093131470,6.7,6.68,6.675824116536282
20230616093132980,6.7,6.68,6.675824116536282
20230616093133020,6.7,6.68,6.676006389776358
20230616093133320,6.7,6.68,6.676006389776358
20230616093133470,6.7,6.68,6.676006389776358
20230616093133620,6.7,6.68,6.676006389776358
20230616093133770,6.69,6.68,6.676006389776358
20230616093133810,6.69,6.68,6.676006389776358
20230616093133830,6.69,6.68,6.676006389776358
20230616093134110,6.69,6.68,6.676006389776358
20230616093135790,6.69,6.68,6.676006389776358
20230616093136100,6.69,6.68,6.676006389776358
20230616093136430,6.69,6.68,6.676006389776358
20230616093136500,6.69,6.68,6.676006389776358
20230616093136660,6.69,6.68,6.676006389776358
20230616093136740,6.69,6.68,6.676006389776358
20230616093136850,6.69,6.68,6.676006389776358
20230616093136860,6.69,6.68,6.676006389776358
20230616093138430,6.69,6.68,6.676006389776358
20230616093138490,6.69,6.68,6.676006389776358
20230616093138520,6.69,6.68,6.676006389776358
20230616093138850,6.69,6.68,6.676006389776358
20230616093138940,6.69,6.68,6.676006389776358
20230616093138950,6.69,6.68,6.676006389776358
20230616093138990,6.69,6.68,6.676006389776358
20230616093139010,6.69,6.68,6.676006389776358
20230616093139030,6.69,6.68,6.676097303014278
20230616093139230,6.69,6.68,6.676097303014278
20230616093141100,6.69,6.68,6.676097303014278
20230616093141460,6.69,6.68,6.676097303014278
20230616093141600,6.69,6.68,6.676097303014278
20230616093141640,6.69,6.68,6.676097303014278
20230616093141670,6.69,6.68,6.676097303014278
20230616093141830,6.69,6.68,6.676097303014278
20230616093142060,6.69,6.68,6.676097303014278
20230616093142290,6.69,6.68,6.676097303014278
20230616093143810,6.69,6.68,6.676097303014278
20230616093143930,6.69,6.68,6.676097303014278
20230616093143940,6.69,6.68,6.676097303014278
20230616093143980,6.69,6.68,6.676097303014278
20230616093144070,6.69,6.68,6.676097303014278
20230616093144140,6.69,6.68,6.676106568187813
20230616093144570,6.69,6.68,6.676106568187813
20230616093144790,6.69,6.68,6.676106568187813
20230616093146580,6.7,6.68,6.676106568187813
20230616093146840,6.69,6.68,6.676106568187813
20230616093147060,6.69,6.68,6.676106568187813
20230616093147120,6.69,6.68,6.676106568187813
20230616093147240,6.69,6.68,6.676106568187813
20230616093147340,6.69,6.68,6.676106568187813
20230616093147410,6.69,6.68,6.676106568187813
20230616093149380,6.69,6.68,6.676106568187813
20230616093149440,6.69,6.68,6.676106568187813
20230616093149480,6.69,6.68,6.676106568187813
20230616093149860,6.69,6.68,6.676106568187813
20230616093149930,6.69,6.68,6.676106568187813
20230616093149990,6.69,6.68,6.676106568187813
20230616093150200,6.7,6.68,6.676106568187813
20230616093150220,6.7,6.68,6.6765346281625355
20230616093150240,6.7,6.68,6.6765346281625355
20230616093150330,6.7,6.68,6.6765346281625355
20230616093152020,6.7,6.68,6.6765346281625355
20230616093152170,6.7,6.68,6.6765346281625355
20230616093152270,6.7,6.68,6.6765346281625355
20230616093152300,6.69,6.68,6.6765346281625355
20230616093152380,6.69,6.68,6.6765346281625355
20230616093152460,6.69,6.68,6.6765346281625355
20230616093152550,6.69,6.68,6.6765346281625355
20230616093152690,6.69,6.68,6.6765346281625355
20230616093152920,6.69,6.68,6.676737152692402
20230616093153000,6.69,6.68,6.676737152692402
20230616093153010,6.69,6.68,6.676737152692402
20230616093153090,6.69,6.68,6.676737152692402
20230616093154590,6.69,6.68,6.676752514103508
20230616093154700,6.69,6.68,6.676752514103508
20230616093154740,6.69,6.68,6.676752514103508
20230616093154790,6.69,6.68,6.676752514103508
20230616093155050,6.69,6.68,6.676752514103508
20230616093155070,6.69,6.68,6.676752514103508
20230616093155080,6.69,6.68,6.676765999022961
20230616093155440,6.69,6.68,6.676765999022961
20230616093155750,6.69,6.68,6.676765999022961
20230616093155760,6.69,6.68,6.6767667887667885
20230616093155810,6.69,6.68,6.6767667887667885
20230616093157350,6.69,6.68,6.6767667887667885
20230616093157400,6.69,6.68,6.6767667887667885
20230616093157430,6.69,6.68,6.676774665042631
20230616093157480,6.69,6.68,6.676774665042631
20230616093157670,6.69,6.68,6.676774665042631
20230616093158080,6.69,6.68,6.676793412448535
20230616093158140,6.69,6.68,6.676793412448535
20230616093158270,6.69,6.68,6.676793412448535
20230616093158500,6.69,6.68,6.676793412448535
20230616093200030,6.69,6.68,6.676793412448535
20230616093200180,6.69,6.68,6.676793412448535
20230616093200270,6.69,6.68,6.676793412448535
20230616093200310,6.69,6.68,6.676793412448535
20230616093200450,6.69,6.68,6.676793412448535
20230616093200490,6.69,6.68,6.676793412448535
20230616093200520,6.69,6.68,6.676793412448535
20230616093200580,6.69,6.68,6.676793412448535
20230616093200640,6.69,6.68,6.676793412448535
20230616093200720,6.69,6.68,6.676793412448535
20230616093200730,6.69,6.68,6.676793412448535
20230616093200810,6.69,6.68,6.676962750716332
20230616093200820,6.69,6.68,6.676962750716332
20230616093200840,6.69,6.68,6.676962750716332
20230616093200990,6.69,6.68,6.676962750716332
20230616093201060,6.69,6.68,6.676962750716332
20230616093201080,6.69,6.68,6.676962750716332
20230616093201120,6.69,6.68,6.676962750716332
20230616093201130,6.69,6.68,6.676962750716332
20230616093201230,6.69,6.68,6.676962750716332
20230616093202900,6.69,6.68,6.676962750716332
20230616093203110,6.69,6.68,6.676962750716332
20230616093203200,6.69,6.68,6.676984505363528
20230616093203420,6.69,6.68,6.676984505363528
20230616093203470,6.69,6.68,6.676984505363528
20230616093203570,6.69,6.68,6.676984505363528
20230616093203610,6.69,6.68,6.676984505363528
20230616093203750,6.68,6.68,6.6770087491132655
20230616093203790,6.68,6.68,6.677069045412419
20230616093203810,6.68,6.68,6.677069045412419
20230616093205380,6.68,6.68,6.677069045412419
20230616093205460,6.68,6.68,6.677069045412419
20230616093205560,6.68,6.68,6.677069045412419
20230616093205590,6.68,6.68,6.677069045412419
20230616093205670,6.68,6.68,6.677069045412419
20230616093205720,6.68,6.68,6.677069045412419
20230616093205760,6.68,6.68,6.677069045412419
20230616093205970,6.68,6.68,6.677069045412419
20230616093205990,6.68,6.68,6.677069045412419
20230616093206220,6.68,6.68,6.677069045412419
20230616093206320,6.68,6.68,6.677069045412419
20230616093206430,6.68,6.68,6.677069045412419
20230616093208100,6.68,6.68,6.677069045412419
20230616093208310,6.68,6.68,6.677069045412419
20230616093208460,6.68,6.68,6.677069045412419
20230616093208610,6.69,6.68,6.677236123748862
20230616093208780,6.69,6.68,6.677236123748862
20230616093208900,6.69,6.68,6.677236123748862
20230616093208990,6.69,6.68,6.677236123748862
20230616093209040,6.69,6.68,6.677236123748862
20230616093209060,6.69,6.68,6.677236123748862
20230616093209260,6.69,6.68,6.677236123748862
20230616093211180,6.69,6.68,6.677236123748862
20230616093211190,6.69,6.68,6.677236123748862
20230616093211250,6.69,6.68,6.677236123748862
20230616093211320,6.69,6.68,6.677236123748862
20230616093211540,6.69,6.68,6.677236123748862
20230616093211580,6.69,6.68,6.677236123748862
20230616093211600,6.69,6.68,6.677236123748862
20230616093211630,6.69,6.68,6.677236123748862
20230616093211640,6.69,6.68,6.677236123748862
20230616093211700,6.69,6.68,6.677236123748862
20230616093211750,6.69,6.68,6.677236123748862
20230616093211840,6.69,6.68,6.677236123748862
20230616093211880,6.69,6.68,6.677236123748862
20230616093212010,6.69,6.68,6.677236123748862
20230616093213590,6.69,6.68,6.677236123748862
20230616093213640,6.69,6.68,6.677236123748862
20230616093213780,6.69,6.68,6.677236123748862
20230616093213860,6.69,6.68,6.677236123748862
20230616093213950,6.69,6.68,6.677236123748862
20230616093214270,6.69,6.68,6.677236123748862
20230616093214310,6.69,6.68,6.677236123748862
20230616093214400,6.69,6.68,6.677236123748862
20230616093214510,6.69,6.68,6.677236123748862
20230616093216240,6.69,6.68,6.677236123748862
20230616093216470,6.69,6.68,6.677236123748862
20230616093216590,6.69,6.68,6.677236123748862
20230616093216600,6.69,6.68,6.677236123748862
20230616093216730,6.69,6.68,6.677236123748862
20230616093216880,6.69,6.68,6.677236123748862
20230616093217340,6.69,6.68,6.677236123748862
20230616093217380,6.69,6.68,6.677236123748862
20230616093217430,6.69,6.68,6.677236123748862
20230616093218890,6.69,6.68,6.677236123748862
20230616093218920,6.69,6.68,6.677236123748862
20230616093218970,6.69,6.68,6.677236123748862
20230616093219090,6.69,6.68,6.677236123748862
20230616093219120,6.69,6.68,6.677236123748862
20230616093219300,6.69,6.68,6.677236123748862
20230616093219570,6.69,6.68,6.677236123748862
20230616093219710,6.69,6.68,6.677236123748862
20230616093219930,6.69,6.68,6.677236123748862
20230616093219960,6.69,6.68,6.677236123748862
20230616093220060,6.69,6.68,6.677236123748862
20230616093220130,6.69,6.68,6.677236123748862
20230616093221570,6.69,6.68,6.677236123748862
20230616093221580,6.69,6.68,6.677236123748862
20230616093221930,6.69,6.68,6.677236123748862
20230616093222100,6.69,6.68,6.677236123748862
20230616093222160,6.69,6.68,6.677236123748862
20230616093222190,6.69,6.68,6.678155136268344
20230616093222540,6.69,6.68,6.678155136268344
20230616093222820,6.69,6.68,6.678155136268344
20230616093224310,6.69,6.68,6.678155136268344
20230616093224780,6.69,6.68,6.678155136268344
20230616093224900,6.69,6.68,6.678155136268344
20230616093224940,6.69,6.68,6.678155136268344
20230616093224950,6.69,6.68,6.678155136268344
20230616093225010,6.69,6.68,6.678176876437383
20230616093225150,6.69,6.68,6.678176876437383
20230616093225170,6.69,6.68,6.678176876437383
20230616093225200,6.69,6.68,6.678176876437383
20230616093225300,6.69,6.68,6.678176876437383
20230616093225410,6.69,6.68,6.678176876437383
20230616093226980,6.69,6.68,6.678176876437383
20230616093227010,6.69,6.68,6.678176876437383
20230616093227130,6.69,6.68,6.678176876437383
20230616093227280,6.69,6.68,6.678176876437383
20230616093227310,6.69,6.68,6.678176876437383
20230616093227320,6.69,6.68,6.678176876437383
20230616093227330,6.69,6.68,6.678176876437383
20230616093227380,6.69,6.68,6.678176876437383
20230616093227430,6.69,6.68,6.678176876437383
20230616093227650,6.69,6.68,6.678176876437383
20230616093227680,6.69,6.68,6.678176876437383
20230616093227710,6.69,6.68,6.678176876437383
20230616093227740,6.69,6.68,6.678176876437383
20230616093227750,6.69,6.68,6.678176876437383
20230616093227910,6.69,6.68,6.678176876437383
20230616093228130,6.69,6.68,6.678176876437383
20230616093228160,6.69,6.68,6.678176876437383
20230616093229690,6.69,6.68,6.678176876437383
20230616093229890,6.69,6.68,6.678176876437383
20230616093230050,6.69,6.68,6.678176876437383
20230616093230200,6.69,6.68,6.678176876437383
20230616093230380,6.69,6.68,6.678176876437383
20230616093230400,6.69,6.68,6.678176876437383
20230616093230450,6.69,6.68,6.678176876437383
20230616093230570,6.69,6.68,6.678347879033895
20230616093230840,6.69,6.68,6.678347879033895
20230616093230860,6.69,6.68,6.678347879033895
20230616093232570,6.69,6.68,6.678347879033895
20230616093232720,6.69,6.68,6.678347879033895
20230616093232730,6.69,6.68,6.678347879033895
20230616093232820,6.69,6.68,6.678367428800642
20230616093232910,6.69,6.68,6.678367428800642
20230616093233000,6.69,6.68,6.678367428800642
20230616093233010,6.69,6.68,6.678367756166032
20230616093233030,6.69,6.68,6.678367756166032
20230616093233050,6.69,6.68,6.678367756166032
20230616093233220,6.69,6.68,6.678369391025641
20230616093233390,6.69,6.68,6.678369391025641
20230616093233440,6.69,6.68,6.678369391025641
20230616093233520,6.69,6.68,6.678369391025641
20230616093235230,6.69,6.68,6.678369391025641
20230616093235290,6.69,6.68,6.678369391025641
20230616093235300,6.69,6.68,6.678369391025641
20230616093235310,6.69,6.68,6.678369391025641
20230616093235440,6.69,6.68,6.678369391025641
20230616093235550,6.69,6.68,6.678369391025641
20230616093235670,6.69,6.68,6.678369391025641
20230616093235700,6.69,6.68,6.678369391025641
20230616093235820,6.69,6.68,6.678369391025641
20230616093235850,6.69,6.68,6.678369391025641
20230616093235900,6.69,6.68,6.678369391025641
20230616093235930,6.69,6.68,6.678392642942823
20230616093236050,6.69,6.68,6.678392642942823
20230616093237800,6.69,6.68,6.678394248052726
20230616093237930,6.69,6.68,6.678394568690096
20230616093238580,6.69,6.68,6.678394568690096
20230616093238590,6.69,6.68,6.678394568690096
20230616093238610,6.69,6.68,6.678394568690096
20230616093238770,6.69,6.68,6.678394568690096
20230616093238900,6.69,6.68,6.678394568690096
20230616093239020,6.69,6.68,6.678394568690096
20230616093240470,6.69,6.68,6.678401516663341
20230616093240710,6.69,6.68,6.678401516663341
20230616093240760,6.69,6.68,6.678414489311164
20230616093240880,6.69,6.68,6.678414489311164
20230616093241000,6.69,6.68,6.678414489311164
20230616093241080,6.69,6.68,6.678414489311164
20230616093241530,6.69,6.68,6.678414489311164
20230616093241580,6.69,6.68,6.678414489311164
20230616093241610,6.69,6.68,6.67842229663187
20230616093241620,6.69,6.68,6.67842229663187
20230616093241700,6.69,6.68,6.67842229663187
20230616093243300,6.69,6.68,6.67842229663187
20230616093243380,6.69,6.68,6.67842229663187
20230616093243500,6.69,6.68,6.67842229663187
20230616093243540,6.69,6.68,6.67842229663187
20230616093243730,6.69,6.68,6.67842229663187
20230616093243800,6.69,6.68,6.67842229663187
20230616093243850,6.69,6.68,6.67842229663187
20230616093243950,6.69,6.68,6.678430642633229
20230616093243980,6.69,6.68,6.678430642633229
20230616093244180,6.69,6.68,6.678430642633229
20230616093244320,6.69,6.68,6.678430642633229
20230616093244430,6.69,6.68,6.678432178508515
20230616093245910,6.69,6.68,6.678432178508515
20230616093246050,6.69,6.68,6.678432178508515
20230616093246160,6.69,6.68,6.678432178508515
20230616093246460,6.69,6.68,6.678432178508515
20230616093246670,6.69,6.68,6.678432178508515
20230616093246810,6.69,6.68,6.678432178508515
20230616093246960,6.69,6.68,6.678432178508515
20230616093247020,6.69,6.68,6.678432178508515
20230616093247030,6.69,6.68,6.678432178508515
20230616093248640,6.69,6.68,6.678432178508515
20230616093248750,6.69,6.68,6.678432178508515
20230616093248780,6.69,6.68,6.678432178508515
20230616093248920,6.69,6.68,6.678432178508515
20230616093249170,6.69,6.68,6.678517583058092
20230616093249220,6.69,6.68,6.678517583058092
20230616093249280,6.69,6.68,6.678688336520077
20230616093249370,6.69,6.68,6.678752851711026
20230616093249430,6.69,6.68,6.678752851711026
20230616093249440,6.69,6.68,6.678752851711026
20230616093249550,6.69,6.68,6.678752851711026
20230616093249810,6.69,6.68,6.678752851711026
20230616093251370,6.69,6.68,6.678752851711026
20230616093251670,6.69,6.68,6.678752851711026
20230616093251700,6.69,6.68,6.678752851711026
20230616093251910,6.69,6.68,6.678752851711026
20230616093252000,6.69,6.68,6.678752851711026
20230616093252030,6.69,6.68,6.678752851711026
20230616093252230,6.69,6.68,6.678752851711026
20230616093252290,6.69,6.68,6.678752851711026
20230616093252390,6.69,6.68,6.678752851711026
20230616093252440,6.69,6.68,6.678773656320969
20230616093252460,6.69,6.68,6.678773656320969
20230616093254090,6.69,6.68,6.678773656320969
20230616093254130,6.69,6.68,6.678773656320969
20230616093254170,6.69,6.68,6.678773656320969
20230616093254330,6.69,6.68,6.678773656320969
20230616093254400,6.69,6.68,6.678773656320969
20230616093254470,6.69,6.68,6.678773656320969
20230616093254480,6.69,6.68,6.678773656320969
20230616093254510,6.69,6.68,6.678792616311923
20230616093254670,6.69,6.68,6.678792616311923
20230616093254720,6.69,6.68,6.678792616311923
20230616093254840,6.69,6.68,6.678792616311923
20230616093254890,6.69,6.68,6.678792616311923
20230616093255040,6.69,6.68,6.678792616311923
20230616093255060,6.69,6.68,6.678792616311923
20230616093255070,6.69,6.68,6.679429738852372
20230616093255080,6.69,6.68,6.679429738852372
20230616093255100,6.69,6.68,6.679429738852372
20230616093255110,6.69,6.68,6.679429738852372
20230616093255140,6.69,6.68,6.679498764560536
20230616093255160,6.69,6.68,6.679498764560536
20230616093256700,6.69,6.68,6.679498764560536
20230616093256730,6.69,6.68,6.679498764560536
20230616093256800,6.69,6.68,6.679498764560536
20230616093256850,6.69,6.68,6.679498764560536
20230616093256940,6.69,6.68,6.679498764560536
20230616093256950,6.69,6.68,6.679498764560536
20230616093257050,6.69,6.68,6.679498764560536
20230616093257230,6.69,6.68,6.679508023276318
20230616093257320,6.69,6.68,6.679508023276318
20230616093259480,6.69,6.68,6.679508023276318
20230616093259520,6.69,6.68,6.679508023276318
20230616093259590,6.69,6.68,6.679508023276318
20230616093259810,6.69,6.68,6.679508023276318
20230616093259860,6.69,6.68,6.679508023276318
20230616093259920,6.69,6.68,6.679508023276318
20230616093300170,6.69,6.68,6.679508023276318
20230616093300180,6.69,6.68,6.679508023276318
20230616093300360,6.69,6.69,6.679508023276318
20230616093300440,6.69,6.69,6.679508023276318
20230616093300540,6.69,6.69,6.679508023276318
20230616093302130,6.69,6.69,6.679508023276318
20230616093302170,6.69,6.69,6.679508023276318
20230616093302250,6.69,6.69,6.679508023276318
20230616093302260,6.69,6.68,6.679508023276318
20230616093302680,6.69,6.68,6.679508023276318
20230616093302780,6.69,6.68,6.679508023276318
20230616093302800,6.69,6.68,6.679508023276318
20230616093302810,6.69,6.68,6.679508023276318
20230616093302820,6.69,6.68,6.679508023276318
20230616093302830,6.69,6.68,6.679508023276318
20230616093302960,6.69,6.68,6.679524215552524
20230616093303000,6.69,6.68,6.679524215552524
20230616093303180,6.69,6.68,6.679524215552524
20230616093303190,6.69,6.68,6.679524215552524
20230616093303270,6.69,6.68,6.679524215552524
20230616093303280,6.69,6.68,6.679524215552524
20230616093303290,6.69,6.68,6.679524215552524
20230616093303300,6.69,6.68,6.679524215552524
20230616093304870,6.69,6.68,6.679524215552524
20230616093305130,6.69,6.68,6.679524215552524
20230616093305150,6.69,6.68,6.679524215552524
20230616093305230,6.69,6.68,6.679524215552524
20230616093305380,6.69,6.68,6.679524215552524
20230616093305440,6.69,6.68,6.679524215552524
20230616093305450,6.69,6.68,6.67952600170503
20230616093305920,6.69,6.68,6.67952600170503
20230616093305960,6.69,6.68,6.67952600170503
20230616093307800,6.69,6.68,6.67952600170503
20230616093307950,6.69,6.68,6.67952600170503
20230616093307970,6.69,6.68,6.67952600170503
20230616093308090,6.69,6.68,6.67952600170503
20230616093308150,6.69,6.68,6.67952600170503
20230616093308210,6.69,6.68,6.67952600170503
20230616093308250,6.69,6.68,6.67952600170503
20230616093308480,6.69,6.68,6.67952600170503
20230616093308520,6.69,6.68,6.67952600170503
20230616093310170,6.69,6.68,6.67952600170503
20230616093310480,6.69,6.68,6.67952600170503
20230616093310660,6.69,6.68,6.67952600170503
20230616093310690,6.69,6.68,6.67952600170503
20230616093310710,6.69,6.68,6.67952600170503
20230616093310750,6.69,6.68,6.67952600170503
20230616093310880,6.69,6.68,6.67952600170503
20230616093310910,6.69,6.68,6.67952600170503
20230616093311090,6.69,6.68,6.67952600170503
20230616093311220,6.69,6.68,6.67952600170503
20230616093311230,6.69,6.68,6.679526647369317
20230616093311280,6.69,6.68,6.679526647369317
20230616093312960,6.69,6.68,6.679526647369317
20230616093313040,6.69,6.68,6.679529212531753
20230616093313130,6.69,6.68,6.679529531223557
20230616093313140,6.69,6.68,6.679529531223557
20230616093313150,6.69,6.68,6.679529531223557
20230616093313180,6.69,6.68,6.679852386419551
20230616093313240,6.69,6.68,6.679852386419551
20230616093313260,6.69,6.68,6.679905367922989
20230616093313410,6.69,6.68,6.679905367922989
20230616093313500,6.69,6.68,6.67992181136993
20230616093313520,6.69,6.68,6.67992181136993
20230616093313620,6.69,6.68,6.67992181136993
20230616093313740,6.69,6.68,6.67992181136993
20230616093313780,6.69,6.68,6.67992181136993
20230616093314050,6.69,6.68,6.67992181136993
20230616093315680,6.69,6.68,6.67992181136993
20230616093315720,6.69,6.68,6.679922065270336
20230616093315810,6.69,6.68,6.679922065270336
20230616093315870,6.69,6.68,6.680051290270876
20230616093315950,6.69,6.68,6.680051290270876
20230616093316070,6.69,6.68,6.680051290270876
20230616093316140,6.69,6.68,6.680051290270876
20230616093316240,6.69,6.68,6.680051290270876
20230616093316260,6.69,6.68,6.68005119180931
20230616093316520,6.69,6.68,6.68005119180931
20230616093316540,6.69,6.68,6.68005119180931
20230616093318370,6.69,6.68,6.68005119180931
20230616093318390,6.69,6.68,6.68005119180931
20230616093318510,6.69,6.68,6.68005119180931
20230616093318630,6.69,6.68,6.68005119180931
20230616093318710,6.69,6.68,6.68005119180931
20230616093318860,6.69,6.68,6.68005119180931
20230616093319130,6.69,6.68,6.68005119180931
20230616093319170,6.69,6.68,6.680106433677522
20230616093319200,6.69,6.68,6.680106433677522
20230616093319380,6.69,6.68,6.680106433677522
20230616093321050,6.69,6.68,6.680114285714286
20230616093321130,6.69,6.68,6.680114285714286
20230616093321300,6.69,6.68,6.680114285714286
20230616093321480,6.69,6.68,6.680114285714286
20230616093321870,6.69,6.68,6.680114285714286
20230616093322040,6.69,6.68,6.680128388017119
20230616093322070,6.69,6.68,6.6801424501424504
20230616093322090,6.69,6.68,6.6801424501424504
20230616093322210,6.69,6.68,6.6801424501424504
20230616093323690,6.69,6.68,6.6801424501424504
20230616093323720,6.69,6.68,6.6801424501424504
20230616093324260,6.69,6.68,6.6801424501424504
20230616093324370,6.69,6.68,6.6801424501424504
20230616093324570,6.69,6.68,6.6801424501424504
20230616093324720,6.69,6.68,6.6801424501424504
20230616093324780,6.69,6.68,6.6801424501424504
20230616093324820,6.69,6.68,6.6801424501424504
20230616093324830,6.69,6.68,6.6801424501424504
20230616093324840,6.69,6.68,6.6801424501424504
20230616093324850,6.69,6.68,6.6801424501424504
20230616093326490,6.69,6.68,6.6801424501424504
20230616093326570,6.69,6.68,6.6801424501424504
20230616093326690,6.69,6.68,6.6801424501424504
20230616093326780,6.69,6.68,6.6801424501424504
20230616093326830,6.69,6.68,6.680148218227688
20230616093326860,6.69,6.68,6.680148218227688
20230616093326910,6.69,6.68,6.680148218227688
20230616093327030,6.69,6.68,6.680148218227688
20230616093327060,6.69,6.68,6.680148218227688
20230616093327080,6.69,6.68,6.680148218227688
20230616093327460,6.69,6.68,6.680148218227688
20230616093329150,6.69,6.68,6.680148218227688
20230616093329310,6.69,6.68,6.680148218227688
20230616093329370,6.69,6.68,6.680148218227688
20230616093329380,6.69,6.68,6.680148218227688
20230616093329450,6.69,6.68,6.680148218227688
20230616093329730,6.69,6.68,6.680148218227688
20230616093329950,6.69,6.68,6.680148218227688
20230616093330320,6.69,6.68,6.680148218227688
20230616093331930,6.69,6.68,6.680148218227688
20230616093332010,6.69,6.68,6.680148218227688
20230616093332160,6.69,6.68,6.680148218227688
20230616093332210,6.69,6.68,6.680148218227688
20230616093332270,6.69,6.68,6.680148218227688
20230616093332290,6.69,6.68,6.680148218227688
20230616093332520,6.69,6.68,6.680148218227688
20230616093332560,6.69,6.68,6.68014770584538
20230616093332600,6.69,6.68,6.68014770584538
20230616093332620,6.69,6.68,6.68014770584538
20230616093332910,6.69,6.68,6.68014770584538
20230616093333020,6.69,6.68,6.68014770584538
20230616093334610,6.69,6.68,6.68014770584538
20230616093334660,6.69,6.68,6.68014770584538
20230616093334720,6.69,6.68,6.68014770584538
20230616093335060,6.69,6.68,6.68014770584538
20230616093335080,6.69,6.68,6.68014770584538
20230616093335300,6.69,6.68,6.68014770584538
20230616093335330,6.69,6.68,6.68014770584538
20230616093335470,6.69,6.68,6.68014770584538
20230616093335640,6.69,6.68,6.68014770584538
20230616093337310,6.69,6.68,6.68014770584538
20230616093337470,6.69,6.68,6.68014770584538
20230616093337530,6.69,6.68,6.68014770584538
20230616093337620,6.69,6.68,6.68014770584538
20230616093337940,6.69,6.68,6.68014770584538
20230616093337990,6.69,6.68,6.68014770584538
20230616093338010,6.69,6.68,6.680147381624334
20230616093338040,6.69,6.68,6.680147266175779
20230616093338110,6.69,6.68,6.680147266175779
20230616093339950,6.69,6.68,6.680147266175779
20230616093340040,6.69,6.68,6.680147266175779
20230616093340180,6.69,6.68,6.680196414653157
20230616093340190,6.69,6.68,6.680196414653157
20230616093340210,6.69,6.68,6.6801958346285355
20230616093340290,6.69,6.68,6.6801958346285355
20230616093340310,6.69,6.68,6.680195682559404
20230616093340320,6.69,6.68,6.680195682559404
20230616093340620,6.69,6.68,6.680195682559404
20230616093340720,6.69,6.68,6.680195682559404
20230616093340860,6.69,6.68,6.680195682559404
20230616093341020,6.69,6.68,6.680195682559404
20230616093342980,6.69,6.68,6.680195682559404
20230616093343190,6.69,6.68,6.680194775081156
20230616093343240,6.69,6.68,6.680194775081156
20230616093343280,6.69,6.68,6.680194294525829
20230616093343420,6.69,6.68,6.680194294525829
20230616093345530,6.69,6.68,6.680194294525829
20230616093345700,6.69,6.68,6.680193816335948
20230616093345710,6.69,6.68,6.680193816335948
20230616093345760,6.69,6.68,6.68019316265522
20230616093345940,6.69,6.68,6.68019316265522
20230616093346150,6.69,6.68,6.68019316265522
20230616093346170,6.69,6.68,6.680248324192566
20230616093346230,6.69,6.68,6.680248324192566
20230616093346280,6.69,6.68,6.680248324192566
20230616093346330,6.69,6.68,6.68026463878327
20230616093346340,6.69,6.68,6.68026463878327
20230616093346350,6.69,6.68,6.68026463878327
20230616093346430,6.69,6.68,6.68026463878327
20230616093348270,6.69,6.68,6.680266119221411
20230616093348320,6.69,6.68,6.680266119221411
20230616093348330,6.69,6.68,6.680266119221411
20230616093348380,6.69,6.68,6.680266119221411
20230616093348440,6.69,6.68,6.680266119221411
20230616093348590,6.69,6.68,6.680266119221411
20230616093348610,6.69,6.68,6.680266119221411
20230616093348770,6.69,6.68,6.680266119221411
20230616093348810,6.69,6.68,6.680266119221411
20230616093348840,6.69,6.68,6.680266119221411
20230616093349140,6.69,6.68,6.680266119221411
20230616093350730,6.69,6.68,6.680266119221411
20230616093350740,6.69,6.68,6.680266119221411
20230616093350750,6.69,6.68,6.680266119221411
20230616093350760,6.69,6.68,6.680266119221411
20230616093351040,6.69,6.68,6.680265917033886
20230616093351050,6.69,6.68,6.680327646081836
20230616093351090,6.69,6.68,6.6804130499850345
20230616093351150,6.69,6.68,6.680425945299656
20230616093351200,6.69,6.68,6.680451632135937
20230616093351320,6.69,6.68,6.680451632135937
20230616093351500,6.69,6.68,6.680451632135937
20230616093351570,6.69,6.68,6.680451632135937
20230616093351600,6.69,6.68,6.680451632135937
20230616093351740,6.69,6.68,6.680506816834618
20230616093351880,6.69,6.68,6.680506591616057
20230616093353510,6.69,6.68,6.680506591616057
20230616093353710,6.69,6.68,6.680506591616057
20230616093353970,6.69,6.68,6.680506591616057
20230616093354080,6.69,6.68,6.680506591616057
20230616093354340,6.69,6.68,6.680506591616057
20230616093354390,6.69,6.68,6.680506591616057
20230616093356170,6.68,6.68,6.680505617977528
20230616093356180,6.69,6.68,6.680505095259194
20230616093356280,6.69,6.68,6.680505095259194
20230616093356380,6.69,6.68,6.680505095259194
20230616093356500,6.69,6.68,6.680505095259194
20230616093356710,6.68,6.68,6.680505095259194
20230616093356720,6.69,6.68,6.680505020673361
20230616093356840,6.69,6.68,6.680505020673361
20230616093356990,6.69,6.68,6.680505020673361
20230616093357070,6.69,6.68,6.680504797047971
20230616093357080,6.69,6.68,6.680504797047971
20230616093357150,6.69,6.68,6.680504797047971
20230616093358770,6.69,6.68,6.680504797047971
20230616093358880,6.69,6.68,6.680504797047971
20230616093358890,6.69,6.68,6.680504797047971
20230616093358900,6.69,6.68,6.680504797047971
20230616093359110,6.68,6.68,6.680493577716843
20230616093359140,6.68,6.68,6.680493506493507
20230616093359240,6.68,6.68,6.680493506493507
20230616093359590,6.68,6.68,6.680493506493507
20230616093359700,6.68,6.68,6.680493506493507
20230616093359770,6.68,6.68,6.680493506493507
20230616093359850,6.68,6.68,6.680492440604752
20230616093359860,6.68,6.68,6.680491944764096
20230616093401490,6.68,6.68,6.680498778208998
20230616093401590,6.68,6.68,6.680498778208998
20230616093402070,6.68,6.68,6.680498778208998
20230616093402410,6.68,6.68,6.680498778208998
20230616093402420,6.68,6.68,6.680498778208998
20230616093402570,6.68,6.68,6.680573302909298
20230616093402590,6.68,6.68,6.680573302909298
20230616093402650,6.68,6.68,6.680573302909298
20230616093404200,6.69,6.68,6.680685915492957
20230616093404740,6.69,6.68,6.680685915492957
20230616093404750,6.69,6.68,6.680685915492957
20230616093404940,6.69,6.68,6.680685915492957
20230616093405270,6.69,6.68,6.680685915492957
20230616093407000,6.69,6.68,6.680685915492957
20230616093407050,6.69,6.68,6.680685915492957
20230616093407080,6.69,6.68,6.680685915492957
20230616093407100,6.69,6.68,6.680714686885707
20230616093407570,6.69,6.68,6.680714686885707
20230616093407810,6.69,6.68,6.680714686885707
20230616093407830,6.69,6.68,6.680714686885707
20230616093407850,6.69,6.68,6.680714686885707
20230616093409750,6.69,6.68,6.680714686885707
20230616093409770,6.69,6.68,6.680714686885707
20230616093409870,6.69,6.68,6.680714686885707
20230616093410140,6.69,6.68,6.680714686885707
20230616093410170,6.69,6.68,6.680714686885707
20230616093410210,6.69,6.68,6.680714686885707
20230616093410300,6.69,6.68,6.680714686885707
20230616093410470,6.69,6.68,6.680763966480447
20230616093410770,6.69,6.68,6.680763966480447
20230616093412470,6.69,6.68,6.680763966480447
20230616093412680,6.69,6.68,6.680763966480447
20230616093412690,6.69,6.68,6.680763966480447
20230616093412700,6.69,6.68,6.680763966480447
20230616093413290,6.69,6.68,6.680763966480447
20230616093413310,6.69,6.68,6.680763966480447
20230616093413460,6.69,6.68,6.680763966480447
20230616093415060,6.69,6.68,6.680763966480447
20230616093415150,6.69,6.68,6.680763966480447
20230616093415160,6.69,6.68,6.680763966480447
20230616093415350,6.69,6.68,6.680763966480447
20230616093415650,6.69,6.68,6.680763966480447
20230616093415680,6.69,6.68,6.680763966480447
20230616093415830,6.69,6.68,6.680763966480447
20230616093415870,6.69,6.68,6.680763966480447
20230616093416030,6.69,6.68,6.680763966480447
20230616093417790,6.69,6.68,6.680763966480447
20230616093417960,6.69,6.68,6.680763966480447
20230616093418020,6.69,6.68,6.680763966480447
20230616093418100,6.69,6.68,6.680763966480447
20230616093418180,6.69,6.68,6.680763966480447
20230616093418270,6.69,6.68,6.680763966480447
20230616093418310,6.69,6.68,6.680763966480447
20230616093418370,6.69,6.68,6.680763966480447
20230616093418390,6.69,6.68,6.680763966480447
20230616093418460,6.69,6.68,6.680763966480447
20230616093418670,6.69,6.68,6.680763966480447
20230616093418690,6.69,6.68,6.680763966480447
20230616093418780,6.69,6.68,6.680763966480447
20230616093418830,6.69,6.68,6.680763966480447
20230616093420350,6.69,6.68,6.680763966480447
20230616093420500,6.69,6.68,6.680763966480447
20230616093420710,6.69,6.68,6.680763966480447
20230616093421020,6.69,6.68,6.680763966480447
20230616093421140,6.69,6.68,6.680763966480447
20230616093421210,6.69,6.68,6.680763966480447
20230616093423440,6.69,6.68,6.680763966480447
20230616093423770,6.69,6.68,6.680763966480447
20230616093423840,6.69,6.68,6.680763966480447
20230616093423890,6.69,6.68,6.680763966480447
20230616093423900,6.69,6.68,6.680763966480447
20230616093423950,6.69,6.68,6.680763966480447
20230616093424240,6.69,6.68,6.680763966480447
20230616093425850,6.69,6.68,6.680763966480447
20230616093426350,6.69,6.68,6.680763966480447
20230616093426490,6.69,6.68,6.680763966480447
20230616093426510,6.69,6.68,6.6807533681605715
20230616093426600,6.69,6.68,6.6807533681605715
20230616093426910,6.69,6.68,6.6807533681605715
20230616093426950,6.69,6.68,6.6807533681605715
20230616093427000,6.69,6.68,6.6807533681605715
20230616093428580,6.69,6.68,6.6807533681605715
20230616093428610,6.69,6.68,6.6807533681605715
20230616093428620,6.69,6.68,6.6807533681605715
20230616093428820,6.69,6.68,6.6807533681605715
20230616093428870,6.69,6.68,6.6807533681605715
20230616093429120,6.69,6.68,6.6807533681605715
20230616093429260,6.69,6.68,6.6807533681605715
20230616093429470,6.69,6.68,6.6807533681605715
20230616093429540,6.69,6.68,6.6807533681605715
20230616093429550,6.69,6.68,6.6807533681605715
20230616093429670,6.69,6.68,6.6807533681605715
20230616093431240,6.69,6.68,6.6807533681605715
20230616093431360,6.69,6.68,6.680692093963122
20230616093431420,6.69,6.68,6.680692093963122
20230616093431580,6.69,6.68,6.6807037457434735
20230616093431620,6.69,6.68,6.6807037457434735
20230616093431630,6.69,6.68,6.6807037457434735
20230616093431720,6.69,6.68,6.6807037457434735
20230616093432030,6.69,6.68,6.6807037457434735
20230616093432250,6.69,6.68,6.6807060900264785
20230616093432260,6.69,6.68,6.6807060900264785
20230616093432270,6.69,6.68,6.6807060900264785
20230616093432310,6.69,6.68,6.6807060900264785
20230616093432370,6.69,6.68,6.6807060900264785
20230616093433990,6.69,6.68,6.6807060900264785
20230616093434070,6.69,6.68,6.6807060900264785
20230616093434200,6.69,6.68,6.6807060900264785
20230616093434240,6.69,6.68,6.6807060900264785
20230616093434280,6.69,6.68,6.6807060900264785
20230616093434290,6.69,6.68,6.6807060900264785
20230616093434410,6.69,6.68,6.6807060900264785
20230616093434590,6.69,6.68,6.6807060900264785
20230616093434970,6.69,6.68,6.6807060900264785
20230616093436660,6.69,6.68,6.6807060900264785
20230616093436740,6.69,6.68,6.680753450205147
20230616093437030,6.69,6.68,6.680753450205147
20230616093437060,6.69,6.68,6.680753450205147
20230616093437080,6.69,6.68,6.680753450205147
20230616093437090,6.69,6.68,6.680753450205147
20230616093437290,6.69,6.68,6.680753450205147
20230616093437530,6.69,6.68,6.680753450205147
20230616093437590,6.69,6.68,6.680753450205147
20230616093437690,6.69,6.68,6.680753450205147
20230616093437800,6.69,6.68,6.680753450205147
20230616093439270,6.69,6.68,6.680753450205147
20230616093439520,6.69,6.68,6.680753450205147
20230616093440080,6.69,6.68,6.6807706626954575
20230616093440090,6.69,6.68,6.680853523551838
20230616093440120,6.69,6.68,6.680860267912007
20230616093440140,6.69,6.68,6.680914976789641
20230616093440160,6.69,6.68,6.680914976789641
20230616093440170,6.69,6.68,6.680914976789641
20230616093440330,6.69,6.68,6.680914976789641
20230616093440480,6.69,6.68,6.680914976789641
20230616093441970,6.69,6.68,6.680937119181087
20230616093441990,6.69,6.68,6.680937119181087
20230616093442010,6.69,6.68,6.680937119181087
20230616093442590,6.69,6.68,6.680937119181087
20230616093442810,6.69,6.68,6.680937119181087
20230616093442920,6.69,6.68,6.680937119181087
20230616093443040,6.69,6.68,6.680937119181087
20230616093443080,6.69,6.68,6.681108321377331
20230616093443110,6.69,6.68,6.681112571701721
20230616093443120,6.69,6.68,6.681112571701721
20230616093443130,6.69,6.68,6.681112571701721
20230616093444720,6.69,6.68,6.681112571701721
20230616093444730,6.69,6.68,6.681113633647986
20230616093444940,6.69,6.68,6.681113633647986
20230616093445140,6.69,6.68,6.681113633647986
20230616093445230,6.69,6.68,6.681113633647986
20230616093445340,6.69,6.68,6.681113633647986
20230616093445460,6.69,6.68,6.681113633647986
20230616093445610,6.69,6.68,6.681113633647986
20230616093445900,6.69,6.68,6.681113633647986
20230616093447350,6.69,6.68,6.681113633647986
20230616093447500,6.69,6.68,6.681113633647986
20230616093447520,6.69,6.68,6.681113633647986
20230616093447610,6.69,6.68,6.681113633647986
20230616093447840,6.69,6.68,6.681113633647986
20230616093447900,6.69,6.68,6.681113633647986
20230616093448570,6.69,6.68,6.681113633647986
20230616093450210,6.69,6.68,6.681113633647986
20230616093450420,6.69,6.68,6.681113633647986
20230616093450530,6.69,6.68,6.681114156339371
20230616093450580,6.69,6.68,6.681114156339371
20230616093450850,6.69,6.68,6.681114156339371
20230616093451020,6.69,6.68,6.681115215060169
20230616093451080,6.69,6.68,6.681115215060169
20230616093452940,6.69,6.68,6.681115215060169
20230616093452960,6.69,6.68,6.681115215060169
20230616093453310,6.69,6.68,6.681115215060169
20230616093453590,6.69,6.68,6.681115215060169
20230616093453720,6.69,6.68,6.681115215060169
20230616093453820,6.69,6.68,6.681115215060169
20230616093453920,6.69,6.68,6.681115215060169
20230616093453970,6.69,6.68,6.681115215060169
20230616093453980,6.69,6.68,6.681115215060169
20230616093454000,6.69,6.68,6.681115215060169
20230616093454010,6.69,6.68,6.681115215060169
20230616093455490,6.69,6.68,6.681115215060169
20230616093455780,6.69,6.68,6.681115215060169
20230616093455800,6.69,6.68,6.681115215060169
20230616093456060,6.69,6.68,6.681115215060169
20230616093456090,6.69,6.68,6.681115215060169
20230616093456100,6.69,6.68,6.681115215060169
20230616093456170,6.69,6.68,6.681116666666667
20230616093456220,6.69,6.68,6.681116666666667
20230616093456660,6.69,6.68,6.681116666666667
20230616093456690,6.69,6.68,6.681116666666667
20230616093458200,6.69,6.68,6.681116666666667
20230616093458400,6.69,6.68,6.681116666666667
20230616093458490,6.69,6.68,6.681116666666667
20230616093458780,6.69,6.68,6.681116666666667
20230616093458890,6.69,6.68,6.681116666666667
20230616093459090,6.69,6.68,6.681116666666667
20230616093459150,6.69,6.68,6.681116666666667
20230616093500920,6.69,6.68,6.681116666666667
20230616093501140,6.69,6.68,6.681136714574177
20230616093501190,6.69,6.68,6.6811353659983395
20230616093501240,6.69,6.68,6.6811353659983395
20230616093501650,6.69,6.68,6.6811353659983395
20230616093501930,6.69,6.68,6.6811353659983395
20230616093503780,6.69,6.68,6.6811353659983395
20230616093504190,6.69,6.68,6.6811353659983395
20230616093504320,6.69,6.68,6.6811353659983395
20230616093504630,6.69,6.68,6.681134020618557
20230616093504680,6.69,6.68,6.681134020618557
20230616093506740,6.69,6.68,6.681134020618557
20230616093506880,6.69,6.68,6.681134020618557
20230616093507190,6.69,6.68,6.681134020618557
20230616093507200,6.69,6.68,6.681134020618557
20230616093507230,6.69,6.68,6.681134020618557
20230616093507310,6.69,6.68,6.681134020618557
20230616093507420,6.69,6.68,6.681134020618557
20230616093509350,6.69,6.68,6.681134020618557
20230616093509400,6.69,6.68,6.681134020618557
20230616093509600,6.69,6.68,6.681134020618557
20230616093509640,6.69,6.68,6.681134020618557
20230616093510080,6.69,6.68,6.681134020618557
20230616093511900,6.69,6.68,6.681134020618557
20230616093512090,6.69,6.68,6.681134020618557
20230616093512120,6.68,6.68,6.681134020618557
20230616093512170,6.68,6.68,6.681133886255924
20230616093512350,6.68,6.68,6.681133886255924
20230616093512380,6.68,6.68,6.681133886255924
20230616093512530,6.68,6.68,6.681133886255924
20230616093512570,6.68,6.68,6.681133886255924
20230616093512720,6.68,6.68,6.681133886255924
20230616093512760,6.68,6.68,6.681133886255924
20230616093512880,6.69,6.68,6.681152754788366
20230616093514480,6.69,6.68,6.681152754788366
20230616093514730,6.69,6.68,6.681152754788366
20230616093514820,6.69,6.68,6.681152754788366
20230616093514840,6.69,6.68,6.681152754788366
20230616093515090,6.69,6.68,6.681152754788366
20230616093515110,6.69,6.68,6.681152754788366
20230616093515230,6.69,6.68,6.681152754788366
20230616093515330,6.69,6.68,6.681152754788366
20230616093515430,6.69,6.68,6.681152754788366
20230616093515510,6.69,6.68,6.681152754788366
20230616093517140,6.69,6.68,6.681152754788366
20230616093517270,6.69,6.68,6.681152754788366
20230616093517380,6.69,6.68,6.681152754788366
20230616093517580,6.69,6.68,6.681152754788366
20230616093517740,6.69,6.68,6.681152754788366
20230616093517750,6.69,6.68,6.681152754788366
20230616093517770,6.69,6.68,6.681152754788366
20230616093517800,6.69,6.68,6.681152754788366
20230616093517810,6.69,6.68,6.681152754788366
20230616093517840,6.69,6.68,6.681152754788366
20230616093517860,6.69,6.68,6.6811506593534835
20230616093517950,6.69,6.68,6.6811506593534835
20230616093517960,6.69,6.68,6.6811506593534835
20230616093518060,6.69,6.68,6.6811506593534835
20230616093519870,6.69,6.68,6.6811506593534835
20230616093519900,6.69,6.68,6.6811506593534835
20230616093519990,6.69,6.68,6.6811506593534835
20230616093520030,6.69,6.68,6.6811506593534835
20230616093520050,6.69,6.68,6.6811506593534835
20230616093520070,6.69,6.68,6.6811506593534835
20230616093520400,6.69,6.68,6.6811506593534835
20230616093520410,6.69,6.68,6.6811506593534835
20230616093520520,6.69,6.68,6.6811506593534835
20230616093520530,6.69,6.68,6.6811171538635845
20230616093520580,6.69,6.68,6.6811171538635845
20230616093520710,6.69,6.68,6.6811171538635845
20230616093520800,6.69,6.68,6.6811171538635845
20230616093520870,6.69,6.68,6.6811171538635845
20230616093522650,6.69,6.68,6.6811171538635845
20230616093523190,6.69,6.68,6.681116142177949
20230616093523480,6.69,6.68,6.681116142177949
20230616093523680,6.69,6.68,6.681114880144731
20230616093525160,6.69,6.68,6.681147910330067
20230616093525330,6.69,6.68,6.681147910330067
20230616093525400,6.69,6.68,6.681147910330067
20230616093525890,6.69,6.68,6.681147910330067
20230616093527960,6.69,6.68,6.681147910330067
20230616093528170,6.69,6.68,6.681147910330067
20230616093528180,6.69,6.68,6.681150900900901
20230616093528220,6.69,6.68,6.681150900900901
20230616093528350,6.69,6.68,6.681150771309537
20230616093528440,6.69,6.68,6.681150771309537
20230616093528530,6.69,6.68,6.681150771309537
20230616093528560,6.69,6.68,6.681150771309537
20230616093528850,6.69,6.68,6.681150771309537
20230616093528870,6.69,6.68,6.681150771309537
20230616093530760,6.69,6.68,6.681150771309537
20230616093530790,6.69,6.68,6.681150771309537
20230616093530950,6.69,6.68,6.681150771309537
20230616093530970,6.69,6.68,6.681150771309537
20230616093531370,6.69,6.68,6.681150771309537
20230616093531670,6.69,6.68,6.681150771309537
20230616093531700,6.69,6.68,6.681150771309537
20230616093531740,6.69,6.68,6.681150771309537
20230616093533270,6.69,6.68,6.681150771309537
20230616093533370,6.69,6.68,6.681150771309537
20230616093533450,6.69,6.68,6.681150771309537
20230616093533470,6.69,6.68,6.681150771309537
20230616093533590,6.69,6.68,6.681150771309537
20230616093533730,6.69,6.68,6.681150771309537
20230616093533780,6.69,6.68,6.681150771309537
20230616093533920,6.69,6.68,6.681150771309537
20230616093533990,6.69,6.68,6.681150771309537
20230616093534070,6.69,6.68,6.681150771309537
20230616093534100,6.69,6.68,6.681150771309537
20230616093534180,6.69,6.68,6.681176404870964
20230616093534320,6.69,6.68,6.681176404870964
20230616093534410,6.69,6.68,6.681176404870964
20230616093534460,6.69,6.68,6.6811796875
20230616093536050,6.69,6.68,6.6811796875
20230616093536200,6.69,6.68,6.6811796875
20230616093536210,6.69,6.68,6.6811796875
20230616093536220,6.69,6.68,6.6811796875
20230616093536260,6.69,6.68,6.6811796875
20230616093536330,6.69,6.68,6.6811796875
20230616093536400,6.69,6.68,6.6811796875
20230616093536420,6.69,6.68,6.6811796875
20230616093536460,6.69,6.68,6.6811796875
20230616093536510,6.68,6.68,6.6811796875
20230616093536520,6.68,6.68,6.6811796875
20230616093536550,6.68,6.68,6.6811796875
20230616093536620,6.68,6.68,6.6811796875
20230616093536830,6.68,6.68,6.6811796875
20230616093537080,6.68,6.68,6.6811796875
20230616093537090,6.68,6.68,6.6811796875
20230616093537120,6.68,6.68,6.6811796875
20230616093537130,6.68,6.68,6.6811796875
20230616093537150,6.68,6.68,6.6811796875
20230616093538810,6.68,6.68,6.681166445329792
20230616093539150,6.68,6.68,6.681166445329792
20230616093539280,6.68,6.68,6.681166445329792
20230616093539330,6.68,6.68,6.681166445329792
20230616093539410,6.68,6.68,6.681166445329792
20230616093539420,6.68,6.68,6.681166445329792
20230616093539550,6.68,6.68,6.681166445329792
20230616093539590,6.68,6.68,6.681166445329792
20230616093539630,6.68,6.68,6.681166445329792
20230616093539650,6.68,6.68,6.681166445329792
20230616093539830,6.68,6.68,6.681166445329792
20230616093539840,6.68,6.68,6.681166445329792
20230616093539900,6.68,6.68,6.681166445329792
20230616093541580,6.68,6.68,6.681166445329792
20230616093541610,6.68,6.68,6.681166445329792
20230616093541800,6.68,6.68,6.681166445329792
20230616093541900,6.68,6.68,6.681166445329792
20230616093542190,6.68,6.68,6.681166445329792
20230616093542340,6.68,6.68,6.681166445329792
20230616093542350,6.68,6.68,6.681166445329792
20230616093542360,6.68,6.68,6.681166445329792
20230616093542420,6.69,6.68,6.681166445329792
20230616093544420,6.69,6.68,6.681166445329792
20230616093544430,6.69,6.68,6.681166445329792
20230616093545030,6.69,6.68,6.681166445329792
20230616093545080,6.69,6.68,6.681166445329792
20230616093545090,6.69,6.68,6.681166445329792
20230616093547040,6.69,6.68,6.681166445329792
20230616093547050,6.69,6.68,6.681166445329792
20230616093547090,6.69,6.68,6.681166445329792
20230616093547160,6.69,6.68,6.681166445329792
20230616093547410,6.69,6.68,6.681166445329792
20230616093547520,6.69,6.68,6.681166445329792
20230616093547870,6.69,6.68,6.681166445329792
20230616093548000,6.69,6.68,6.681166445329792
20230616093549470,6.69,6.68,6.681166445329792
20230616093549500,6.69,6.68,6.681166445329792
20230616093549560,6.69,6.68,6.681166445329792
20230616093549750,6.69,6.68,6.681166445329792
20230616093549870,6.69,6.68,6.681165536846709
20230616093549970,6.69,6.68,6.681165536846709
20230616093550130,6.69,6.68,6.681165536846709
20230616093550280,6.69,6.68,6.681165536846709
20230616093550300,6.69,6.68,6.681165536846709
20230616093550380,6.69,6.68,6.681165536846709
20230616093550590,6.69,6.68,6.681165536846709
20230616093552170,6.69,6.68,6.681202090592334
20230616093552290,6.69,6.68,6.681202090592334
20230616093552550,6.69,6.68,6.681202090592334
20230616093552650,6.69,6.68,6.681202090592334
20230616093552660,6.69,6.68,6.681202090592334
20230616093552670,6.69,6.68,6.681202090592334
20230616093552680,6.69,6.68,6.681202090592334
20230616093552870,6.69,6.68,6.681202090592334
20230616093552970,6.69,6.68,6.681202090592334
20230616093552990,6.69,6.68,6.681202090592334
20230616093553150,6.69,6.68,6.681202090592334
20230616093553220,6.69,6.68,6.681202090592334
20230616093553350,6.69,6.68,6.681200130448961
20230616093553390,6.69,6.68,6.6811993481803365
20230616093554950,6.69,6.68,6.6811993481803365
20230616093555020,6.69,6.68,6.6811993481803365
20230616093555070,6.69,6.68,6.6811993481803365
20230616093555080,6.69,6.68,6.681269533354888
20230616093555090,6.69,6.68,6.681278932070191
20230616093555100,6.69,6.68,6.681279870828848
20230616093555130,6.69,6.68,6.681293927995701
20230616093555140,6.69,6.68,6.681333048036803
20230616093555150,6.69,6.68,6.682381265870403
20230616093555160,6.69,6.68,6.682462783773725
20230616093555170,6.69,6.68,6.682462783773725
20230616093555180,6.69,6.68,6.682462783773725
20230616093555190,6.69,6.68,6.682462783773725
20230616093555230,6.69,6.68,6.682462783773725
20230616093555540,6.69,6.68,6.682477123578889
20230616093555550,6.69,6.68,6.682477123578889
20230616093555670,6.69,6.68,6.682477123578889
20230616093555710,6.69,6.68,6.682477123578889
20230616093555850,6.69,6.68,6.682477123578889
20230616093555860,6.69,6.68,6.682477123578889
20230616093555900,6.69,6.68,6.682477123578889
20230616093556010,6.69,6.68,6.682477123578889
20230616093556020,6.69,6.68,6.682477123578889
20230616093556030,6.69,6.68,6.682477123578889
20230616093556040,6.69,6.68,6.682477123578889
20230616093556050,6.69,6.68,6.68277689030884
20230616093556060,6.69,6.68,6.68286052631579
20230616093556080,6.69,6.68,6.68286052631579
20230616093556090,6.69,6.68,6.683026901987663
20230616093556110,6.69,6.68,6.683056053237778
20230616093557800,6.69,6.68,6.683056053237778
20230616093557940,6.69,6.68,6.683056053237778
20230616093558000,6.69,6.68,6.683056053237778
20230616093558060,6.69,6.68,6.683190261044177
20230616093558070,6.69,6.68,6.683352662528585
20230616093558080,6.69,6.68,6.683377542717657
20230616093558090,6.69,6.68,6.683384540356011
20230616093558100,6.69,6.68,6.683386153096051
20230616093558110,6.69,6.68,6.683432052937379
20230616093558120,6.69,6.68,6.683432052937379
20230616093558130,6.69,6.68,6.683432052937379
20230616093558140,6.69,6.68,6.683432052937379
20230616093558170,6.69,6.68,6.683432052937379
20230616093558230,6.69,6.68,6.683432052937379
20230616093558320,6.69,6.68,6.683432052937379
20230616093558330,6.69,6.68,6.683432052937379
20230616093558340,6.69,6.68,6.683432052937379
20230616093558350,6.69,6.68,6.683432052937379
20230616093558360,6.7,6.69,6.684255769637942
20230616093558370,6.7,6.69,6.684256175017643
20230616093558380,6.7,6.69,6.684256175017643
20230616093558390,6.7,6.69,6.684266694843618
20230616093558630,6.7,6.69,6.684266694843618
20230616093558740,6.7,6.69,6.684536850583971
20230616093558750,6.7,6.69,6.684801843908061
20230616093558760,6.7,6.69,6.684801843908061
20230616093558770,6.7,6.69,6.684801843908061
20230616093558780,6.7,6.69,6.684801843908061
20230616093558790,6.7,6.69,6.684801843908061
20230616093600350,6.7,6.69,6.684801843908061
20230616093600430,6.7,6.69,6.684801843908061
20230616093600540,6.7,6.69,6.684801843908061
20230616093600560,6.7,6.69,6.684801843908061
20230616093600830,6.7,6.69,6.684801843908061
20230616093600870,6.7,6.69,6.684801843908061
20230616093600920,6.7,6.69,6.684801843908061
20230616093600980,6.7,6.69,6.684845505617978
20230616093600990,6.7,6.69,6.684845505617978
20230616093601070,6.7,6.69,6.6848464730290456
20230616093601080,6.7,6.69,6.684847440316609
20230616093601100,6.7,6.69,6.684847440316609
20230616093601110,6.7,6.69,6.684847440316609
20230616093601210,6.7,6.69,6.684847440316609
20230616093601220,6.7,6.69,6.684847440316609
20230616093601270,6.7,6.69,6.684847440316609
20230616093601280,6.7,6.69,6.684847440316609
20230616093601340,6.7,6.69,6.684847440316609
20230616093601390,6.7,6.69,6.684847440316609
20230616093601410,6.7,6.69,6.684849374521318
20230616093602950,6.7,6.69,6.684849374521318
20230616093602990,6.7,6.69,6.684849374521318
20230616093603010,6.7,6.69,6.684849374521318
20230616093603030,6.7,6.69,6.684849374521318
20230616093603160,6.7,6.69,6.684849374521318
20230616093603190,6.7,6.69,6.684849374521318
20230616093603230,6.7,6.69,6.684855284967487
20230616093603340,6.7,6.69,6.684855284967487
20230616093603350,6.7,6.69,6.684855284967487
20230616093603660,6.7,6.69,6.684855284967487
20230616093603840,6.7,6.69,6.684855284967487
20230616093603850,6.7,6.69,6.68487745878159
20230616093603880,6.7,6.69,6.68487745878159
20230616093603890,6.7,6.69,6.68487745878159
20230616093603900,6.7,6.69,6.68487745878159
20230616093603940,6.7,6.69,6.68487745878159
20230616093604010,6.7,6.69,6.68487745878159
20230616093604040,6.7,6.69,6.68487745878159
20230616093604050,6.7,6.69,6.68487745878159
20230616093604090,6.7,6.69,6.68487745878159
20230616093604120,6.7,6.69,6.68487745878159
20230616093604150,6.7,6.69,6.68487745878159
20230616093605700,6.7,6.69,6.68487745878159
20230616093605740,6.7,6.69,6.68487745878159
20230616093605780,6.7,6.69,6.68487745878159
20230616093605830,6.7,6.69,6.68487745878159
20230616093606010,6.7,6.69,6.6858796268789735
20230616093606020,6.7,6.69,6.6858796268789735
20230616093606060,6.7,6.69,6.6858796268789735
20230616093606180,6.7,6.69,6.6858796268789735
20230616093606240,6.7,6.69,6.6858796268789735
20230616093606340,6.7,6.69,6.6858796268789735
20230616093606360,6.7,6.69,6.6858796268789735
20230616093606400,6.7,6.69,6.6858796268789735
20230616093606430,6.7,6.69,6.6858796268789735
20230616093606520,6.7,6.69,6.6858796268789735
20230616093606670,6.7,6.69,6.6858796268789735
20230616093606700,6.7,6.69,6.6858796268789735
20230616093608650,6.7,6.69,6.685941328934967
20230616093608970,6.7,6.69,6.685941328934967
20230616093609030,6.7,6.69,6.685941328934967
20230616093609060,6.7,6.69,6.685941328934967
20230616093609100,6.7,6.69,6.685941328934967
20230616093609110,6.7,6.69,6.685941328934967
20230616093609130,6.7,6.69,6.685941328934967
20230616093609160,6.7,6.69,6.685941328934967
20230616093609180,6.7,6.69,6.685941328934967
20230616093609290,6.7,6.69,6.685941328934967
20230616093609490,6.7,6.69,6.685941328934967
20230616093609510,6.7,6.69,6.685941328934967
20230616093609550,6.7,6.69,6.685947758559831
20230616093611200,6.7,6.69,6.685947758559831
20230616093611240,6.7,6.69,6.685947758559831
20230616093611270,6.7,6.69,6.685947758559831
20230616093611650,6.7,6.69,6.685947758559831
20230616093611840,6.7,6.69,6.685947758559831
20230616093612210,6.7,6.69,6.685947758559831
20230616093612230,6.7,6.69,6.685947758559831
20230616093612240,6.7,6.69,6.6859525208602655
20230616093614270,6.7,6.69,6.6859525208602655
20230616093614500,6.7,6.69,6.6859525208602655
20230616093614550,6.7,6.69,6.6859525208602655
20230616093614780,6.7,6.69,6.6859525208602655
20230616093614880,6.7,6.69,6.6859525208602655
20230616093614990,6.7,6.69,6.6859525208602655
20230616093615000,6.7,6.69,6.6859525208602655
20230616093616480,6.7,6.69,6.6859525208602655
20230616093616760,6.7,6.69,6.6859525208602655
20230616093616920,6.7,6.69,6.6859525208602655
20230616093616930,6.7,6.69,6.6859525208602655
20230616093617010,6.7,6.69,6.6859525208602655
20230616093617180,6.7,6.69,6.6859525208602655
20230616093617410,6.7,6.69,6.6859525208602655
20230616093617590,6.7,6.69,6.6859525208602655
20230616093617620,6.7,6.69,6.6859525208602655
20230616093617700,6.7,6.69,6.6859525208602655
20230616093619430,6.7,6.69,6.6859525208602655
20230616093619520,6.7,6.69,6.6859525208602655
20230616093620000,6.7,6.69,6.6859525208602655
20230616093620230,6.7,6.69,6.6859525208602655
20230616093620240,6.7,6.69,6.6859525208602655
20230616093620250,6.7,6.69,6.6859525208602655
20230616093620270,6.7,6.69,6.6859525208602655
20230616093621900,6.7,6.69,6.6859525208602655
20230616093621970,6.7,6.69,6.6859525208602655
20230616093621990,6.7,6.69,6.6859525208602655
20230616093622000,6.7,6.69,6.6859525208602655
20230616093622010,6.7,6.69,6.6859525208602655
20230616093622020,6.7,6.69,6.6859525208602655
20230616093622080,6.7,6.69,6.6859525208602655
20230616093622090,6.7,6.69,6.6859525208602655
20230616093622100,6.71,6.7,6.687630775598903
20230616093622110,6.71,6.7,6.687630775598903
20230616093622120,6.71,6.7,6.687630775598903
20230616093622130,6.71,6.7,6.687630775598903
20230616093622220,6.71,6.7,6.687630775598903
20230616093622230,6.71,6.69,6.687866822311324
20230616093622380,6.71,6.69,6.687869285025625
20230616093622470,6.71,6.69,6.687869900548001
20230616093622820,6.71,6.69,6.687877281947261
20230616093622940,6.71,6.69,6.6878864960729665
20230616093622950,6.71,6.69,6.687890177802543
20230616093622980,6.71,6.69,6.687892017828201
20230616093623010,6.71,6.69,6.687893857294779
20230616093623080,6.71,6.69,6.6878950832953565
20230616093624660,6.71,6.69,6.6878950832953565
20230616093624680,6.71,6.69,6.687918330216809
20230616093625070,6.71,6.69,6.687918330216809
20230616093625080,6.71,6.69,6.688238709042605
20230616093625090,6.71,6.69,6.6891734975771024
20230616093625100,6.71,6.69,6.68923928700036
20230616093625110,6.71,6.69,6.689582080446246
20230616093625120,6.71,6.69,6.689582080446246
20230616093625130,6.71,6.7,6.690488846097228
20230616093625140,6.71,6.7,6.690530839652853
20230616093625150,6.71,6.7,6.690538562537436
20230616093625160,6.71,6.7,6.690544736435123
20230616093625170,6.71,6.7,6.690544736435123
20230616093625180,6.71,6.7,6.690544736435123
20230616093625190,6.71,6.7,6.690544736435123
20230616093625200,6.71,6.7,6.690544736435123
20230616093625210,6.71,6.7,6.690544736435123
20230616093625220,6.71,6.7,6.690544736435123
20230616093625230,6.71,6.7,6.690544736435123
20230616093625240,6.71,6.7,6.690544736435123
20230616093625260,6.71,6.7,6.690544736435123
20230616093625270,6.71,6.7,6.690553219151205
20230616093625300,6.71,6.7,6.690601659833068
20230616093625360,6.71,6.7,6.690601659833068
20230616093625370,6.71,6.7,6.690601659833068
20230616093625430,6.71,6.7,6.690639169399424
20230616093625440,6.71,6.7,6.69063993339042
20230616093625510,6.71,6.7,6.69063993339042
20230616093627370,6.71,6.7,6.69063993339042
20230616093627470,6.71,6.7,6.69063993339042
20230616093627530,6.71,6.7,6.69063993339042
20230616093627880,6.71,6.7,6.690643625476793
20230616093627890,6.71,6.7,6.69064515238407
20230616093627940,6.71,6.7,6.69064515238407
20230616093627980,6.71,6.7,6.69064667905047
20230616093628070,6.71,6.7,6.69064667905047
20230616093628080,6.71,6.7,6.6906581213762335
20230616093628090,6.71,6.7,6.69065964599747
20230616093628150,6.71,6.7,6.69065964599747
20230616093628160,6.71,6.7,6.690677789281819
20230616093628210,6.71,6.7,6.690677789281819
20230616093628220,6.73,6.7,6.69261862530159
20230616093628230,6.73,6.7,6.6926305706536695
20230616093628270,6.73,6.7,6.6926305706536695
20230616093628340,6.73,6.7,6.6926305706536695
20230616093628380,6.73,6.7,6.6926305706536695
20230616093629950,6.73,6.7,6.6926305706536695
20230616093629960,6.73,6.71,6.6926305706536695
20230616093630020,6.73,6.71,6.6926305706536695
20230616093630050,6.73,6.71,6.6926305706536695
20230616093630100,6.73,6.71,6.6926305706536695
20230616093630130,6.73,6.71,6.6926305706536695
20230616093630210,6.73,6.71,6.6926305706536695
20230616093630260,6.73,6.71,6.6926305706536695
20230616093630270,6.73,6.71,6.6926305706536695
20230616093630450,6.73,6.71,6.6926305706536695
20230616093630620,6.73,6.71,6.6926305706536695
20230616093630810,6.73,6.71,6.6926305706536695
20230616093630820,6.73,6.71,6.6926305706536695
20230616093630830,6.73,6.71,6.6926305706536695
20230616093631110,6.73,6.72,6.6926305706536695
20230616093631130,6.73,6.72,6.6926305706536695
20230616093631140,6.73,6.72,6.69265766442894
20230616093631150,6.73,6.72,6.69265766442894
20230616093631170,6.73,6.72,6.69265766442894
20230616093631180,6.73,6.72,6.69265766442894
20230616093631200,6.73,6.72,6.69265766442894
20230616093632740,6.73,6.72,6.69265766442894
20230616093632770,6.73,6.72,6.69265766442894
20230616093632900,6.73,6.72,6.69265766442894
20230616093633020,6.73,6.72,6.69265766442894
20230616093633240,6.73,6.72,6.69265766442894
20230616093633340,6.72,6.72,6.69265766442894
20230616093633760,6.72,6.72,6.69265766442894
20230616093633800,6.72,6.72,6.69265766442894
20230616093635470,6.72,6.72,6.69265766442894
20230616093635480,6.72,6.72,6.69265766442894
20230616093635500,6.72,6.72,6.69265766442894
20230616093635520,6.72,6.72,6.69265766442894
20230616093635560,6.72,6.72,6.69265766442894
20230616093636160,6.72,6.72,6.69265766442894
20230616093636270,6.72,6.72,6.69265766442894
20230616093636320,6.72,6.72,6.69265766442894
20230616093638210,6.72,6.72,6.69265766442894
20230616093638780,6.72,6.72,6.69265766442894
20230616093638920,6.72,6.72,6.69265766442894
20230616093639020,6.72,6.72,6.69265766442894
20230616093639300,6.72,6.72,6.69265766442894
20230616093640850,6.72,6.72,6.69265766442894
20230616093640890,6.72,6.72,6.69265766442894
20230616093640980,6.72,6.72,6.69265766442894
20230616093641130,6.72,6.72,6.69265766442894
20230616093641270,6.72,6.72,6.69265766442894
20230616093641300,6.72,6.72,6.69265766442894
20230616093641400,6.72,6.72,6.69265766442894
20230616093641490,6.72,6.72,6.69265766442894
20230616093641510,6.72,6.72,6.69265766442894
20230616093641530,6.72,6.72,6.69265766442894
20230616093641540,6.72,6.72,6.69265766442894
20230616093641560,6.72,6.72,6.69265766442894
20230616093641650,6.72,6.72,6.69265766442894
20230616093641750,6.72,6.72,6.69265766442894
20230616093641780,6.72,6.72,6.69265766442894
20230616093641800,6.72,6.72,6.69265766442894
20230616093641840,6.72,6.72,6.69265766442894
20230616093641870,6.72,6.72,6.69265766442894
20230616093641950,6.72,6.72,6.69265766442894
20230616093643620,6.72,6.72,6.69265766442894
20230616093643820,6.73,6.72,6.69265766442894
20230616093643880,6.73,6.72,6.69265766442894
20230616093643910,6.73,6.72,6.6929757135567645
20230616093643920,6.73,6.72,6.6929757135567645
20230616093643930,6.73,6.72,6.692976691503491
20230616093643950,6.73,6.72,6.692976691503491
20230616093644100,6.73,6.72,6.692976691503491
20230616093644170,6.73,6.72,6.692976691503491
20230616093644190,6.73,6.72,6.692976691503491
20230616093644220,6.73,6.72,6.692983535149255
20230616093644370,6.73,6.72,6.692983535149255
20230616093644400,6.73,6.72,6.692983535149255
20230616093644430,6.73,6.72,6.692983535149255
20230616093644470,6.73,6.72,6.692983535149255
20230616093644530,6.73,6.72,6.692983535149255
20230616093644570,6.73,6.72,6.692983535149255
20230616093644650,6.73,6.72,6.692983535149255
20230616093646170,6.73,6.72,6.692983535149255
20230616093646190,6.73,6.72,6.692983535149255
20230616093646220,6.73,6.72,6.692983535149255
20230616093646240,6.73,6.72,6.693038361083315
20230616093646270,6.73,6.72,6.69312386698238
20230616093646290,6.73,6.72,6.69312386698238
20230616093646320,6.73,6.72,6.69312386698238
20230616093646360,6.73,6.72,6.69312386698238
20230616093646400,6.73,6.72,6.69312386698238
20230616093646410,6.73,6.72,6.69312386698238
20230616093646440,6.72,6.72,6.69323383834577
20230616093646530,6.72,6.72,6.69323383834577
20230616093646680,6.72,6.72,6.6932386410533375
20230616093646760,6.72,6.72,6.6932386410533375
20230616093646780,6.72,6.72,6.6932386410533375
20230616093646880,6.72,6.72,6.6932904006848215
20230616093647340,6.72,6.72,6.6932904006848215
20230616093647360,6.72,6.72,6.6932904006848215
20230616093648920,6.72,6.72,6.6932904006848215
20230616093648940,6.72,6.72,6.693385725043451
20230616093649080,6.72,6.72,6.693385725043451
20230616093649090,6.72,6.72,6.693480371412213
20230616093649110,6.72,6.72,6.693480371412213
20230616093649320,6.72,6.72,6.693480371412213
20230616093649390,6.72,6.72,6.693480371412213
20230616093649460,6.72,6.72,6.693480371412213
20230616093649470,6.72,6.72,6.693480371412213
20230616093649570,6.72,6.72,6.693480371412213
20230616093649600,6.72,6.72,6.693480371412213
20230616093649630,6.72,6.72,6.693480371412213
20230616093649710,6.72,6.72,6.693480371412213
20230616093649830,6.72,6.72,6.693497870163459
20230616093649990,6.72,6.72,6.693497870163459
20230616093650010,6.72,6.72,6.693498811668034
20230616093650030,6.72,6.72,6.693498811668034
20230616093651590,6.72,6.72,6.693498811668034
20230616093651870,6.72,6.72,6.693498811668034
20230616093651950,6.72,6.72,6.693516687553474
20230616093651980,6.72,6.72,6.693516687553474
20230616093652030,6.72,6.72,6.693516687553474
20230616093652070,6.72,6.72,6.693516687553474
20230616093652100,6.72,6.72,6.693519507857455
20230616093652110,6.72,6.72,6.6935204478253
20230616093652160,6.72,6.72,6.693640215267299
20230616093652240,6.72,6.72,6.693640215267299
20230616093652320,6.72,6.72,6.693640215267299
20230616093652340,6.72,6.72,6.693640215267299
20230616093652380,6.72,6.72,6.693640215267299
20230616093652510,6.72,6.72,6.693640215267299
20230616093652550,6.72,6.72,6.693640215267299
20230616093652610,6.72,6.72,6.693640215267299
20230616093652750,6.72,6.72,6.693640215267299
20230616093652770,6.72,6.72,6.693640215267299
20230616093654240,6.72,6.72,6.693640215267299
20230616093654270,6.72,6.72,6.693640215267299
20230616093654490,6.73,6.71,6.693640215267299
20230616093654680,6.73,6.71,6.693640215267299
20230616093654720,6.73,6.72,6.693640215267299
20230616093654760,6.73,6.72,6.693640215267299
20230616093654770,6.73,6.72,6.693640215267299
20230616093654850,6.73,6.72,6.694181229168613
20230616093654900,6.73,6.72,6.694181229168613
20230616093655120,6.73,6.72,6.694183016262498
20230616093655170,6.73,6.72,6.694186589708187
20230616093655180,6.73,6.72,6.694195518996011
20230616093655430,6.73,6.72,6.694195518996011
20230616093657030,6.73,6.72,6.694284473278706
20230616093657040,6.73,6.72,6.694284473278706
20230616093657050,6.73,6.72,6.694324302928715
20230616093657070,6.73,6.72,6.694336669223915
20230616093657090,6.73,6.72,6.6943446126967645
20230616093657220,6.73,6.72,6.69437193594822
20230616093657290,6.73,6.72,6.69437193594822
20230616093657500,6.73,6.72,6.69437193594822
20230616093657680,6.73,6.72,6.69443867638442
20230616093658040,6.73,6.72,6.69443867638442
20230616093658050,6.73,6.72,6.694439552231135
20230616093658090,6.73,6.72,6.694439552231135
20230616093658160,6.73,6.72,6.694439552231135
20230616093658180,6.73,6.72,6.69444042801783
20230616093659740,6.73,6.72,6.69444042801783
20230616093659750,6.73,6.72,6.694695163227055
20230616093659760,6.73,6.72,6.694695163227055
20230616093659970,6.73,6.72,6.694717523628912
20230616093700240,6.73,6.72,6.694717523628912
20230616093700480,6.73,6.72,6.694717523628912
20230616093700490,6.73,6.72,6.694717523628912
20230616093700620,6.73,6.72,6.694717523628912
20230616093700760,6.73,6.71,6.695184804004836
20230616093700800,6.72,6.71,6.695184804004836
20230616093700810,6.72,6.71,6.695184804004836
20230616093700820,6.72,6.71,6.695184804004836
20230616093700830,6.72,6.71,6.695186456935225
20230616093700840,6.72,6.71,6.695186456935225
20230616093700890,6.72,6.71,6.695186456935225
20230616093702430,6.72,6.71,6.695199672455288
20230616093702780,6.72,6.71,6.695199672455288
20230616093702830,6.72,6.71,6.695199672455288
20230616093702980,6.72,6.71,6.695199672455288
20230616093703100,6.72,6.71,6.695212049226961
20230616093703190,6.72,6.71,6.695212049226961
20230616093703420,6.72,6.71,6.695212049226961
20230616093703470,6.72,6.71,6.695212049226961
20230616093703560,6.72,6.71,6.695225237507773
20230616093705080,6.72,6.71,6.695225237507773
20230616093705130,6.72,6.71,6.695534386113547
20230616093705230,6.72,6.71,6.695534386113547
20230616093705310,6.72,6.71,6.695534386113547
20230616093705370,6.72,6.71,6.6955367960677314
20230616093705450,6.72,6.71,6.6955367960677314
20230616093705580,6.72,6.71,6.6955367960677314
20230616093705630,6.72,6.71,6.6955367960677314
20230616093705920,6.72,6.71,6.6955367960677314
20230616093706010,6.72,6.71,6.6955528503036845
20230616093706130,6.72,6.71,6.6955528503036845
20230616093706160,6.72,6.71,6.6955528503036845
20230616093706180,6.72,6.71,6.6955528503036845
20230616093707870,6.72,6.71,6.6955528503036845
20230616093708070,6.72,6.71,6.6955528503036845
20230616093708300,6.72,6.71,6.6955528503036845
20230616093708330,6.72,6.71,6.6955528503036845
20230616093708430,6.72,6.71,6.6955528503036845
20230616093708580,6.72,6.71,6.695680186816797
20230616093708630,6.72,6.71,6.695680186816797
20230616093708650,6.72,6.71,6.695742513552004
20230616093708780,6.72,6.71,6.695764988802354
20230616093708790,6.72,6.71,6.695764988802354
20230616093708900,6.72,6.71,6.695764988802354
20230616093708960,6.72,6.71,6.695764988802354
20230616093708970,6.72,6.71,6.695769600870898
20230616093708990,6.72,6.71,6.695769600870898
20230616093710490,6.72,6.71,6.695769600870898
20230616093710550,6.72,6.71,6.695769600870898
20230616093710570,6.72,6.71,6.695769600870898
20230616093710600,6.72,6.71,6.695769600870898
20230616093710710,6.72,6.71,6.695769600870898
20230616093710770,6.72,6.71,6.695769600870898
20230616093710790,6.72,6.71,6.695769600870898
20230616093710920,6.72,6.71,6.695769600870898
20230616093710950,6.72,6.71,6.695769600870898
20230616093711300,6.72,6.71,6.695769600870898
20230616093711380,6.72,6.71,6.695769600870898
20230616093711450,6.72,6.71,6.695769600870898
20230616093711540,6.72,6.71,6.695769600870898
20230616093711690,6.72,6.71,6.695769600870898
20230616093713160,6.72,6.71,6.695769600870898
20230616093713250,6.72,6.71,6.695806442220906
20230616093713380,6.72,6.71,6.695806442220906
20230616093713410,6.72,6.71,6.695806442220906
20230616093713590,6.72,6.71,6.695806442220906
20230616093713720,6.72,6.71,6.695806442220906
20230616093713770,6.72,6.71,6.695806442220906
20230616093713820,6.72,6.71,6.695806442220906
20230616093713930,6.72,6.71,6.695806442220906
20230616093713980,6.72,6.71,6.695806442220906
20230616093714110,6.72,6.71,6.695806442220906
20230616093714140,6.72,6.71,6.695806442220906
20230616093714160,6.72,6.71,6.695806442220906
20230616093714210,6.72,6.71,6.695806442220906
20230616093714230,6.72,6.71,6.695818176527078
20230616093714300,6.72,6.71,6.695818176527078
20230616093714310,6.72,6.71,6.695818176527078
20230616093714330,6.72,6.71,6.695818176527078
20230616093715950,6.72,6.71,6.695818176527078
20230616093715980,6.72,6.71,6.695818176527078
20230616093716020,6.72,6.71,6.695818176527078
20230616093716040,6.72,6.71,6.695818176527078
20230616093716170,6.72,6.71,6.695850192297136
20230616093716250,6.72,6.71,6.695850192297136
20230616093716410,6.72,6.71,6.695850192297136
20230616093716480,6.72,6.71,6.695850192297136
20230616093716620,6.72,6.71,6.695850192297136
20230616093716770,6.72,6.71,6.695850192297136
20230616093716880,6.72,6.71,6.695850192297136
20230616093716990,6.72,6.71,6.695850192297136
20230616093717000,6.72,6.71,6.695850192297136
20230616093718540,6.72,6.71,6.695850192297136
20230616093718670,6.72,6.71,6.695850192297136
20230616093718690,6.72,6.71,6.695850192297136
20230616093718710,6.72,6.71,6.695850192297136
20230616093718800,6.72,6.71,6.695850192297136
20230616093719020,6.72,6.71,6.695850192297136
20230616093719120,6.72,6.71,6.695850192297136
20230616093719130,6.72,6.71,6.695850192297136
20230616093719190,6.72,6.71,6.695850192297136
20230616093719240,6.72,6.71,6.695871040176541
20230616093719330,6.72,6.71,6.695871040176541
20230616093719410,6.72,6.71,6.695876052595084
20230616093719610,6.72,6.71,6.695876052595084
20230616093719640,6.72,6.71,6.695876052595084
20230616093719730,6.72,6.71,6.695876052595084
20230616093721370,6.72,6.71,6.695876052595084
20230616093721410,6.72,6.71,6.695876052595084
20230616093721450,6.72,6.71,6.695876052595084
20230616093721490,6.72,6.71,6.695876052595084
20230616093721600,6.72,6.71,6.695876052595084
20230616093721810,6.72,6.71,6.695876052595084
20230616093721820,6.72,6.71,6.695876052595084
20230616093721950,6.72,6.71,6.695876052595084
20230616093722020,6.72,6.71,6.695876052595084
20230616093722080,6.72,6.71,6.695876052595084
20230616093722090,6.72,6.71,6.695876052595084
20230616093722110,6.72,6.71,6.695876052595084
20230616093722160,6.72,6.71,6.695876052595084
20230616093722210,6.72,6.71,6.695876052595084
20230616093722250,6.72,6.71,6.695876052595084
20230616093722290,6.72,6.71,6.695876052595084
20230616093722300,6.72,6.71,6.695876052595084
20230616093722490,6.72,6.71,6.695910046792929
20230616093724090,6.72,6.71,6.695910046792929
20230616093724130,6.72,6.71,6.695910046792929
20230616093724200,6.72,6.71,6.695910046792929
20230616093724260,6.72,6.71,6.695910046792929
20230616093724280,6.72,6.71,6.695910046792929
20230616093724350,6.72,6.71,6.695910046792929
20230616093724430,6.72,6.71,6.695917756455854
20230616093724470,6.72,6.71,6.695917756455854
20230616093724570,6.72,6.71,6.695917756455854
20230616093724770,6.72,6.71,6.695917756455854
20230616093724790,6.72,6.71,6.695917756455854
20230616093724960,6.72,6.71,6.695917756455854
20230616093725050,6.72,6.71,6.695917756455854
20230616093725060,6.72,6.71,6.695917756455854
20230616093725200,6.72,6.71,6.695917756455854
20230616093726670,6.72,6.71,6.695917756455854
20230616093726900,6.72,6.71,6.695917756455854
20230616093726980,6.72,6.71,6.695917756455854
20230616093727030,6.72,6.71,6.695917756455854
20230616093727120,6.72,6.71,6.695917756455854
20230616093727130,6.72,6.71,6.695917756455854
20230616093727170,6.71,6.71,6.695917756455854
20230616093727260,6.71,6.71,6.695917756455854
20230616093727290,6.71,6.71,6.695917756455854
20230616093727430,6.71,6.71,6.695917756455854
20230616093727520,6.72,6.71,6.695917756455854
20230616093727590,6.72,6.71,6.695917756455854
20230616093727600,6.72,6.71,6.695917756455854
20230616093727620,6.72,6.71,6.695917756455854
20230616093727630,6.72,6.71,6.695917756455854
20230616093727650,6.72,6.71,6.695917756455854
20230616093727720,6.72,6.71,6.695917756455854
20230616093727750,6.72,6.71,6.695917756455854
20230616093727760,6.72,6.71,6.695917756455854
20230616093727810,6.72,6.71,6.695917756455854
20230616093727870,6.72,6.71,6.695917756455854
20230616093729360,6.72,6.71,6.695917756455854
20230616093729570,6.72,6.71,6.695917756455854
20230616093729590,6.72,6.71,6.69600277700461
20230616093729600,6.71,6.71,6.696033162328769
20230616093729620,6.71,6.71,6.696033162328769
20230616093729650,6.71,6.71,6.696033162328769
20230616093729990,6.71,6.71,6.696033162328769
20230616093730030,6.71,6.71,6.696033162328769
20230616093730150,6.71,6.71,6.696033162328769
20230616093730170,6.71,6.71,6.696033162328769
20230616093730180,6.71,6.71,6.696033162328769
20230616093730420,6.71,6.71,6.696033162328769
20230616093732060,6.71,6.71,6.696033162328769
20230616093732180,6.71,6.71,6.696033162328769
20230616093732190,6.71,6.71,6.696033162328769
20230616093732240,6.71,6.71,6.696033162328769
20230616093732370,6.71,6.71,6.696033162328769
20230616093732380,6.71,6.71,6.696033162328769
20230616093732420,6.71,6.71,6.696033162328769
20230616093732640,6.71,6.71,6.696033162328769
20230616093732760,6.71,6.71,6.696033162328769
20230616093732770,6.71,6.71,6.696033162328769
20230616093732830,6.71,6.71,6.696033162328769
20230616093733010,6.71,6.71,6.696033162328769
20230616093733070,6.71,6.71,6.696033162328769
20230616093733090,6.71,6.71,6.696033162328769
20230616093734750,6.71,6.71,6.696033162328769
20230616093734790,6.71,6.71,6.696033795408191
20230616093734820,6.71,6.71,6.696033795408191
20230616093735300,6.71,6.71,6.696033795408191
20230616093735430,6.71,6.71,6.696033795408191
20230616093735460,6.71,6.71,6.696033795408191
20230616093735470,6.71,6.71,6.696033795408191
20230616093735500,6.71,6.71,6.696033795408191
20230616093735660,6.71,6.71,6.696033795408191
20230616093735710,6.71,6.71,6.696033795408191
20230616093735820,6.71,6.71,6.696033795408191
20230616093735850,6.71,6.71,6.696033795408191
20230616093737490,6.71,6.71,6.696033795408191
20230616093737500,6.71,6.71,6.696036957776665
20230616093737600,6.71,6.71,6.696036957776665
20230616093737650,6.71,6.71,6.696036957776665
20230616093737670,6.71,6.71,6.696036957776665
20230616093737680,6.71,6.71,6.696036957776665
20230616093737790,6.71,6.71,6.696036957776665
20230616093738030,6.71,6.71,6.696036957776665
20230616093738250,6.71,6.71,6.696036957776665
20230616093738300,6.71,6.71,6.696036957776665
20230616093738320,6.71,6.71,6.696036957776665
20230616093738520,6.71,6.71,6.696036957776665
20230616093738550,6.71,6.71,6.696036957776665
20230616093738650,6.7,6.71,6.696036957776665
20230616093738660,6.7,6.71,6.696036957776665
20230616093740130,6.7,6.71,6.696036957776665
20230616093740190,6.7,6.71,6.696036957776665
20230616093740220,6.71,6.71,6.696044079347927
20230616093740250,6.71,6.71,6.69605856535847
20230616093740320,6.71,6.71,6.69605856535847
20230616093740440,6.71,6.71,6.69605856535847
20230616093740510,6.71,6.71,6.69605856535847
20230616093740550,6.71,6.71,6.696070927333382
20230616093740570,6.71,6.71,6.696070927333382
20230616093740590,6.71,6.71,6.696070927333382
20230616093740660,6.71,6.71,6.696070927333382
20230616093740670,6.71,6.71,6.696070927333382
20230616093740750,6.71,6.71,6.696070927333382
20230616093740800,6.71,6.71,6.696070927333382
20230616093740840,6.71,6.71,6.696070927333382
20230616093740890,6.71,6.71,6.696070927333382
20230616093740900,6.71,6.71,6.696070927333382
20230616093741000,6.71,6.71,6.696070927333382
20230616093741330,6.71,6.71,6.696070927333382
20230616093741350,6.71,6.71,6.696070927333382
20230616093741370,6.71,6.71,6.696070927333382
20230616093742840,6.71,6.71,6.696070927333382
20230616093742900,6.71,6.71,6.696070927333382
20230616093743160,6.71,6.71,6.696070927333382
20230616093743640,6.71,6.71,6.696070927333382
20230616093743700,6.71,6.71,6.696070927333382
20230616093743800,6.71,6.71,6.696070927333382
20230616093743810,6.71,6.71,6.696070927333382
20230616093743940,6.71,6.71,6.696070927333382
20230616093745590,6.71,6.71,6.696070927333382
20230616093745600,6.71,6.71,6.696070927333382
20230616093745610,6.71,6.71,6.696070927333382
20230616093745690,6.71,6.71,6.696070927333382
20230616093745850,6.71,6.71,6.696070927333382
20230616093745870,6.71,6.71,6.696070927333382
20230616093745890,6.71,6.71,6.696070927333382
20230616093745920,6.71,6.71,6.696070927333382
20230616093745980,6.71,6.71,6.696070927333382
20230616093746150,6.71,6.71,6.6960766616948035
20230616093746160,6.71,6.71,6.6960766616948035
20230616093746170,6.71,6.71,6.6960766616948035
20230616093746200,6.71,6.71,6.69611109180679
20230616093746230,6.71,6.71,6.69611109180679
20230616093746290,6.71,6.71,6.69611109180679
20230616093746420,6.71,6.71,6.69611109180679
20230616093746640,6.71,6.71,6.69611109180679
20230616093746770,6.71,6.71,6.69611109180679
20230616093748500,6.71,6.71,6.69611109180679
20230616093748670,6.71,6.71,6.69611109180679
20230616093748930,6.71,6.71,6.69611109180679
20230616093748950,6.71,6.71,6.69611109180679
20230616093749000,6.71,6.71,6.69611109180679
20230616093749150,6.71,6.71,6.69611109180679
20230616093749210,6.71,6.71,6.69611109180679
20230616093749230,6.71,6.71,6.69611109180679
20230616093749460,6.71,6.71,6.69611109180679
20230616093749470,6.71,6.71,6.69611109180679
20230616093751190,6.71,6.71,6.69611109180679
20230616093751300,6.71,6.7,6.696113547181366
20230616093751310,6.71,6.7,6.696113547181366
20230616093751360,6.71,6.7,6.696113547181366
20230616093751600,6.71,6.7,6.696113547181366
20230616093751640,6.71,6.7,6.696113547181366
20230616093751670,6.71,6.7,6.696113547181366
20230616093751770,6.71,6.7,6.696113547181366
20230616093751850,6.71,6.7,6.696113547181366
20230616093752090,6.71,6.7,6.696113547181366
20230616093752130,6.71,6.7,6.696113547181366
20230616093752150,6.71,6.7,6.696113547181366
20230616093752160,6.71,6.7,6.696113547181366
20230616093753630,6.71,6.7,6.696113547181366
20230616093753750,6.71,6.7,6.696113547181366
20230616093753810,6.71,6.7,6.696113547181366
20230616093753820,6.71,6.7,6.696113547181366
20230616093753960,6.71,6.7,6.696113547181366
20230616093754120,6.71,6.7,6.696113547181366
20230616093754500,6.71,6.7,6.696113547181366
20230616093754660,6.71,6.7,6.696113547181366
20230616093754840,6.71,6.7,6.696113547181366
20230616093754860,6.71,6.7,6.696113547181366
20230616093754870,6.71,6.7,6.696113547181366
20230616093756400,6.71,6.7,6.696113547181366
20230616093756450,6.71,6.7,6.696113547181366
20230616093756480,6.71,6.7,6.696113547181366
20230616093756580,6.71,6.7,6.696113547181366
20230616093756770,6.71,6.7,6.696113547181366
20230616093756800,6.71,6.7,6.696113547181366
20230616093756820,6.71,6.7,6.696113547181366
20230616093757030,6.71,6.7,6.696113547181366
20230616093757110,6.71,6.7,6.696113547181366
20230616093757450,6.71,6.7,6.696113547181366
20230616093757480,6.71,6.7,6.696113547181366
20230616093757490,6.71,6.7,6.696117053341203
20230616093757530,6.71,6.7,6.696117053341203
20230616093759100,6.71,6.7,6.696117053341203
20230616093759120,6.71,6.7,6.696119869936956
20230616093759280,6.71,6.7,6.696128182256585
20230616093759320,6.71,6.7,6.696128182256585
20230616093759370,6.71,6.7,6.696128182256585
20230616093759400,6.71,6.7,6.696128182256585
20230616093759420,6.71,6.7,6.696128182256585
20230616093759560,6.71,6.7,6.696128182256585
20230616093759950,6.71,6.7,6.696128182256585
20230616093800050,6.71,6.7,6.696128182256585
20230616093800150,6.71,6.7,6.696128182256585
20230616093800180,6.71,6.7,6.696128182256585
20230616093800200,6.71,6.7,6.696128182256585
20230616093800280,6.71,6.7,6.696128182256585
20230616093801800,6.71,6.7,6.696128304289312
20230616093801840,6.71,6.7,6.696128304289312
20230616093801890,6.71,6.7,6.696128304289312
20230616093801940,6.71,6.7,6.696128304289312
20230616093801990,6.71,6.7,6.696128304289312
20230616093802160,6.71,6.7,6.696128304289312
20230616093802310,6.71,6.7,6.696128426314346
20230616093802340,6.71,6.7,6.696128426314346
20230616093802580,6.71,6.7,6.696128426314346
20230616093802600,6.71,6.7,6.696128426314346
20230616093802650,6.71,6.7,6.696128426314346
20230616093802950,6.71,6.7,6.696128426314346
20230616093804520,6.71,6.7,6.696128426314346
20230616093804550,6.71,6.7,6.696128426314346
20230616093804560,6.71,6.7,6.696128426314346
20230616093804630,6.71,6.7,6.6961437112175215
20230616093804670,6.71,6.7,6.6961437112175215
20230616093804740,6.71,6.7,6.6961437112175215
20230616093804750,6.71,6.7,6.696144147434102
20230616093804810,6.71,6.7,6.696144147434102
20230616093805020,6.71,6.7,6.696144147434102
20230616093805040,6.71,6.7,6.696156350357158
20230616093805350,6.71,6.7,6.696156350357158
20230616093805640,6.71,6.7,6.696156350357158
20230616093807460,6.71,6.7,6.696156350357158
20230616093807510,6.71,6.7,6.696156350357158
20230616093807520,6.71,6.7,6.696156350357158
20230616093807680,6.71,6.7,6.696156350357158
20230616093807870,6.71,6.7,6.696156350357158
20230616093807910,6.71,6.7,6.696156350357158
20230616093807930,6.71,6.7,6.696156350357158
20230616093808050,6.71,6.7,6.696156350357158
20230616093808070,6.71,6.7,6.696156350357158
20230616093808310,6.71,6.7,6.696156350357158
20230616093808340,6.71,6.7,6.696156350357158
20230616093808350,6.71,6.7,6.69615886460603
20230616093809920,6.71,6.7,6.69615886460603
