Timestamp,ask1,bid1,VWAP
20230803093000000,6.25,7.63,0.0
20230803093000020,6.25,7.63,0.0
20230803093000030,6.73,6.92,0.0
20230803093000040,6.73,6.92,0.0
20230803093000050,6.73,6.92,0.0
20230803093000060,6.73,6.92,0.0
20230803093000070,6.73,6.92,6.9161363636363635
20230803093000080,6.73,6.92,6.916145251396648
20230803093000090,6.73,6.92,6.916145251396648
20230803093000100,6.73,6.92,6.916086956521739
20230803093000110,6.73,6.92,6.916086956521739
20230803093000120,6.73,6.92,6.916086956521739
20230803093000310,6.73,6.92,6.916086956521739
20230803093000320,6.73,6.92,6.916086956521739
20230803093000330,6.73,6.92,6.916086956521739
20230803093000340,6.73,6.92,6.916086956521739
20230803093000350,6.73,6.92,6.916086956521739
20230803093000360,6.73,6.92,6.916086956521739
20230803093000370,6.73,6.92,6.916086956521739
20230803093000380,6.73,6.92,6.916086956521739
20230803093000400,6.73,6.92,6.916086956521739
20230803093000410,6.73,6.92,6.916086956521739
20230803093000420,6.73,6.92,6.916086956521739
20230803093000430,6.73,6.92,6.916086956521739
20230803093000450,6.73,6.92,6.916086956521739
20230803093000460,6.73,6.92,6.916086956521739
20230803093000470,6.73,6.92,6.916086956521739
20230803093000480,6.73,6.92,6.916086956521739
20230803093000490,6.73,6.92,6.916086956521739
20230803093000500,6.73,6.92,6.916086956521739
20230803093000510,6.73,6.92,6.916086956521739
20230803093000520,6.73,6.92,6.916086956521739
20230803093000530,6.73,6.92,6.916086956521739
20230803093000540,6.73,6.92,6.916086956521739
20230803093000550,6.73,6.92,6.916086956521739
20230803093000560,6.73,6.92,6.916086956521739
20230803093000570,6.73,6.92,6.916086956521739
20230803093000580,6.73,6.92,6.916086956521739
20230803093000590,6.73,6.92,6.916086956521739
20230803093001110,6.73,6.92,6.916086956521739
20230803093001120,6.73,6.92,6.916086956521739
20230803093001130,6.73,6.92,6.916086956521739
20230803093001150,6.73,6.92,6.916086956521739
20230803093001160,6.73,6.92,6.916086956521739
20230803093001170,6.73,6.92,6.916086956521739
20230803093001180,6.73,6.92,6.916086956521739
20230803093001200,6.73,6.92,6.916086956521739
20230803093001210,6.73,6.92,6.916086956521739
20230803093001240,6.73,6.92,6.916086956521739
20230803093001250,6.73,6.92,6.916086956521739
20230803093001260,6.73,6.92,6.916086956521739
20230803093001270,6.73,6.92,6.916086956521739
20230803093001280,6.73,6.92,6.916086956521739
20230803093001290,6.73,6.92,6.916086956521739
20230803093001310,6.73,6.92,6.916086956521739
20230803093001320,6.73,6.92,6.916086956521739
20230803093001330,6.73,6.92,6.916086956521739
20230803093001340,6.81,6.91,6.916086956521739
20230803093001350,6.93,6.91,6.916953316953317
20230803093001380,6.93,6.91,6.916953316953317
20230803093001390,6.93,6.91,6.916953316953317
20230803093001410,6.93,6.91,6.916953316953317
20230803093001420,6.93,6.91,6.916953316953317
20230803093001430,6.92,6.91,6.916953316953317
20230803093001440,6.92,6.91,6.916953316953317
20230803093001450,6.92,6.91,6.916953316953317
20230803093001460,6.92,6.91,6.916953316953317
20230803093001480,6.93,6.91,6.916953316953317
20230803093001490,6.93,6.91,6.917482724580454
20230803093001500,6.93,6.91,6.917482724580454
20230803093001510,6.91,6.9,6.914502341920374
20230803093001520,6.91,6.9,6.914502341920374
20230803093001530,6.91,6.9,6.914502341920374
20230803093001550,6.91,6.9,6.914502341920374
20230803093001570,6.91,6.9,6.914502341920374
20230803093001580,6.91,6.9,6.914502341920374
20230803093001590,6.91,6.9,6.914499707431246
20230803093001610,6.91,6.9,6.914499707431246
20230803093001630,6.91,6.9,6.914499707431246
20230803093001640,6.91,6.9,6.914499707431246
20230803093001680,6.91,6.9,6.914499707431246
20230803093001700,6.91,6.9,6.914499707431246
20230803093001710,6.91,6.9,6.914499707431246
20230803093001750,6.91,6.9,6.914481351981352
20230803093001760,6.91,6.9,6.914481351981352
20230803093002740,6.91,6.9,6.914481351981352
20230803093002750,6.91,6.9,6.914481351981352
20230803093002780,6.91,6.9,6.914481351981352
20230803093002800,6.91,6.9,6.914481351981352
20230803093002810,6.91,6.9,6.914481351981352
20230803093002820,6.91,6.9,6.9144729178800235
20230803093002840,6.91,6.9,6.9144729178800235
20230803093002850,6.91,6.91,6.9144729178800235
20230803093002860,6.91,6.91,6.9144729178800235
20230803093002870,6.91,6.91,6.9144729178800235
20230803093002960,6.91,6.91,6.9144729178800235
20230803093002970,6.91,6.9,6.914287330316742
20230803093002980,6.91,6.9,6.914287330316742
20230803093002990,6.91,6.9,6.914287330316742
20230803093003000,6.91,6.9,6.914287330316742
20230803093003010,6.91,6.9,6.914287330316742
20230803093003020,6.91,6.9,6.914287330316742
20230803093003030,6.91,6.9,6.914287330316742
20230803093003100,6.91,6.9,6.914287330316742
20230803093003110,6.91,6.9,6.914287330316742
20230803093003140,6.91,6.9,6.914287330316742
20230803093003150,6.91,6.9,6.914287330316742
20230803093003180,6.91,6.9,6.914287330316742
20230803093003220,6.91,6.9,6.914287330316742
20230803093003240,6.91,6.9,6.914287330316742
20230803093003270,6.91,6.9,6.914287330316742
20230803093003290,6.91,6.9,6.914287330316742
20230803093003300,6.91,6.9,6.914287330316742
20230803093003350,6.91,6.9,6.914287330316742
20230803093003370,6.91,6.9,6.914287330316742
20230803093003390,6.91,6.9,6.914287330316742
20230803093003430,6.91,6.9,6.914287330316742
20230803093003440,6.91,6.9,6.91413435281267
20230803093003450,6.91,6.9,6.91413435281267
20230803093003460,6.91,6.9,6.91413435281267
20230803093003470,6.91,6.9,6.91413435281267
20230803093003480,6.91,6.9,6.91413435281267
20230803093003490,6.91,6.9,6.91413435281267
20230803093003500,6.91,6.9,6.91413435281267
20230803093003510,6.91,6.9,6.91413435281267
20230803093003530,6.91,6.9,6.91413435281267
20230803093003550,6.91,6.9,6.91413435281267
20230803093003580,6.91,6.9,6.91413435281267
20230803093003730,6.91,6.9,6.91413435281267
20230803093003750,6.91,6.9,6.91413435281267
20230803093003760,6.91,6.9,6.91413435281267
20230803093003870,6.91,6.9,6.91413435281267
20230803093003900,6.91,6.9,6.91413435281267
20230803093003910,6.91,6.9,6.91413435281267
20230803093003920,6.91,6.9,6.91413435281267
20230803093003930,6.91,6.9,6.91413435281267
20230803093003950,6.91,6.9,6.91413435281267
20230803093003970,6.91,6.9,6.91413435281267
20230803093003980,6.91,6.9,6.91413435281267
20230803093004000,6.91,6.9,6.91413435281267
20230803093004010,6.91,6.9,6.914003172924379
20230803093004020,6.91,6.9,6.914003172924379
20230803093004030,6.91,6.9,6.914003172924379
20230803093006110,6.91,6.9,6.914003172924379
20230803093006120,6.91,6.9,6.914003172924379
20230803093006130,6.91,6.9,6.914003172924379
20230803093006220,6.91,6.9,6.913953732912724
20230803093006240,6.91,6.9,6.913582395087001
20230803093006350,6.91,6.9,6.913582395087001
20230803093006690,6.91,6.9,6.913582395087001
20230803093006860,6.91,6.9,6.913582395087001
20230803093007050,6.91,6.9,6.913582395087001
20230803093007090,6.91,6.9,6.91317748524739
20230803093007100,6.91,6.9,6.913163126976954
20230803093007110,6.91,6.91,6.9130715225976305
20230803093007120,6.91,6.91,6.9130715225976305
20230803093007130,6.91,6.91,6.9130634573304155
20230803093007160,6.91,6.91,6.9130634573304155
20230803093007190,6.91,6.91,6.9130634573304155
20230803093007220,6.91,6.91,6.9130634573304155
20230803093007230,6.91,6.91,6.9130634573304155
20230803093007260,6.91,6.91,6.913059440559441
20230803093007440,6.91,6.91,6.913059440559441
20230803093007450,6.91,6.91,6.913059440559441
20230803093007580,6.91,6.91,6.913059440559441
20230803093007790,6.91,6.91,6.913059440559441
20230803093007940,6.91,6.91,6.913047453199826
20230803093008160,6.91,6.91,6.913047453199826
20230803093008290,6.91,6.91,6.913047453199826
20230803093008350,6.91,6.91,6.913046127067015
20230803093008440,6.91,6.91,6.913046127067015
20230803093008520,6.91,6.91,6.913026372676178
20230803093008540,6.91,6.91,6.913026372676178
20230803093008580,6.91,6.91,6.913026372676178
20230803093008840,6.91,6.91,6.913015118790497
20230803093008850,6.91,6.91,6.913015118790497
20230803093008880,6.91,6.91,6.912998274374461
20230803093008890,6.91,6.91,6.9129931093884585
20230803093012620,6.91,6.91,6.9129931093884585
20230803093012690,6.91,6.91,6.9129931093884585
20230803093012710,6.91,6.91,6.9129931093884585
20230803093012720,6.91,6.91,6.9129931093884585
20230803093012930,6.91,6.91,6.9129931093884585
20230803093012970,6.91,6.91,6.9129931093884585
20230803093013080,6.91,6.91,6.9129931093884585
20230803093013090,6.91,6.91,6.9129931093884585
20230803093013100,6.91,6.91,6.9129931093884585
20230803093013370,6.91,6.91,6.9129931093884585
20230803093013380,6.91,6.91,6.9129931093884585
20230803093013460,6.91,6.91,6.9129931093884585
20230803093013540,6.91,6.91,6.912840544871795
20230803093013610,6.91,6.91,6.9128235762644366
20230803093013670,6.91,6.91,6.9128235762644366
20230803093013720,6.91,6.91,6.9128235762644366
20230803093014020,6.91,6.91,6.9128235762644366
20230803093014090,6.91,6.91,6.9128235762644366
20230803093014180,6.91,6.91,6.9128235762644366
20230803093014700,6.91,6.91,6.9128235762644366
20230803093016400,6.91,6.91,6.9128235762644366
20230803093016440,6.91,6.91,6.9128235762644366
20230803093016460,6.91,6.91,6.9128235762644366
20230803093016480,6.91,6.92,6.9128235762644366
20230803093016600,6.91,6.92,6.9128235762644366
20230803093017330,6.91,6.92,6.9128235762644366
20230803093018980,6.91,6.92,6.9128235762644366
20230803093019070,6.91,6.92,6.9128235762644366
20230803093019080,6.91,6.91,6.9128235762644366
20230803093019120,6.91,6.91,6.9128235762644366
20230803093019390,6.91,6.91,6.9128235762644366
20230803093019430,6.91,6.91,6.9128235762644366
20230803093019750,6.91,6.92,6.9128235762644366
20230803093019900,6.91,6.92,6.9128235762644366
20230803093020060,6.91,6.92,6.9128235762644366
20230803093021650,6.91,6.92,6.9128235762644366
20230803093022080,6.91,6.92,6.91295543393276
20230803093022090,6.91,6.92,6.91295543393276
20230803093022190,6.91,6.92,6.91295543393276
20230803093022300,6.91,6.92,6.91295543393276
20230803093022310,6.91,6.92,6.91295543393276
20230803093022340,6.91,6.92,6.91295543393276
20230803093022410,6.91,6.92,6.91295543393276
20230803093022680,6.91,6.92,6.91295543393276
20230803093022690,6.91,6.92,6.912963686060133
20230803093022720,6.91,6.92,6.913037094281298
20230803093022730,6.91,6.92,6.913037094281298
20230803093022790,6.91,6.92,6.913037094281298
20230803093024990,6.91,6.92,6.913037094281298
20230803093025060,6.91,6.92,6.913037094281298
20230803093025070,6.91,6.92,6.913037094281298
20230803093025080,6.91,6.92,6.9131
20230803093025140,6.91,6.92,6.913102652825836
20230803093025150,6.91,6.92,6.913102652825836
20230803093025160,6.91,6.92,6.913102652825836
20230803093025220,6.91,6.92,6.913102652825836
20230803093025330,6.91,6.92,6.913102652825836
20230803093025570,6.91,6.92,6.913102652825836
20230803093027110,6.91,6.92,6.913102652825836
20230803093027170,6.91,6.92,6.913102652825836
20230803093027180,6.91,6.92,6.913631284916201
20230803093027560,6.93,6.92,6.9149948787982245
20230803093027570,6.93,6.92,6.9149948787982245
20230803093027610,6.93,6.92,6.9149948787982245
20230803093027670,6.93,6.92,6.9149948787982245
20230803093027700,6.93,6.92,6.9149948787982245
20230803093027940,6.93,6.92,6.9149948787982245
20230803093028110,6.93,6.92,6.9149948787982245
20230803093028140,6.93,6.91,6.9149948787982245
20230803093028160,6.93,6.91,6.9149948787982245
20230803093028170,6.93,6.91,6.9149948787982245
20230803093028200,6.93,6.92,6.9149948787982245
20230803093030080,6.93,6.92,6.9149948787982245
20230803093030200,6.93,6.92,6.9149948787982245
20230803093030210,6.93,6.92,6.9149948787982245
20230803093030250,6.93,6.92,6.915147058823529
20230803093030530,6.93,6.92,6.915176784523015
20230803093030810,6.93,6.92,6.915332472562944
20230803093030820,6.93,6.92,6.915332472562944
20230803093030940,6.93,6.92,6.915332472562944
20230803093032900,6.93,6.92,6.9153655394524955
20230803093033020,6.93,6.92,6.9153655394524955
20230803093033110,6.93,6.92,6.9153655394524955
20230803093033430,6.93,6.92,6.9153655394524955
20230803093033510,6.93,6.92,6.9153655394524955
20230803093033520,6.93,6.92,6.9153655394524955
20230803093033570,6.93,6.92,6.9153655394524955
20230803093033580,6.93,6.92,6.9153655394524955
20230803093033600,6.93,6.92,6.9153655394524955
20230803093033630,6.93,6.92,6.9153655394524955
20230803093035380,6.93,6.92,6.9153655394524955
20230803093035430,6.93,6.92,6.9153655394524955
20230803093036060,6.93,6.92,6.9153655394524955
20230803093036090,6.93,6.92,6.9153655394524955
20230803093036270,6.93,6.92,6.9153655394524955
20230803093036310,6.93,6.92,6.9153655394524955
20230803093037980,6.93,6.92,6.9153655394524955
20230803093038030,6.93,6.92,6.9153655394524955
20230803093038140,6.93,6.92,6.9153655394524955
20230803093038240,6.93,6.92,6.9153655394524955
20230803093038260,6.93,6.92,6.9153655394524955
20230803093038340,6.93,6.92,6.9153655394524955
20230803093038390,6.93,6.92,6.9153655394524955
20230803093038910,6.93,6.92,6.9153655394524955
20230803093038950,6.93,6.92,6.9153655394524955
20230803093039100,6.93,6.92,6.9153655394524955
20230803093040610,6.93,6.92,6.9153655394524955
20230803093040710,6.93,6.92,6.9153655394524955
20230803093040810,6.93,6.92,6.915685310387215
20230803093040840,6.93,6.92,6.915685310387215
20230803093041000,6.93,6.92,6.915685310387215
20230803093041060,6.93,6.92,6.915685310387215
20230803093041340,6.93,6.92,6.915685310387215
20230803093041740,6.93,6.92,6.915685310387215
20230803093041760,6.93,6.92,6.915685310387215
20230803093043290,6.94,6.92,6.916380116959064
20230803093043400,6.94,6.92,6.916459302325581
20230803093043440,6.94,6.92,6.916530902876674
20230803093044340,6.94,6.92,6.916530902876674
20230803093045980,6.94,6.92,6.916530902876674
20230803093046140,6.94,6.92,6.916530902876674
20230803093046160,6.94,6.92,6.916580500140489
20230803093046220,6.94,6.92,6.916580500140489
20230803093046520,6.93,6.92,6.916580500140489
20230803093046530,6.93,6.92,6.916580500140489
20230803093046740,6.93,6.92,6.916580500140489
20230803093048730,6.93,6.92,6.916580500140489
20230803093048820,6.93,6.92,6.916580500140489
20230803093049090,6.93,6.92,6.916580500140489
20230803093049130,6.93,6.92,6.916580500140489
20230803093049180,6.93,6.92,6.916580500140489
20230803093049200,6.93,6.92,6.916615641525188
20230803093049220,6.93,6.92,6.916619365609349
20230803093049560,6.93,6.92,6.916821046862154
20230803093051440,6.93,6.92,6.916821046862154
20230803093051990,6.93,6.92,6.916821046862154
20230803093052120,6.93,6.92,6.916821046862154
20230803093052150,6.93,6.92,6.916821046862154
20230803093052230,6.93,6.92,6.9168353741496595
20230803093052300,6.93,6.92,6.9168353741496595
20230803093052510,6.94,6.92,6.9168389553862895
20230803093052530,6.94,6.92,6.9168389553862895
20230803093054390,6.94,6.92,6.9168389553862895
20230803093054480,6.92,6.92,6.9168389553862895
20230803093054510,6.92,6.92,6.9168389553862895
20230803093054670,6.92,6.92,6.9168389553862895
20230803093054760,6.92,6.92,6.9168389553862895
20230803093054770,6.92,6.92,6.9168389553862895
20230803093054790,6.92,6.92,6.9168389553862895
20230803093054800,6.92,6.92,6.9168389553862895
20230803093054810,6.92,6.92,6.9168389553862895
20230803093054830,6.92,6.92,6.9168389553862895
20230803093054840,6.92,6.92,6.9168389553862895
20230803093054890,6.92,6.92,6.9168389553862895
20230803093054940,6.92,6.92,6.9168389553862895
20230803093054960,6.92,6.92,6.9168389553862895
20230803093054970,6.92,6.92,6.9168389553862895
20230803093055020,6.92,6.92,6.9168389553862895
20230803093055070,6.92,6.92,6.9168389553862895
20230803093055080,6.92,6.92,6.9168389553862895
20230803093055100,6.92,6.92,6.9168389553862895
20230803093055110,6.92,6.92,6.9168389553862895
20230803093055140,6.92,6.92,6.9168389553862895
20230803093055200,6.92,6.92,6.916954301075269
20230803093055230,6.92,6.92,6.916954301075269
20230803093056990,6.92,6.92,6.916954301075269
20230803093057060,6.92,6.92,6.916954301075269
20230803093057120,6.92,6.92,6.916954301075269
20230803093057560,6.92,6.91,6.916955937667921
20230803093057570,6.92,6.91,6.9169640943193995
20230803093057760,6.92,6.91,6.9169640943193995
20230803093059590,6.92,6.91,6.9169640943193995
20230803093059660,6.92,6.91,6.9169640943193995
20230803093059670,6.92,6.91,6.9170215562565724
20230803093059870,6.92,6.91,6.9170215562565724
20230803093100290,6.92,6.91,6.9170215562565724
20230803093100400,6.92,6.91,6.9170215562565724
20230803093100470,6.92,6.91,6.917026743576298
20230803093100600,6.92,6.91,6.917026743576298
20230803093102320,6.92,6.91,6.917026743576298
20230803093102470,6.92,6.91,6.917026743576298
20230803093102630,6.92,6.91,6.917026743576298
20230803093102830,6.92,6.91,6.917026743576298
20230803093105430,6.92,6.91,6.917026743576298
20230803093105800,6.92,6.91,6.917026743576298
20230803093107750,6.92,6.91,6.917026743576298
20230803093108170,6.92,6.91,6.917026743576298
20230803093108250,6.92,6.91,6.917026743576298
20230803093108320,6.92,6.91,6.916979166666667
20230803093108330,6.92,6.91,6.916979166666667
20230803093108390,6.92,6.91,6.916979166666667
20230803093108410,6.92,6.91,6.916979166666667
20230803093108730,6.92,6.9,6.916750629722922
20230803093108740,6.92,6.9,6.916653514180025
20230803093110280,6.91,6.9,6.916653514180025
20230803093110500,6.91,6.9,6.916653514180025
20230803093110740,6.91,6.9,6.916653514180025
20230803093110830,6.91,6.9,6.916653514180025
20230803093111400,6.91,6.9,6.916653514180025
20230803093112990,6.91,6.9,6.916653514180025
20230803093113040,6.91,6.9,6.916653514180025
20230803093113050,6.91,6.9,6.916653514180025
20230803093113110,6.91,6.9,6.916653514180025
20230803093113140,6.91,6.9,6.916653514180025
20230803093113150,6.91,6.9,6.916653514180025
20230803093113210,6.91,6.9,6.916653514180025
20230803093113230,6.91,6.9,6.916653514180025
20230803093113240,6.91,6.9,6.916653514180025
20230803093113250,6.91,6.9,6.916653514180025
20230803093113270,6.91,6.9,6.916653514180025
20230803093113280,6.91,6.9,6.916653514180025
20230803093113450,6.91,6.9,6.916653514180025
20230803093113500,6.91,6.9,6.916653514180025
20230803093113510,6.91,6.9,6.916653514180025
20230803093113530,6.91,6.9,6.916653514180025
20230803093113570,6.91,6.9,6.916653514180025
20230803093113660,6.91,6.9,6.916653514180025
20230803093113730,6.91,6.9,6.916653514180025
20230803093113740,6.91,6.9,6.916653514180025
20230803093113800,6.91,6.9,6.916653514180025
20230803093113810,6.91,6.9,6.916653514180025
20230803093113890,6.91,6.9,6.916653514180025
20230803093113940,6.91,6.9,6.916653514180025
20230803093113950,6.91,6.9,6.916653514180025
20230803093113970,6.91,6.9,6.916653514180025
20230803093114060,6.91,6.9,6.916653514180025
20230803093115880,6.91,6.9,6.916653514180025
20230803093115890,6.91,6.9,6.916653514180025
20230803093115900,6.91,6.9,6.916653514180025
20230803093116040,6.91,6.9,6.916653514180025
20230803093116090,6.91,6.9,6.916653514180025
20230803093116100,6.91,6.9,6.916653514180025
20230803093116110,6.91,6.9,6.916653514180025
20230803093116440,6.91,6.9,6.91659413202934
20230803093116460,6.91,6.9,6.91659413202934
20230803093116540,6.91,6.9,6.91659413202934
20230803093118370,6.91,6.9,6.91659413202934
20230803093118450,6.91,6.9,6.91659413202934
20230803093119080,6.91,6.9,6.9165909090909095
20230803093119100,6.91,6.9,6.9165909090909095
20230803093119230,6.91,6.9,6.9165909090909095
20230803093119420,6.91,6.9,6.9165909090909095
20230803093119590,6.91,6.9,6.9165909090909095
20230803093121070,6.91,6.9,6.916558852140078
20230803093121330,6.91,6.9,6.916557257476295
20230803093121630,6.91,6.9,6.916557257476295
20230803093121640,6.91,6.9,6.916557257476295
20230803093121650,6.91,6.9,6.916557257476295
20230803093121660,6.91,6.9,6.916557257476295
20230803093121670,6.91,6.9,6.916557257476295
20230803093121680,6.91,6.9,6.916557257476295
20230803093121810,6.91,6.9,6.916557257476295
20230803093121820,6.91,6.9,6.916557257476295
20230803093121830,6.91,6.9,6.916557257476295
20230803093121850,6.91,6.9,6.916557257476295
20230803093121890,6.91,6.9,6.916557257476295
20230803093121920,6.91,6.9,6.916557257476295
20230803093122020,6.91,6.9,6.916557257476295
20230803093122080,6.91,6.9,6.916394025604552
20230803093122140,6.91,6.9,6.916394025604552
20230803093122160,6.91,6.9,6.916394025604552
20230803093123760,6.91,6.9,6.916394025604552
20230803093124360,6.91,6.9,6.916394025604552
20230803093124600,6.91,6.9,6.91638237384506
20230803093124620,6.91,6.9,6.91638237384506
20230803093124640,6.91,6.9,6.91638237384506
20230803093124660,6.91,6.9,6.9163687943262415
20230803093124740,6.91,6.9,6.916353773584905
20230803093124760,6.91,6.9,6.916315294117647
20230803093124890,6.91,6.9,6.916315294117647
20230803093124990,6.91,6.9,6.916315294117647
20230803093126530,6.91,6.9,6.916315294117647
20230803093126650,6.91,6.9,6.916315294117647
20230803093126810,6.91,6.9,6.916315294117647
20230803093126880,6.91,6.9,6.916140595903165
20230803093126910,6.91,6.9,6.916140595903165
20230803093126930,6.91,6.9,6.916140595903165
20230803093127700,6.91,6.9,6.916140595903165
20230803093129170,6.91,6.9,6.916140595903165
20230803093129620,6.91,6.9,6.916140595903165
20230803093130000,6.91,6.9,6.915159597726279
20230803093130010,6.91,6.9,6.915159597726279
20230803093132420,6.91,6.9,6.915047743055555
20230803093132500,6.91,6.9,6.915047743055555
20230803093135640,6.91,6.9,6.9148862172606265
20230803093137590,6.91,6.9,6.913736133122028
20230803093137600,6.91,6.9,6.913736133122028
20230803093138300,6.91,6.9,6.913679226671928
20230803093138430,6.91,6.9,6.913679226671928
20230803093140010,6.91,6.9,6.913679226671928
20230803093140020,6.91,6.9,6.913679226671928
20230803093140080,6.91,6.9,6.913679226671928
20230803093140090,6.91,6.9,6.913679226671928
20230803093140140,6.91,6.9,6.913676528599606
20230803093140230,6.91,6.9,6.913676528599606
20230803093140570,6.91,6.9,6.913676528599606
20230803093142750,6.91,6.9,6.913670013782241
20230803093143220,6.91,6.9,6.913670013782241
20230803093143490,6.91,6.9,6.913670013782241
20230803093143550,6.91,6.9,6.913670013782241
20230803093143620,6.91,6.9,6.913670013782241
20230803093143760,6.91,6.9,6.913670013782241
20230803093143820,6.91,6.9,6.913670013782241
20230803093143830,6.91,6.9,6.913670013782241
20230803093145460,6.91,6.9,6.913670013782241
20230803093145620,6.91,6.9,6.913670013782241
20230803093145770,6.91,6.9,6.913670013782241
20230803093146110,6.91,6.9,6.913670013782241
20230803093146390,6.91,6.9,6.913670013782241
20230803093146480,6.91,6.9,6.913670013782241
20230803093146560,6.91,6.9,6.913670013782241
20230803093146570,6.91,6.9,6.913536751803471
20230803093146580,6.91,6.9,6.913510410585717
20230803093148420,6.91,6.9,6.913510410585717
20230803093148550,6.91,6.9,6.913510410585717
20230803093148620,6.91,6.9,6.913510410585717
20230803093149010,6.91,6.9,6.913510410585717
20230803093149090,6.91,6.9,6.912603013251044
20230803093149120,6.91,6.89,6.910872015915119
20230803093149130,6.9,6.89,6.910872015915119
20230803093149170,6.9,6.89,6.910872015915119
20230803093149180,6.9,6.89,6.910872015915119
20230803093149220,6.9,6.89,6.910664697193501
20230803093149230,6.9,6.89,6.910664697193501
20230803093151170,6.9,6.89,6.910664697193501
20230803093151490,6.9,6.89,6.910664697193501
20230803093151670,6.9,6.89,6.910664697193501
20230803093152000,6.9,6.89,6.910664697193501
20230803093153720,6.9,6.89,6.910664697193501
20230803093154080,6.9,6.89,6.910664697193501
20230803093154090,6.9,6.89,6.910662947161142
20230803093154160,6.9,6.89,6.910662947161142
20230803093154410,6.9,6.89,6.910662947161142
20230803093154710,6.9,6.89,6.910662947161142
20230803093156260,6.9,6.89,6.910662947161142
20230803093156350,6.9,6.89,6.910662947161142
20230803093156730,6.9,6.89,6.910662947161142
20230803093156810,6.9,6.89,6.910662947161142
20230803093156890,6.9,6.89,6.910662947161142
20230803093156990,6.9,6.89,6.910662947161142
20230803093157040,6.9,6.9,6.910662947161142
20230803093157210,6.9,6.9,6.910662947161142
20230803093158920,6.9,6.9,6.910662947161142
20230803093158970,6.9,6.9,6.910662947161142
20230803093159030,6.9,6.9,6.910662947161142
20230803093159670,6.9,6.89,6.910662947161142
20230803093159820,6.9,6.9,6.910662947161142
20230803093201770,6.9,6.9,6.91056413591286
20230803093201810,6.9,6.9,6.91056413591286
20230803093201840,6.9,6.9,6.91056413591286
20230803093202000,6.91,6.9,6.910556624959898
20230803093202050,6.91,6.9,6.910554136058767
20230803093202170,6.91,6.9,6.910554136058767
20230803093202200,6.91,6.9,6.910554136058767
20230803093202350,6.91,6.9,6.910554136058767
20230803093202460,6.91,6.9,6.910554136058767
20230803093202630,6.91,6.9,6.910554136058767
20230803093202660,6.91,6.9,6.910554136058767
20230803093202800,6.91,6.9,6.910349201378015
20230803093204810,6.91,6.9,6.910349201378015
20230803093204860,6.91,6.9,6.9103265625
20230803093204910,6.91,6.9,6.9103265625
20230803093204930,6.91,6.9,6.9103265625
20230803093205080,6.91,6.9,6.9103265625
20230803093205090,6.91,6.9,6.9103265625
20230803093205210,6.91,6.9,6.9103265625
20230803093205380,6.91,6.9,6.9103265625
20230803093207220,6.91,6.9,6.9103265625
20230803093207410,6.91,6.9,6.9103265625
20230803093207480,6.9,6.9,6.9102116810877625
20230803093207490,6.9,6.9,6.910208526413346
20230803093207760,6.9,6.9,6.910208526413346
20230803093207770,6.9,6.9,6.910208526413346
20230803093207820,6.9,6.9,6.910208526413346
20230803093207880,6.9,6.9,6.910208526413346
20230803093207920,6.9,6.9,6.910197500385743
20230803093207930,6.9,6.9,6.9101614391143915
20230803093209740,6.91,6.9,6.9101614391143915
20230803093210090,6.91,6.9,6.9100394956706666
20230803093210180,6.91,6.9,6.9100394956706666
20230803093210190,6.91,6.9,6.9100394956706666
20230803093210230,6.91,6.9,6.9100394956706666
20230803093210560,6.91,6.9,6.909968325791855
20230803093210730,6.91,6.9,6.909930879038317
20230803093210790,6.91,6.9,6.909930879038317
20230803093210820,6.91,6.9,6.909880400657796
20230803093212500,6.91,6.9,6.909880400657796
20230803093212600,6.91,6.9,6.909880400657796
20230803093212670,6.91,6.9,6.909880400657796
20230803093212700,6.9,6.9,6.909880400657796
20230803093212710,6.9,6.9,6.909880400657796
20230803093212720,6.9,6.9,6.909880400657796
20230803093212760,6.9,6.9,6.909880400657796
20230803093213080,6.9,6.9,6.909812862022872
20230803093213090,6.9,6.9,6.909746275261838
20230803093213120,6.9,6.9,6.909746275261838
20230803093213210,6.91,6.9,6.9096902979597825
20230803093213270,6.91,6.9,6.909688875843851
20230803093213580,6.9,6.9,6.909688875843851
20230803093213590,6.9,6.9,6.909688875843851
20230803093215170,6.9,6.9,6.909688875843851
20230803093215240,6.9,6.9,6.909688875843851
20230803093215410,6.9,6.9,6.909688875843851
20230803093215430,6.9,6.9,6.909688875843851
20230803093215500,6.9,6.9,6.909688875843851
20230803093215640,6.9,6.9,6.909688875843851
20230803093215650,6.9,6.9,6.909688875843851
20230803093215660,6.9,6.9,6.909688875843851
20230803093215690,6.9,6.9,6.909688875843851
20230803093215710,6.9,6.9,6.909688875843851
20230803093215720,6.9,6.9,6.909688875843851
20230803093215730,6.9,6.9,6.909688875843851
20230803093215850,6.9,6.9,6.909688875843851
20230803093216000,6.9,6.9,6.909688875843851
20230803093216020,6.9,6.9,6.909688875843851
20230803093216080,6.9,6.9,6.909688875843851
20230803093216090,6.9,6.9,6.909634983209227
20230803093216170,6.9,6.9,6.909634983209227
20230803093216270,6.9,6.9,6.909634983209227
20230803093217800,6.9,6.9,6.909634983209227
20230803093217980,6.9,6.9,6.909634983209227
20230803093218490,6.91,6.9,6.909157646405773
20230803093218500,6.91,6.9,6.909157646405773
20230803093218620,6.91,6.9,6.909157646405773
20230803093218790,6.91,6.9,6.909157646405773
20230803093218990,6.91,6.9,6.909157646405773
20230803093220600,6.91,6.9,6.909157646405773
20230803093220700,6.91,6.9,6.909157646405773
20230803093220870,6.91,6.9,6.909157646405773
20230803093220920,6.91,6.9,6.908949010035259
20230803093220990,6.91,6.9,6.908936890574214
20230803093221150,6.91,6.9,6.908936890574214
20230803093221430,6.91,6.9,6.908913953802513
20230803093221580,6.91,6.9,6.908913953802513
20230803093223230,6.91,6.9,6.908913953802513
20230803093223290,6.91,6.9,6.908913953802513
20230803093223340,6.91,6.9,6.908913953802513
20230803093223420,6.91,6.9,6.908913953802513
20230803093223710,6.91,6.9,6.908913953802513
20230803093223890,6.91,6.9,6.908913953802513
20230803093223930,6.91,6.9,6.908913953802513
20230803093225840,6.91,6.9,6.908913953802513
20230803093226530,6.91,6.9,6.908913953802513
20230803093226740,6.91,6.9,6.908913953802513
20230803093226860,6.91,6.9,6.908913953802513
20230803093227050,6.91,6.9,6.908913953802513
20230803093228790,6.91,6.9,6.908913953802513
20230803093228850,6.91,6.9,6.908913953802513
20230803093228870,6.91,6.9,6.908913953802513
20230803093228980,6.91,6.9,6.908913953802513
20230803093228990,6.91,6.9,6.908913953802513
20230803093229630,6.91,6.9,6.9088494983277595
20230803093231310,6.91,6.9,6.908850881881347
20230803093231550,6.91,6.9,6.908850881881347
20230803093231750,6.91,6.9,6.908850881881347
20230803093232150,6.91,6.9,6.908850881881347
20230803093232190,6.91,6.9,6.908850881881347
20230803093232220,6.91,6.9,6.908850881881347
20230803093232410,6.91,6.9,6.908850881881347
20230803093232440,6.91,6.9,6.908850881881347
20230803093232470,6.91,6.9,6.908850881881347
20230803093234090,6.91,6.9,6.908835844779304
20230803093234120,6.91,6.91,6.908836620469083
20230803093234350,6.91,6.91,6.908836620469083
20230803093234390,6.91,6.91,6.908836620469083
20230803093234450,6.91,6.91,6.908836620469083
20230803093234610,6.91,6.91,6.908836620469083
20230803093234780,6.91,6.91,6.908836620469083
20230803093235030,6.91,6.91,6.908836620469083
20230803093236840,6.91,6.91,6.908846103125412
20230803093236900,6.91,6.91,6.908846103125412
20230803093237120,6.91,6.9,6.908846103125412
20230803093237280,6.91,6.9,6.908846103125412
20230803093237350,6.91,6.9,6.908846103125412
20230803093237400,6.91,6.9,6.908846103125412
20230803093237610,6.91,6.9,6.908846103125412
20230803093237670,6.91,6.9,6.908846103125412
20230803093239590,6.91,6.9,6.908846103125412
20230803093239830,6.91,6.9,6.908823980570114
20230803093240280,6.91,6.9,6.908823980570114
20230803093240370,6.91,6.9,6.908823980570114
20230803093240580,6.91,6.9,6.908823980570114
20230803093242300,6.91,6.9,6.908824881849534
20230803093242330,6.91,6.9,6.908824881849534
20230803093242530,6.91,6.9,6.908824881849534
20230803093242610,6.91,6.9,6.908824881849534
20230803093242630,6.91,6.9,6.908824881849534
20230803093242640,6.91,6.9,6.908824881849534
20230803093243020,6.91,6.9,6.908824881849534
20230803093243090,6.91,6.9,6.908608176960358
20230803093243110,6.91,6.9,6.908608176960358
20230803093243220,6.91,6.9,6.908608176960358
20230803093243230,6.91,6.9,6.908608176960358
20230803093244890,6.91,6.9,6.908608176960358
20230803093244900,6.91,6.9,6.908608176960358
20230803093244910,6.91,6.9,6.908608176960358
20230803093245030,6.91,6.9,6.908608176960358
20230803093245450,6.91,6.9,6.908608176960358
20230803093245460,6.91,6.9,6.908612487611497
20230803093245900,6.91,6.9,6.90859349894945
20230803093247720,6.91,6.9,6.90859349894945
20230803093248200,6.91,6.9,6.908597312954518
20230803093248330,6.91,6.9,6.908597312954518
20230803093248680,6.91,6.9,6.90859817689086
20230803093250270,6.91,6.9,6.90859817689086
20230803093250460,6.91,6.9,6.90859817689086
20230803093250690,6.91,6.9,6.90859817689086
20230803093250850,6.91,6.9,6.90859817689086
20230803093250930,6.91,6.9,6.90859817689086
20230803093251060,6.91,6.9,6.908610231425091
20230803093251110,6.91,6.9,6.908610231425091
20230803093251140,6.91,6.9,6.908610231425091
20230803093251150,6.91,6.9,6.908610231425091
20230803093251220,6.91,6.9,6.908610231425091
20230803093251270,6.91,6.9,6.9086063777994156
20230803093251330,6.91,6.9,6.9086063777994156
20230803093253910,6.91,6.9,6.9086063777994156
20230803093254090,6.91,6.9,6.9086063777994156
20230803093255570,6.91,6.9,6.9086063777994156
20230803093255610,6.91,6.9,6.9086063777994156
20230803093255850,6.91,6.9,6.9086063777994156
20230803093255860,6.91,6.9,6.9086063777994156
20230803093255930,6.91,6.9,6.9084463816575115
20230803093256110,6.91,6.9,6.908445373134328
20230803093256170,6.91,6.9,6.908445373134328
20230803093256190,6.91,6.9,6.90844234900931
20230803093256660,6.91,6.9,6.90844234900931
20230803093258260,6.91,6.9,6.90844234900931
20230803093258560,6.91,6.9,6.90844234900931
20230803093258710,6.91,6.9,6.90844234900931
20230803093258740,6.91,6.9,6.90844234900931
20230803093259220,6.91,6.9,6.90844234900931
20230803093259370,6.91,6.9,6.90844234900931
20230803093259380,6.91,6.9,6.9084092260135535
20230803093259410,6.91,6.9,6.908408226343319
20230803093301220,6.91,6.9,6.908407226910733
20230803093301370,6.91,6.9,6.908404230038022
20230803093301420,6.91,6.9,6.908404230038022
20230803093301430,6.91,6.9,6.908404230038022
20230803093301550,6.91,6.9,6.908404230038022
20230803093302150,6.91,6.9,6.908432905484247
20230803093302160,6.91,6.9,6.908435643564356
20230803093302170,6.91,6.9,6.908435643564356
20230803093302190,6.91,6.9,6.908435643564356
20230803093303900,6.91,6.9,6.908435643564356
20230803093304070,6.91,6.9,6.908435643564356
20230803093304110,6.91,6.9,6.9084432382492205
20230803093304510,6.91,6.9,6.9084432382492205
20230803093304590,6.91,6.9,6.9084432382492205
20230803093306470,6.91,6.9,6.9084432382492205
20230803093306540,6.91,6.9,6.908442263279445
20230803093306950,6.91,6.9,6.908442263279445
20230803093307080,6.91,6.9,6.908442263279445
20230803093307110,6.91,6.9,6.908442263279445
20230803093307120,6.91,6.9,6.908442263279445
20230803093307440,6.91,6.9,6.908442263279445
20230803093307520,6.91,6.9,6.908442263279445
20230803093309170,6.91,6.9,6.908442263279445
20230803093309850,6.91,6.9,6.908442263279445
20230803093309890,6.91,6.9,6.908442263279445
20230803093310030,6.91,6.9,6.908442263279445
20230803093310090,6.91,6.9,6.908442263279445
20230803093310150,6.91,6.9,6.908442263279445
20230803093310230,6.91,6.9,6.908442263279445
20230803093312320,6.91,6.9,6.908442263279445
20230803093312420,6.91,6.9,6.908442263279445
20230803093312730,6.91,6.9,6.908442263279445
20230803093312940,6.91,6.9,6.908442263279445
20230803093314680,6.91,6.9,6.908442263279445
20230803093314960,6.91,6.9,6.908442263279445
20230803093315240,6.91,6.9,6.908442263279445
20230803093315400,6.91,6.9,6.908442263279445
20230803093315530,6.91,6.9,6.908442263279445
20230803093317270,6.91,6.9,6.908442263279445
20230803093317630,6.91,6.9,6.908442263279445
20230803093320010,6.91,6.9,6.908442263279445
20230803093320050,6.91,6.9,6.908442263279445
20230803093320550,6.91,6.9,6.908442263279445
20230803093320670,6.91,6.9,6.908442263279445
20230803093320770,6.91,6.9,6.908442263279445
20230803093321000,6.91,6.9,6.908442263279445
20230803093322580,6.91,6.9,6.908442263279445
20230803093322740,6.91,6.9,6.908442263279445
20230803093322980,6.91,6.9,6.908442263279445
20230803093323050,6.91,6.9,6.908442263279445
20230803093323230,6.91,6.9,6.908442263279445
20230803093323390,6.91,6.9,6.908442263279445
20230803093323550,6.91,6.9,6.908442263279445
20230803093323670,6.91,6.9,6.908442263279445
20230803093325980,6.91,6.9,6.908442263279445
20230803093326010,6.91,6.9,6.90831435588301
20230803093328000,6.91,6.9,6.90831435588301
20230803093328030,6.91,6.9,6.90831435588301
20230803093328180,6.91,6.9,6.90829860724234
20230803093328580,6.91,6.9,6.90829860724234
20230803093328750,6.91,6.9,6.90829860724234
20230803093328760,6.91,6.9,6.90829860724234
20230803093328770,6.91,6.9,6.90829860724234
20230803093329060,6.91,6.9,6.90829860724234
20230803093330770,6.91,6.9,6.90829860724234
20230803093331040,6.91,6.9,6.90829860724234
20230803093331100,6.91,6.9,6.90829860724234
20230803093331110,6.9,6.9,6.90829860724234
20230803093331120,6.9,6.9,6.90829860724234
20230803093331820,6.9,6.9,6.90829860724234
20230803093333410,6.9,6.9,6.90829860724234
20230803093333540,6.9,6.9,6.90829860724234
20230803093333660,6.9,6.9,6.90829860724234
20230803093334170,6.9,6.9,6.90829860724234
20230803093334220,6.9,6.9,6.90829860724234
20230803093334400,6.9,6.9,6.90829860724234
20230803093336220,6.9,6.9,6.90829860724234
20230803093336730,6.9,6.9,6.90829860724234
20230803093336940,6.9,6.9,6.90829860724234
20230803093337160,6.9,6.9,6.90829860724234
20230803093339010,6.9,6.9,6.90829860724234
20230803093339450,6.9,6.9,6.90829860724234
20230803093339520,6.9,6.9,6.90829860724234
20230803093339660,6.9,6.9,6.90829860724234
20230803093339930,6.91,6.9,6.90829860724234
20230803093339960,6.91,6.9,6.90829860724234
20230803093341500,6.91,6.9,6.908193818061819
20230803093342510,6.91,6.9,6.90813653741125
20230803093344630,6.91,6.9,6.90813653741125
20230803093344750,6.91,6.9,6.90813653741125
20230803093344850,6.91,6.9,6.90813653741125
20230803093344900,6.91,6.9,6.90813653741125
20230803093346990,6.91,6.9,6.90813653741125
20230803093347850,6.91,6.9,6.90813653741125
20230803093347880,6.91,6.9,6.9081285464862505
20230803093348010,6.91,6.9,6.9081285464862505
20230803093349570,6.91,6.9,6.9081285464862505
20230803093349780,6.91,6.9,6.9081285464862505
20230803093349850,6.91,6.9,6.9081285464862505
20230803093350350,6.91,6.9,6.9081285464862505
20230803093352380,6.91,6.9,6.9081285464862505
20230803093352870,6.91,6.9,6.9081285464862505
20230803093353370,6.91,6.89,6.9076459722934835
20230803093353380,6.91,6.89,6.907645187769341
20230803093353390,6.91,6.89,6.907641267562301
20230803093353400,6.91,6.89,6.907641267562301
20230803093353410,6.91,6.89,6.907638917367234
20230803093353420,6.91,6.89,6.907637351373514
20230803093353440,6.91,6.89,6.907636568617403
20230803093355120,6.91,6.89,6.9076326572423685
20230803093355140,6.91,6.89,6.9076154946852
20230803093355340,6.91,6.89,6.9076154946852
20230803093355480,6.91,6.89,6.9076154946852
20230803093355510,6.91,6.89,6.9076154946852
20230803093355860,6.91,6.89,6.9076154946852
20230803093357940,6.91,6.9,6.9076154946852
20230803093358080,6.91,6.9,6.9076154946852
20230803093358180,6.91,6.9,6.9076154946852
20230803093358280,6.91,6.9,6.9076154946852
20230803093358340,6.91,6.9,6.9076154946852
20230803093358400,6.91,6.9,6.9076154946852
20230803093358810,6.91,6.9,6.9076154946852
20230803093400560,6.91,6.9,6.9076154946852
20230803093400730,6.91,6.9,6.9076154946852
20230803093400760,6.91,6.9,6.9076154946852
20230803093400810,6.91,6.9,6.9076154946852
20230803093400830,6.91,6.9,6.9076154946852
20230803093400890,6.91,6.9,6.9076154946852
20230803093400900,6.91,6.9,6.9076154946852
20230803093400930,6.91,6.9,6.9076154946852
20230803093401020,6.91,6.9,6.9076154946852
20230803093401150,6.91,6.9,6.9076154946852
20230803093401170,6.91,6.9,6.9076154946852
20230803093401200,6.91,6.9,6.9076154946852
20230803093401220,6.91,6.9,6.9076154946852
20230803093401230,6.91,6.9,6.9076154946852
20230803093401380,6.91,6.9,6.9076154946852
20230803093403240,6.91,6.9,6.907622783778276
20230803093403250,6.91,6.9,6.907622783778276
20230803093403260,6.91,6.9,6.907622783778276
20230803093403270,6.91,6.9,6.907622783778276
20230803093403300,6.91,6.9,6.907622783778276
20230803093403320,6.91,6.9,6.907622783778276
20230803093403370,6.91,6.9,6.907622783778276
20230803093403470,6.91,6.9,6.907622783778276
20230803093403570,6.91,6.9,6.907622783778276
20230803093403610,6.91,6.9,6.907638469284995
20230803093403750,6.91,6.9,6.907638469284995
20230803093404020,6.91,6.9,6.907638469284995
20230803093404070,6.91,6.9,6.907638469284995
20230803093404080,6.91,6.9,6.907638469284995
20230803093404110,6.91,6.9,6.907638469284995
20230803093404120,6.91,6.9,6.907638469284995
20230803093404240,6.91,6.9,6.907638469284995
20230803093404260,6.91,6.9,6.90763612618043
20230803093405730,6.91,6.9,6.90763612618043
20230803093405910,6.91,6.9,6.90763612618043
20230803093406110,6.91,6.9,6.90763612618043
20230803093406580,6.91,6.9,6.90763612618043
20230803093409150,6.91,6.9,6.90763612618043
20230803093409470,6.91,6.9,6.90763612618043
20230803093411400,6.91,6.9,6.9076408662522555
20230803093411510,6.91,6.9,6.9076408662522555
20230803093411600,6.91,6.9,6.9076408662522555
20230803093411910,6.91,6.9,6.9076408662522555
20230803093412370,6.91,6.9,6.9076408662522555
20230803093414270,6.91,6.9,6.9076408662522555
20230803093414600,6.91,6.9,6.9076408662522555
20230803093417040,6.91,6.9,6.9076408662522555
20230803093417220,6.91,6.9,6.9076408662522555
20230803093417240,6.91,6.9,6.9076408662522555
20230803093417280,6.91,6.9,6.9076408662522555
20230803093417330,6.91,6.9,6.9076408662522555
20230803093417510,6.91,6.9,6.9076408662522555
20230803093417590,6.91,6.9,6.9076408662522555
20230803093419360,6.91,6.9,6.9076408662522555
20230803093419410,6.91,6.9,6.9076408662522555
20230803093419420,6.9,6.9,6.9076408662522555
20230803093419430,6.9,6.9,6.9076408662522555
20230803093419440,6.9,6.9,6.9076408662522555
20230803093419450,6.9,6.9,6.9076408662522555
20230803093419460,6.9,6.9,6.9076408662522555
20230803093419470,6.9,6.9,6.9076408662522555
20230803093419480,6.9,6.9,6.9076408662522555
20230803093419490,6.9,6.9,6.9076408662522555
20230803093419500,6.9,6.9,6.9076408662522555
20230803093419530,6.9,6.9,6.9076408662522555
20230803093419540,6.9,6.9,6.9076408662522555
20230803093419550,6.9,6.9,6.9076408662522555
20230803093419600,6.9,6.9,6.9076408662522555
20230803093419630,6.9,6.9,6.9076408662522555
20230803093419640,6.9,6.9,6.9076408662522555
20230803093419730,6.9,6.9,6.9076408662522555
20230803093419740,6.9,6.9,6.9076408662522555
20230803093419810,6.9,6.9,6.9076408662522555
20230803093419890,6.9,6.9,6.9076408662522555
20230803093419920,6.9,6.9,6.9076408662522555
20230803093420030,6.9,6.9,6.9076408662522555
20230803093420060,6.9,6.9,6.9076408662522555
20230803093422080,6.9,6.9,6.907550777766769
20230803093422100,6.9,6.9,6.907550777766769
20230803093422110,6.9,6.9,6.907542087542088
20230803093422130,6.9,6.9,6.907542087542088
20230803093422150,6.9,6.9,6.907542087542088
20230803093422160,6.9,6.9,6.907542087542088
20230803093422210,6.9,6.9,6.907542087542088
20230803093422240,6.9,6.9,6.907540594059406
20230803093422490,6.9,6.9,6.907537121362107
20230803093422650,6.9,6.9,6.907537121362107
20230803093422820,6.9,6.9,6.907537121362107
20230803093422840,6.9,6.9,6.907537121362107
20230803093423020,6.9,6.9,6.907537121362107
20230803093424780,6.9,6.9,6.907536375334059
20230803093424800,6.9,6.9,6.90753488372093
20230803093424860,6.9,6.9,6.90753488372093
20230803093425080,6.9,6.9,6.90753488372093
20230803093425100,6.9,6.9,6.907527945395192
20230803093425350,6.9,6.9,6.907527945395192
20230803093427430,6.9,6.9,6.907527945395192
20230803093427690,6.9,6.9,6.907527945395192
20230803093427770,6.9,6.9,6.907527945395192
20230803093428080,6.9,6.9,6.907527945395192
20230803093428090,6.9,6.9,6.907521012558093
20230803093428100,6.9,6.9,6.907521012558093
20230803093428120,6.9,6.9,6.907521012558093
20230803093428150,6.9,6.9,6.907521012558093
20230803093428170,6.9,6.9,6.907521012558093
20230803093428200,6.9,6.9,6.907521012558093
20230803093430160,6.9,6.9,6.907521012558093
20230803093430400,6.9,6.9,6.907521012558093
20230803093430530,6.9,6.9,6.907510623579405
20230803093430800,6.9,6.9,6.907510623579405
20230803093430850,6.9,6.9,6.907510623579405
20230803093431020,6.9,6.9,6.907510623579405
20230803093431090,6.9,6.9,6.907505433708753
20230803093431140,6.9,6.9,6.907505433708753
20230803093431160,6.9,6.9,6.907505433708753
20230803093431180,6.9,6.9,6.907505433708753
20230803093431210,6.9,6.9,6.907505433708753
20230803093431270,6.9,6.9,6.907505433708753
20230803093432830,6.9,6.9,6.907505433708753
20230803093432840,6.9,6.9,6.907505433708753
20230803093433120,6.9,6.9,6.907505433708753
20230803093433260,6.9,6.9,6.907505433708753
20230803093433470,6.9,6.9,6.907501975503753
20230803093433620,6.9,6.9,6.907501975503753
20230803093433710,6.9,6.9,6.907501975503753
20230803093433850,6.9,6.9,6.907501975503753
20230803093435420,6.9,6.9,6.907501975503753
20230803093436530,6.9,6.9,6.9074588953431135
20230803093436620,6.9,6.9,6.9074588953431135
20230803093436690,6.9,6.9,6.9074588953431135
20230803093438250,6.9,6.9,6.9074588953431135
20230803093438260,6.9,6.9,6.9074588953431135
20230803093438300,6.9,6.9,6.9074588953431135
20230803093438440,6.9,6.9,6.9074588953431135
20230803093438670,6.9,6.9,6.907437561455261
20230803093438900,6.9,6.9,6.907437561455261
20230803093438980,6.9,6.9,6.907437561455261
20230803093439180,6.9,6.9,6.907437561455261
20230803093439280,6.9,6.9,6.907437561455261
20230803093439370,6.9,6.9,6.907437561455261
20230803093441040,6.9,6.9,6.907437561455261
20230803093441860,6.9,6.9,6.907437561455261
20230803093443630,6.9,6.9,6.9074304804952344
20230803093443810,6.9,6.9,6.9074304804952344
20230803093444250,6.9,6.9,6.9074304804952344
20230803093444450,6.9,6.9,6.9074304804952344
20230803093444510,6.9,6.9,6.9074304804952344
20230803093444600,6.9,6.9,6.9074304804952344
20230803093446240,6.9,6.9,6.907406535178098
20230803093446390,6.9,6.9,6.907406535178098
20230803093446540,6.9,6.9,6.907406535178098
20230803093446550,6.9,6.9,6.907406535178098
20230803093446610,6.9,6.9,6.907406535178098
20230803093446670,6.9,6.9,6.907406535178098
20230803093447230,6.9,6.9,6.907406535178098
20230803093449090,6.9,6.9,6.907398039215686
20230803093449120,6.9,6.9,6.907398039215686
20230803093449220,6.9,6.9,6.907398039215686
20230803093449670,6.9,6.9,6.907398039215686
20230803093450160,6.9,6.9,6.907398039215686
20230803093451700,6.9,6.9,6.907398039215686
20230803093451990,6.9,6.9,6.907398039215686
20230803093452010,6.9,6.9,6.907398039215686
20230803093452040,6.9,6.9,6.907398039215686
20230803093452160,6.9,6.9,6.907398039215686
20230803093452180,6.9,6.9,6.907398039215686
20230803093452230,6.9,6.9,6.907398039215686
20230803093454380,6.9,6.9,6.907398039215686
20230803093455120,6.9,6.9,6.907398039215686
20230803093455200,6.9,6.9,6.907398039215686
20230803093457230,6.9,6.9,6.907398039215686
20230803093457640,6.9,6.9,6.907398039215686
20230803093457940,6.9,6.9,6.907398039215686
20230803093458060,6.9,6.9,6.907304729400293
20230803093458100,6.9,6.9,6.90726600505935
20230803093458180,6.9,6.9,6.907264325323475
20230803093459930,6.9,6.9,6.907264325323475
20230803093500010,6.9,6.9,6.907264325323475
20230803093500020,6.9,6.9,6.907264325323475
20230803093500030,6.9,6.9,6.907261499562384
20230803093500050,6.9,6.9,6.907248080847342
20230803093500210,6.9,6.9,6.907248080847342
20230803093500250,6.9,6.9,6.907248080847342
20230803093500330,6.9,6.9,6.907248080847342
20230803093500370,6.9,6.9,6.907248080847342
20230803093500530,6.9,6.9,6.907248080847342
20230803093500600,6.9,6.9,6.907032914307648
20230803093500890,6.9,6.9,6.907032914307648
20230803093500900,6.9,6.9,6.907032914307648
20230803093500960,6.9,6.9,6.907032914307648
20230803093502530,6.9,6.9,6.907031279984648
20230803093502920,6.9,6.9,6.906842205142803
20230803093503080,6.9,6.9,6.906842205142803
20230803093503090,6.9,6.9,6.906842205142803
20230803093503100,6.9,6.9,6.906842205142803
20230803093503210,6.9,6.9,6.9068406072106265
20230803093503410,6.9,6.9,6.90681667769689
20230803093503420,6.9,6.9,6.906781414597441
20230803093503430,6.9,6.9,6.906768681937664
20230803093505310,6.9,6.9,6.906748196045356
20230803093505470,6.9,6.9,6.906748196045356
20230803093505630,6.9,6.9,6.906748196045356
20230803093505680,6.9,6.9,6.906748196045356
20230803093505950,6.9,6.9,6.90673595505618
20230803093506310,6.89,6.89,6.906661073825504
20230803093506320,6.89,6.89,6.906661073825504
20230803093506330,6.89,6.89,6.906661073825504
20230803093506360,6.89,6.89,6.906656415991054
20230803093506370,6.89,6.89,6.906650209594783
20230803093507860,6.89,6.89,6.906650209594783
20230803093507980,6.89,6.89,6.9066471081307625
20230803093508060,6.89,6.89,6.9066471081307625
20230803093508080,6.89,6.89,6.9066471081307625
20230803093508120,6.89,6.89,6.9066471081307625
20230803093508610,6.89,6.89,6.9066471081307625
20230803093508640,6.89,6.89,6.9066471081307625
20230803093508760,6.89,6.89,6.9066471081307625
20230803093508780,6.89,6.89,6.9066471081307625
20230803093509060,6.89,6.89,6.9066471081307625
20230803093510670,6.89,6.89,6.9066471081307625
20230803093510700,6.89,6.89,6.9066471081307625
20230803093510740,6.89,6.89,6.9066471081307625
20230803093510770,6.89,6.89,6.9066471081307625
20230803093510890,6.89,6.89,6.9066471081307625
20230803093510980,6.89,6.89,6.9066471081307625
20230803093511530,6.89,6.89,6.9066471081307625
20230803093511540,6.89,6.89,6.9066471081307625
20230803093511570,6.89,6.89,6.9066471081307625
20230803093511650,6.89,6.89,6.906473732718894
20230803093513230,6.89,6.89,6.90641044501655
20230803093513360,6.89,6.89,6.90641044501655
20230803093513680,6.89,6.89,6.90641044501655
20230803093513750,6.89,6.89,6.906404411764706
20230803093513920,6.9,6.89,6.9058066470486414
20230803093514060,6.9,6.89,6.9058066470486414
20230803093514070,6.9,6.89,6.9058066470486414
20230803093514080,6.9,6.89,6.9058066470486414
20230803093514200,6.9,6.89,6.905723633232888
20230803093514320,6.9,6.89,6.905723633232888
20230803093514430,6.9,6.89,6.905473145780051
20230803093515960,6.9,6.89,6.905473145780051
20230803093516090,6.9,6.89,6.905458571063613
20230803093516100,6.9,6.89,6.905458571063613
20230803093516110,6.9,6.89,6.905458571063613
20230803093516190,6.9,6.89,6.905458571063613
20230803093516200,6.89,6.89,6.905458571063613
20230803093516240,6.89,6.89,6.905442790301999
20230803093516300,6.89,6.89,6.905442790301999
20230803093516810,6.89,6.89,6.905440163306966
20230803093516920,6.89,6.89,6.905415251358695
20230803093516930,6.9,6.89,6.905393029763419
20230803093517030,6.9,6.89,6.905390287312484
20230803093517060,6.9,6.89,6.905390287312484
20230803093517070,6.9,6.89,6.905390287312484
20230803093517100,6.9,6.89,6.905390287312484
20230803093518710,6.9,6.89,6.905390287312484
20230803093519240,6.9,6.89,6.905390287312484
20230803093519420,6.9,6.89,6.905390287312484
20230803093519430,6.9,6.89,6.905390287312484
20230803093519700,6.9,6.89,6.905390287312484
20230803093521470,6.9,6.89,6.905390287312484
20230803093521620,6.9,6.89,6.905390287312484
20230803093522080,6.9,6.89,6.905390287312484
20230803093522130,6.9,6.89,6.905390287312484
20230803093522220,6.9,6.89,6.905390287312484
20230803093522230,6.9,6.89,6.905390287312484
20230803093522300,6.9,6.89,6.905390287312484
20230803093524070,6.9,6.89,6.905390287312484
20230803093524590,6.9,6.89,6.905390287312484
20230803093524610,6.9,6.89,6.905390287312484
20230803093524840,6.89,6.89,6.905390287312484
20230803093525230,6.89,6.89,6.905390287312484
20230803093527100,6.89,6.89,6.905390287312484
20230803093527200,6.89,6.89,6.905390287312484
20230803093527290,6.89,6.89,6.905390287312484
20230803093527300,6.89,6.89,6.905390287312484
20230803093527590,6.89,6.89,6.905390287312484
20230803093529890,6.89,6.89,6.905390287312484
20230803093529930,6.89,6.89,6.905390287312484
20230803093530520,6.89,6.89,6.905390287312484
20230803093532250,6.89,6.89,6.905390287312484
20230803093532350,6.9,6.89,6.905390287312484
20230803093532530,6.9,6.89,6.905390287312484
20230803093532630,6.89,6.89,6.905390287312484
20230803093532780,6.89,6.89,6.905390287312484
20230803093532880,6.89,6.89,6.905212533602151
20230803093535590,6.89,6.89,6.905208298336973
20230803093535940,6.89,6.89,6.905208298336973
20230803093540220,6.89,6.89,6.905208298336973
20230803093540240,6.89,6.89,6.905208298336973
20230803093540910,6.89,6.89,6.905208298336973
20230803093541080,6.89,6.89,6.905208298336973
20230803093541250,6.89,6.89,6.905129512032086
20230803093541340,6.89,6.89,6.905129512032086
20230803093543000,6.89,6.89,6.905129512032086
20230803093543160,6.89,6.89,6.905129512032086
20230803093543240,6.89,6.89,6.905129512032086
20230803093543810,6.89,6.89,6.905129512032086
20230803093543920,6.89,6.89,6.905129512032086
20230803093543950,6.89,6.89,6.905129512032086
20230803093544010,6.89,6.89,6.905129512032086
20230803093545630,6.89,6.89,6.905119017790027
20230803093545640,6.89,6.89,6.9050875875875874
20230803093545730,6.89,6.89,6.90506667777963
20230803093545970,6.89,6.89,6.90506667777963
20230803093546130,6.89,6.89,6.9050625
20230803093546290,6.89,6.89,6.9050625
20230803093548360,6.89,6.89,6.9050625
20230803093548420,6.89,6.89,6.905045802798135
20230803093548640,6.89,6.89,6.905045802798135
20230803093549140,6.89,6.89,6.905045802798135
20230803093549150,6.89,6.89,6.905045802798135
20230803093549160,6.89,6.89,6.905045802798135
20230803093549180,6.89,6.89,6.905045802798135
20230803093549190,6.89,6.89,6.905045802798135
20230803093549210,6.89,6.89,6.905045802798135
20230803093549220,6.89,6.89,6.905045802798135
20230803093549310,6.89,6.89,6.905045802798135
20230803093551870,6.89,6.89,6.905045802798135
20230803093552020,6.89,6.89,6.905045802798135
20230803093552030,6.89,6.89,6.904937810945274
20230803093553820,6.89,6.89,6.904937810945274
20230803093554380,6.89,6.89,6.904933676007295
20230803093554450,6.89,6.89,6.904933676007295
20230803093554560,6.89,6.89,6.904933676007295
20230803093554750,6.89,6.89,6.904933676007295
20230803093556410,6.89,6.89,6.904933676007295
20230803093556430,6.89,6.89,6.904933676007295
20230803093556450,6.89,6.89,6.904931609052475
20230803093556470,6.89,6.89,6.904931609052475
20230803093556600,6.89,6.89,6.904931609052475
20230803093557040,6.89,6.89,6.904931609052475
20230803093559400,6.89,6.89,6.904890341802533
20230803093559550,6.89,6.89,6.904890341802533
20230803093559710,6.89,6.89,6.904890341802533
20230803093559800,6.89,6.89,6.904890341802533
20230803093600060,6.89,6.89,6.904886645705775
20230803093600110,6.89,6.89,6.904852237081063
20230803093600130,6.89,6.89,6.904852237081063
20230803093601810,6.88,6.89,6.904852237081063
20230803093601820,6.88,6.89,6.904852237081063
20230803093601840,6.88,6.89,6.904852237081063
20230803093601850,6.88,6.89,6.904852237081063
20230803093601950,6.88,6.89,6.904852237081063
20230803093602060,6.88,6.89,6.904852237081063
20230803093602090,6.88,6.89,6.904852237081063
20230803093602240,6.88,6.89,6.904852237081063
20230803093602680,6.88,6.89,6.904852237081063
20230803093602910,6.88,6.89,6.904852237081063
20230803093602960,6.88,6.89,6.904852237081063
20230803093604510,6.88,6.89,6.904852237081063
20230803093604530,6.88,6.89,6.904852237081063
20230803093604600,6.88,6.89,6.904852237081063
20230803093604780,6.88,6.89,6.904852237081063
20230803093604860,6.88,6.89,6.904852237081063
20230803093604910,6.89,6.89,6.904359637774903
20230803093605240,6.89,6.89,6.904359637774903
20230803093605270,6.88,6.89,6.904359637774903
20230803093607220,6.88,6.89,6.904359637774903
20230803093607250,6.88,6.89,6.904359637774903
20230803093607450,6.88,6.89,6.904359637774903
20230803093607540,6.88,6.89,6.904359637774903
20230803093607730,6.88,6.89,6.904359637774903
20230803093607810,6.88,6.89,6.904359637774903
20230803093607920,6.88,6.89,6.904359637774903
20230803093607990,6.88,6.89,6.904359637774903
20230803093608000,6.88,6.89,6.904359637774903
20230803093608140,6.89,6.89,6.904359637774903
20230803093608350,6.89,6.89,6.904359637774903
20230803093609970,6.88,6.89,6.904359637774903
20230803093610190,6.88,6.89,6.904359637774903
20230803093610440,6.88,6.89,6.904359637774903
20230803093610510,6.88,6.89,6.904359637774903
20230803093610530,6.88,6.89,6.904359637774903
20230803093610610,6.88,6.89,6.904359637774903
20230803093610650,6.88,6.89,6.904359637774903
20230803093610780,6.88,6.89,6.904359637774903
20230803093610810,6.88,6.89,6.904359637774903
20230803093610850,6.88,6.89,6.904359637774903
20230803093611070,6.88,6.89,6.904359637774903
20230803093611110,6.88,6.89,6.904359637774903
20230803093611130,6.88,6.89,6.904359637774903
20230803093612690,6.88,6.89,6.904359637774903
20230803093612750,6.88,6.89,6.904359637774903
20230803093613610,6.88,6.89,6.904359637774903
20230803093613710,6.88,6.89,6.904359637774903
20230803093613750,6.88,6.89,6.904359637774903
20230803093613800,6.88,6.89,6.904359637774903
20230803093615640,6.88,6.89,6.904359637774903
20230803093615760,6.88,6.89,6.904359637774903
20230803093616200,6.88,6.89,6.904359637774903
20230803093616310,6.88,6.89,6.904359637774903
20230803093616350,6.88,6.89,6.904359637774903
20230803093616480,6.88,6.89,6.904359637774903
20230803093618760,6.88,6.89,6.904359637774903
20230803093619020,6.88,6.89,6.904359637774903
20230803093620980,6.88,6.89,6.904359637774903
20230803093621130,6.88,6.89,6.904359637774903
20230803093621140,6.88,6.89,6.904359637774903
20230803093621230,6.88,6.89,6.904359637774903
20230803093621270,6.88,6.89,6.904359637774903
20230803093621410,6.88,6.89,6.904359637774903
20230803093621620,6.88,6.89,6.904359637774903
20230803093621660,6.88,6.89,6.904359637774903
20230803093623490,6.88,6.89,6.904359637774903
20230803093623730,6.88,6.89,6.904359637774903
20230803093624100,6.88,6.89,6.904359637774903
20230803093624540,6.88,6.89,6.904359637774903
20230803093624590,6.88,6.89,6.904359637774903
20230803093624630,6.88,6.89,6.904359637774903
20230803093624640,6.88,6.89,6.904359637774903
20230803093624650,6.88,6.89,6.904359637774903
20230803093626200,6.88,6.89,6.904359637774903
20230803093626210,6.88,6.89,6.904359637774903
20230803093626320,6.88,6.89,6.904359637774903
20230803093626550,6.88,6.89,6.904359637774903
20230803093626560,6.88,6.89,6.904359637774903
20230803093626710,6.88,6.89,6.904359637774903
20230803093626780,6.88,6.89,6.904359637774903
20230803093627130,6.88,6.89,6.904359637774903
20230803093627320,6.88,6.89,6.904359637774903
20230803093628900,6.88,6.89,6.904359637774903
20230803093629140,6.88,6.89,6.904359637774903
20230803093629180,6.88,6.89,6.904359637774903
20230803093629630,6.88,6.89,6.904359637774903
20230803093629680,6.88,6.89,6.904359637774903
20230803093629690,6.88,6.89,6.904359637774903
20230803093629890,6.88,6.89,6.904359637774903
20230803093629940,6.88,6.89,6.904359637774903
20230803093630020,6.88,6.89,6.904359637774903
20230803093631600,6.88,6.89,6.904359637774903
20230803093631670,6.88,6.89,6.904359637774903
20230803093631800,6.88,6.89,6.904359637774903
20230803093631850,6.88,6.89,6.904359637774903
20230803093631860,6.88,6.89,6.904359637774903
20230803093632120,6.88,6.89,6.904359637774903
20230803093632430,6.88,6.89,6.904359637774903
20230803093634310,6.88,6.89,6.904359637774903
20230803093634560,6.88,6.89,6.904359637774903
20230803093634770,6.88,6.89,6.904359637774903
20230803093634860,6.88,6.88,6.904359637774903
20230803093634960,6.88,6.88,6.904359637774903
20230803093635200,6.88,6.88,6.904359637774903
20230803093635260,6.88,6.88,6.904359637774903
20230803093637100,6.88,6.88,6.904359637774903
20230803093637750,6.88,6.88,6.904359637774903
20230803093637950,6.88,6.88,6.904359637774903
20230803093638030,6.88,6.88,6.904359637774903
20230803093640080,6.88,6.88,6.904359637774903
20230803093640140,6.88,6.88,6.904359637774903
20230803093640380,6.88,6.88,6.904359637774903
20230803093640430,6.88,6.88,6.904359637774903
20230803093640500,6.88,6.88,6.904359637774903
20230803093640770,6.88,6.88,6.904359637774903
20230803093642340,6.88,6.88,6.904359637774903
20230803093642770,6.88,6.88,6.904359637774903
20230803093642980,6.88,6.88,6.904359637774903
20230803093643190,6.88,6.88,6.904359637774903
20230803093643200,6.88,6.88,6.904359637774903
20230803093643310,6.88,6.88,6.904359637774903
20230803093643550,6.88,6.88,6.904359637774903
20230803093645300,6.88,6.88,6.904359637774903
20230803093645590,6.88,6.88,6.904359637774903
20230803093645650,6.88,6.88,6.904359637774903
20230803093645760,6.88,6.88,6.904359637774903
20230803093646090,6.88,6.88,6.904359637774903
20230803093646220,6.88,6.88,6.904359637774903
20230803093647830,6.88,6.88,6.904359637774903
20230803093647980,6.88,6.88,6.904359637774903
20230803093648160,6.88,6.88,6.904359637774903
20230803093648250,6.88,6.88,6.900649853120298
20230803093648260,6.87,6.86,6.899795918367347
20230803093648270,6.87,6.86,6.899795918367347
20230803093648280,6.87,6.86,6.899795918367347
20230803093648290,6.87,6.86,6.899795918367347
20230803093648300,6.87,6.86,6.899795918367347
20230803093648310,6.87,6.86,6.899795918367347
20230803093648320,6.87,6.86,6.899795918367347
20230803093648330,6.87,6.86,6.899795918367347
20230803093648350,6.87,6.86,6.899795918367347
20230803093648360,6.87,6.86,6.899795918367347
20230803093648370,6.87,6.86,6.899733787447
20230803093648380,6.87,6.86,6.899733787447
20230803093648390,6.87,6.86,6.899733787447
20230803093648400,6.87,6.86,6.899733787447
20230803093648410,6.87,6.86,6.899733787447
20230803093648430,6.87,6.86,6.8996308097250125
20230803093648440,6.87,6.86,6.8996308097250125
20230803093648470,6.87,6.86,6.8996308097250125
20230803093648480,6.87,6.86,6.8996308097250125
20230803093648500,6.87,6.86,6.8996308097250125
20230803093648540,6.87,6.86,6.8996308097250125
20230803093648590,6.87,6.86,6.8996308097250125
20230803093648600,6.87,6.86,6.8996308097250125
20230803093648610,6.87,6.86,6.8996308097250125
20230803093648680,6.87,6.86,6.8996308097250125
20230803093650410,6.87,6.86,6.8996308097250125
20230803093650850,6.87,6.86,6.8996308097250125
20230803093651130,6.87,6.86,6.8996308097250125
20230803093653660,6.87,6.86,6.8996308097250125
20230803093653770,6.87,6.86,6.8996308097250125
20230803093653810,6.87,6.86,6.8996308097250125
20230803093653840,6.87,6.86,6.8996308097250125
20230803093653860,6.87,6.86,6.899620551170198
20230803093653960,6.87,6.86,6.899618500311569
20230803093654190,6.87,6.86,6.899618500311569
20230803093654200,6.87,6.86,6.899618500311569
20230803093654300,6.87,6.86,6.899618500311569
20230803093655820,6.87,6.86,6.899602103660646
20230803093655850,6.87,6.86,6.899602103660646
20230803093656210,6.87,6.86,6.899602103660646
20230803093656390,6.87,6.86,6.899602103660646
20230803093656990,6.87,6.86,6.899589818081206
20230803093657000,6.87,6.86,6.899579587885493
20230803093658560,6.87,6.86,6.899579587885493
20230803093658920,6.87,6.86,6.899579587885493
20230803093659070,6.87,6.86,6.899579587885493
20230803093659150,6.87,6.86,6.899579587885493
20230803093659240,6.87,6.86,6.89955914870094
20230803093659370,6.87,6.86,6.89955914870094
20230803093659630,6.87,6.86,6.89955914870094
20230803093701490,6.87,6.86,6.89955914870094
20230803093701500,6.87,6.86,6.89955914870094
20230803093701640,6.87,6.86,6.89955914870094
20230803093701730,6.87,6.86,6.899502068965517
20230803093701850,6.87,6.86,6.899502068965517
20230803093704030,6.87,6.86,6.899502068965517
20230803093704260,6.87,6.86,6.899502068965517
20230803093704270,6.87,6.86,6.899502068965517
20230803093704660,6.87,6.86,6.899502068965517
20230803093704890,6.87,6.86,6.899502068965517
20230803093704960,6.87,6.86,6.899502068965517
20230803093706600,6.87,6.86,6.899502068965517
20230803093706640,6.87,6.86,6.899502068965517
20230803093706650,6.87,6.86,6.89917747440273
20230803093706660,6.87,6.86,6.899164107813033
20230803093706740,6.87,6.86,6.899145409903151
20230803093706920,6.87,6.86,6.899145409903151
20230803093706930,6.87,6.86,6.899142740230512
20230803093706950,6.87,6.86,6.899137401977497
20230803093706970,6.87,6.86,6.899137401977497
20230803093707060,6.87,6.86,6.899137401977497
20230803093707080,6.87,6.86,6.899137401977497
20230803093707090,6.87,6.86,6.899121395951196
20230803093707100,6.87,6.86,6.899121395951196
20230803093707110,6.87,6.86,6.899121395951196
20230803093707130,6.87,6.86,6.899121395951196
20230803093707140,6.87,6.86,6.899121395951196
20230803093707200,6.87,6.86,6.899121395951196
20230803093707320,6.87,6.86,6.899084780388151
20230803093707440,6.87,6.86,6.899084780388151
20230803093707650,6.87,6.86,6.899084780388151
20230803093707680,6.87,6.86,6.899084780388151
20230803093707850,6.87,6.86,6.899084780388151
20230803093709370,6.87,6.86,6.899084780388151
20230803093709430,6.87,6.86,6.899084780388151
20230803093709480,6.87,6.86,6.899084780388151
20230803093709510,6.87,6.86,6.899084780388151
20230803093709890,6.87,6.86,6.899084780388151
20230803093709910,6.87,6.86,6.897642829382044
20230803093709920,6.87,6.86,6.897642829382044
20230803093710010,6.87,6.86,6.897642829382044
20230803093710080,6.87,6.86,6.897641038927392
20230803093710120,6.87,6.86,6.897641038927392
20230803093710250,6.87,6.86,6.897641038927392
20230803093710280,6.87,6.86,6.897641038927392
20230803093710460,6.87,6.86,6.897641038927392
20230803093710540,6.87,6.86,6.897641038927392
20230803093710560,6.87,6.86,6.897641038927392
20230803093712500,6.87,6.86,6.897641038927392
20230803093712650,6.87,6.86,6.897641038927392
20230803093712700,6.87,6.86,6.897512264394527
20230803093712850,6.87,6.86,6.897512264394527
20230803093712870,6.87,6.86,6.897512264394527
20230803093712970,6.87,6.86,6.897512264394527
20230803093713050,6.87,6.86,6.897512264394527
20230803093713110,6.87,6.86,6.897512264394527
20230803093713170,6.87,6.86,6.897512264394527
20230803093715160,6.87,6.86,6.897512264394527
20230803093715170,6.87,6.86,6.897512264394527
20230803093715660,6.87,6.86,6.897492903225807
20230803093715780,6.87,6.86,6.897492903225807
20230803093715930,6.87,6.86,6.897492903225807
20230803093715950,6.87,6.86,6.897492903225807
20230803093717590,6.87,6.86,6.897492903225807
20230803093717790,6.87,6.86,6.897473562032499
20230803093717800,6.87,6.86,6.897473562032499
20230803093717860,6.87,6.86,6.897473562032499
20230803093717980,6.87,6.86,6.897473562032499
20230803093718310,6.87,6.86,6.897473562032499
20230803093718380,6.87,6.86,6.897473562032499
20230803093718420,6.87,6.86,6.897473562032499
20230803093718430,6.87,6.86,6.897473562032499
20230803093718520,6.87,6.86,6.897473562032499
20230803093720150,6.87,6.86,6.897473562032499
20230803093720350,6.87,6.86,6.897473562032499
20230803093720420,6.87,6.86,6.897473562032499
20230803093720670,6.87,6.86,6.897473562032499
20230803093720950,6.87,6.86,6.897473562032499
20230803093721100,6.87,6.86,6.897352657625811
20230803093722840,6.87,6.86,6.897352657625811
20230803093722870,6.87,6.86,6.897352657625811
20230803093722880,6.87,6.86,6.897352657625811
20230803093723240,6.87,6.86,6.897352657625811
20230803093723250,6.87,6.86,6.897352657625811
20230803093723280,6.87,6.86,6.897352657625811
20230803093723290,6.87,6.86,6.897352657625811
20230803093723300,6.87,6.86,6.897352657625811
20230803093723310,6.87,6.85,6.895371885573669
20230803093723320,6.87,6.85,6.895371885573669
20230803093723430,6.86,6.85,6.895371885573669
20230803093723440,6.86,6.85,6.895371885573669
20230803093723560,6.86,6.85,6.895371885573669
20230803093723740,6.86,6.85,6.895371885573669
20230803093723750,6.86,6.85,6.895371885573669
20230803093723770,6.86,6.85,6.895009154155987
20230803093723820,6.86,6.85,6.895009154155987
20230803093724000,6.86,6.85,6.895009154155987
20230803093725600,6.86,6.85,6.895009154155987
20230803093725840,6.86,6.85,6.894992679355783
20230803093726440,6.86,6.85,6.894990544744708
20230803093726520,6.86,6.85,6.894990544744708
20230803093726530,6.86,6.85,6.894990544744708
20230803093728710,6.86,6.85,6.894990544744708
20230803093728730,6.86,6.85,6.894990544744708
20230803093728800,6.86,6.85,6.894990544744708
20230803093728910,6.86,6.85,6.894990544744708
20230803093728920,6.86,6.85,6.894990544744708
20230803093728980,6.86,6.85,6.894990544744708
20230803093729060,6.86,6.85,6.894990544744708
20230803093729210,6.86,6.85,6.894990544744708
20230803093729280,6.86,6.85,6.894990544744708
20230803093729420,6.86,6.85,6.8949878004147855
20230803093731010,6.86,6.85,6.8949707352761855
20230803093731070,6.86,6.85,6.8949707352761855
20230803093731150,6.86,6.85,6.8949707352761855
20230803093731330,6.86,6.85,6.8949707352761855
20230803093731520,6.86,6.85,6.8949707352761855
20230803093731530,6.86,6.85,6.8949707352761855
20230803093731660,6.86,6.85,6.8949707352761855
20230803093731670,6.86,6.85,6.8949707352761855
20230803093731700,6.86,6.85,6.8949707352761855
20230803093731830,6.86,6.85,6.8949707352761855
20230803093732030,6.86,6.85,6.8949707352761855
20230803093732150,6.86,6.85,6.8949707352761855
20230803093733630,6.86,6.85,6.8949707352761855
20230803093733810,6.86,6.85,6.8949707352761855
20230803093733860,6.86,6.85,6.8949707352761855
20230803093733920,6.86,6.85,6.8949707352761855
20230803093734130,6.86,6.85,6.8949707352761855
20230803093734540,6.86,6.85,6.8949707352761855
20230803093734550,6.86,6.85,6.8949707352761855
20230803093734590,6.86,6.85,6.8949707352761855
20230803093734610,6.86,6.85,6.8949707352761855
20230803093734680,6.86,6.85,6.8949707352761855
20230803093734730,6.86,6.85,6.894747817652764
20230803093734790,6.86,6.85,6.894747817652764
20230803093736320,6.86,6.85,6.894747817652764
20230803093736420,6.86,6.85,6.894747817652764
20230803093736570,6.86,6.85,6.894747817652764
20230803093736840,6.86,6.85,6.894747817652764
20230803093736930,6.86,6.85,6.894747817652764
20230803093737120,6.86,6.85,6.894747817652764
20230803093737460,6.86,6.85,6.894747817652764
20230803093737480,6.86,6.85,6.894747817652764
20230803093739000,6.86,6.85,6.894747817652764
20230803093739060,6.86,6.85,6.894747817652764
20230803093739160,6.86,6.85,6.894747817652764
20230803093739240,6.86,6.85,6.894598235862736
20230803093739330,6.86,6.85,6.894598235862736
20230803093739470,6.86,6.85,6.894598235862736
20230803093739500,6.86,6.85,6.894598235862736
20230803093739530,6.86,6.85,6.894598235862736
20230803093739590,6.86,6.85,6.894598235862736
20230803093739670,6.86,6.85,6.894598235862736
20230803093739720,6.86,6.85,6.894598235862736
20230803093739850,6.86,6.85,6.894598235862736
20230803093740020,6.86,6.85,6.894598235862736
20230803093740050,6.86,6.85,6.894598235862736
20230803093740060,6.86,6.85,6.894598235862736
20230803093740110,6.86,6.85,6.894598235862736
20230803093741810,6.86,6.85,6.89444518032392
20230803093741850,6.86,6.85,6.894381049720435
20230803093741970,6.86,6.85,6.894381049720435
20230803093742380,6.86,6.85,6.893981768350811
20230803093742640,6.86,6.85,6.893981768350811
20230803093742660,6.86,6.85,6.893981768350811
20230803093742850,6.86,6.85,6.893979148048853
20230803093742860,6.86,6.85,6.893979148048853
20230803093742870,6.86,6.85,6.893979148048853
20230803093744470,6.86,6.85,6.893906426490696
20230803093744950,6.86,6.85,6.893906426490696
20230803093745270,6.86,6.85,6.893906426490696
20230803093745290,6.86,6.85,6.893906426490696
20230803093745320,6.86,6.85,6.893906426490696
20230803093745440,6.86,6.85,6.893906426490696
20230803093745610,6.86,6.85,6.893906426490696
20230803093747710,6.86,6.85,6.893906426490696
20230803093747770,6.86,6.85,6.893906426490696
20230803093747790,6.86,6.84,6.893298938852084
20230803093747820,6.86,6.84,6.893225447734988
20230803093747850,6.86,6.84,6.893225447734988
20230803093748030,6.86,6.84,6.893225447734988
20230803093748090,6.86,6.84,6.893225447734988
20230803093748130,6.86,6.84,6.893225447734988
20230803093748140,6.86,6.84,6.893225447734988
20230803093748220,6.86,6.85,6.893225447734988
20230803093750060,6.86,6.85,6.893225447734988
20230803093750240,6.86,6.85,6.893225447734988
20230803093750270,6.86,6.85,6.893225447734988
20230803093750480,6.86,6.85,6.893225447734988
20230803093750500,6.86,6.85,6.893225447734988
20230803093750740,6.86,6.85,6.893225447734988
20230803093750920,6.86,6.85,6.893225447734988
20230803093752500,6.86,6.85,6.893225447734988
20230803093752550,6.86,6.85,6.893225447734988
20230803093752690,6.85,6.85,6.893225447734988
20230803093752700,6.85,6.85,6.893225447734988
20230803093752740,6.85,6.85,6.893225447734988
20230803093752900,6.85,6.85,6.893225447734988
20230803093753000,6.85,6.85,6.893225447734988
20230803093753010,6.85,6.85,6.893207745860879
20230803093753030,6.85,6.85,6.893205218205218
20230803093753130,6.85,6.85,6.893202690845277
20230803093753160,6.86,6.85,6.893190058479532
20230803093753240,6.86,6.85,6.893190058479532
20230803093753320,6.86,6.85,6.893190058479532
20230803093753460,6.86,6.85,6.893178018123356
20230803093753470,6.86,6.85,6.893175493978721
20230803093753550,6.86,6.85,6.893175493978721
20230803093755230,6.86,6.85,6.893175493978721
20230803093755240,6.86,6.85,6.893175493978721
20230803093755470,6.86,6.85,6.893175493978721
20230803093755530,6.86,6.85,6.893175493978721
20230803093755710,6.86,6.85,6.893175493978721
20230803093755790,6.86,6.85,6.893175493978721
20230803093755810,6.86,6.85,6.893175493978721
20230803093755920,6.86,6.85,6.893175493978721
20230803093755980,6.86,6.85,6.893175493978721
20230803093756000,6.86,6.85,6.893175493978721
20230803093756220,6.86,6.85,6.893089084650837
20230803093756230,6.86,6.85,6.893089084650837
20230803093756400,6.86,6.85,6.893089084650837
20230803093756430,6.86,6.85,6.893089084650837
20230803093756460,6.86,6.85,6.893038867198881
20230803093758310,6.86,6.85,6.893038867198881
20230803093758410,6.86,6.85,6.893038867198881
20230803093758510,6.86,6.85,6.89300128085701
20230803093758530,6.86,6.85,6.89300128085701
20230803093758660,6.86,6.85,6.89300128085701
20230803093758870,6.86,6.85,6.89300128085701
20230803093759010,6.86,6.85,6.89300128085701
20230803093800780,6.86,6.85,6.89300128085701
20230803093800870,6.86,6.85,6.89300128085701
20230803093800880,6.86,6.85,6.89300128085701
20230803093800930,6.86,6.85,6.89300128085701
20230803093800990,6.86,6.85,6.89300128085701
20230803093801070,6.86,6.85,6.89300128085701
20230803093801140,6.86,6.85,6.89300128085701
20230803093801270,6.86,6.85,6.89300128085701
20230803093801290,6.85,6.85,6.892882605666512
20230803093801320,6.85,6.85,6.892882605666512
20230803093801370,6.85,6.85,6.892882605666512
20230803093801510,6.85,6.85,6.892882605666512
20230803093801530,6.85,6.85,6.892880116110304
20230803093801610,6.85,6.85,6.892880116110304
20230803093801630,6.85,6.85,6.892872649175761
20230803093801770,6.85,6.85,6.892870160775437
20230803093801830,6.85,6.85,6.8928626973073355
20230803093803370,6.85,6.85,6.8928626973073355
20230803093803620,6.85,6.85,6.8928626973073355
20230803093803720,6.85,6.85,6.8928626973073355
20230803093803840,6.86,6.85,6.8927979844781655
20230803093803880,6.86,6.85,6.8927979844781655
20230803093803970,6.86,6.85,6.892681673881674
20230803093803990,6.86,6.85,6.892628940240881
20230803093804110,6.86,6.85,6.892628940240881
20230803093804120,6.86,6.85,6.892628940240881
20230803093806000,6.86,6.85,6.892628940240881
20230803093806050,6.86,6.85,6.892628940240881
20230803093806060,6.85,6.85,6.892628940240881
20230803093806140,6.85,6.85,6.892628940240881
20230803093806150,6.86,6.85,6.892599481716095
20230803093806390,6.86,6.85,6.892599481716095
20230803093806510,6.85,6.85,6.892587219343696
20230803093806600,6.86,6.85,6.892584767716309
20230803093806650,6.86,6.85,6.892584767716309
20230803093806690,6.86,6.85,6.8925828920101315
20230803093806710,6.86,6.85,6.8925828920101315
20230803093806800,6.86,6.85,6.8925828920101315
20230803093806900,6.86,6.85,6.8925828920101315
20230803093807090,6.86,6.85,6.8925810165198875
20230803093807100,6.86,6.85,6.892521114622235
20230803093807110,6.86,6.86,6.892521114622235
20230803093807120,6.86,6.86,6.892521114622235
20230803093807130,6.86,6.86,6.892521114622235
20230803093807150,6.86,6.86,6.892521114622235
20230803093807160,6.86,6.86,6.892521114622235
20230803093807170,6.86,6.86,6.892521114622235
20230803093807200,6.86,6.86,6.892521114622235
20230803093807210,6.86,6.86,6.892521114622235
20230803093807240,6.86,6.86,6.892516803584765
20230803093807260,6.86,6.86,6.892516803584765
20230803093808850,6.85,6.86,6.892516803584765
20230803093808860,6.85,6.85,6.892516803584765
20230803093808950,6.85,6.85,6.892516803584765
20230803093809140,6.85,6.85,6.892516803584765
20230803093809200,6.85,6.85,6.892516803584765
20230803093809210,6.85,6.85,6.892516803584765
20230803093809240,6.85,6.85,6.892516803584765
20230803093809400,6.85,6.85,6.892516803584765
20230803093809500,6.85,6.85,6.892516803584765
20230803093809880,6.85,6.85,6.892516803584765
20230803093811560,6.85,6.85,6.892516803584765
20230803093811890,6.85,6.85,6.892516803584765
20230803093811900,6.85,6.85,6.892516803584765
20230803093812130,6.85,6.85,6.892516803584765
20230803093812160,6.85,6.85,6.892516803584765
20230803093812240,6.85,6.85,6.892516803584765
20230803093812260,6.85,6.85,6.892516803584765
20230803093812420,6.85,6.85,6.892516803584765
20230803093812450,6.85,6.85,6.892516803584765
20230803093812580,6.85,6.85,6.892516803584765
20230803093812590,6.85,6.85,6.892516803584765
20230803093814260,6.85,6.85,6.892516803584765
20230803093814330,6.85,6.85,6.892516803584765
20230803093814640,6.85,6.85,6.892293273901366
20230803093814710,6.85,6.85,6.892293273901366
20230803093814960,6.85,6.85,6.892293273901366
20230803093815040,6.85,6.85,6.892216074382523
20230803093815240,6.85,6.85,6.892216074382523
20230803093816840,6.85,6.85,6.892216074382523
20230803093816950,6.85,6.85,6.892216074382523
20230803093816960,6.85,6.85,6.892216074382523
20230803093817070,6.85,6.85,6.892216074382523
20230803093817080,6.85,6.85,6.892216074382523
20230803093817160,6.85,6.85,6.892050568181818
20230803093817340,6.85,6.85,6.891931444759207
20230803093817450,6.85,6.85,6.891931444759207
20230803093817980,6.85,6.85,6.891883984153933
20230803093818030,6.85,6.85,6.891876874328071
20230803093819580,6.85,6.85,6.891876874328071
20230803093819690,6.85,6.85,6.89182953710507
20230803093819860,6.85,6.85,6.89182953710507
20230803093819960,6.85,6.85,6.891815356799819
20230803093820010,6.85,6.85,6.89180118610562
20230803093820260,6.85,6.85,6.89180118610562
20230803093820310,6.85,6.85,6.89180118610562
20230803093820590,6.85,6.85,6.89180118610562
20230803093820640,6.85,6.85,6.89180118610562
20230803093820660,6.85,6.85,6.89180118610562
20230803093820680,6.85,6.85,6.89180118610562
20230803093820690,6.85,6.85,6.89180118610562
20230803093822210,6.85,6.85,6.891798825256975
20230803093822230,6.85,6.85,6.891719957142051
20230803093822280,6.85,6.85,6.891719957142051
20230803093822320,6.85,6.85,6.891648271201712
20230803093822600,6.85,6.84,6.890233870084346
20230803093822890,6.85,6.84,6.890233870084346
20230803093823200,6.85,6.84,6.890233870084346
20230803093823400,6.85,6.84,6.890214618122092
20230803093823410,6.85,6.84,6.890214618122092
20230803093824940,6.85,6.84,6.890204171000055
20230803093825010,6.85,6.84,6.890149270053038
20230803093825160,6.85,6.84,6.890149270053038
20230803093825370,6.85,6.84,6.890149270053038
20230803093825470,6.85,6.84,6.890149270053038
20230803093825510,6.85,6.84,6.890149270053038
20230803093825580,6.85,6.84,6.890149270053038
20230803093825990,6.85,6.84,6.890149270053038
20230803093827640,6.85,6.84,6.890149270053038
20230803093827670,6.85,6.84,6.890149270053038
20230803093827940,6.85,6.84,6.890149270053038
20230803093828080,6.85,6.84,6.890149270053038
20230803093828440,6.85,6.84,6.890149270053038
20230803093828460,6.85,6.84,6.890149270053038
20230803093828600,6.85,6.84,6.890149270053038
20230803093830320,6.85,6.84,6.890149270053038
20230803093830660,6.85,6.84,6.890149270053038
20230803093830690,6.85,6.84,6.890149270053038
20230803093830700,6.85,6.84,6.890149270053038
20230803093830730,6.85,6.84,6.890149270053038
20230803093830980,6.85,6.84,6.890149270053038
20230803093831140,6.85,6.84,6.890149270053038
20230803093831340,6.85,6.84,6.890149270053038
20230803093831370,6.85,6.84,6.890149270053038
20230803093831380,6.85,6.84,6.890149270053038
20230803093831390,6.85,6.84,6.890149270053038
20230803093831440,6.85,6.84,6.890149270053038
20230803093831530,6.85,6.84,6.890149270053038
20230803093833070,6.85,6.84,6.890149270053038
20230803093833180,6.85,6.84,6.890149270053038
20230803093833410,6.85,6.84,6.890149270053038
20230803093833460,6.85,6.84,6.890149270053038
20230803093833650,6.85,6.84,6.890149270053038
20230803093834020,6.85,6.84,6.890149270053038
20230803093835710,6.85,6.84,6.890149270053038
20230803093835830,6.85,6.84,6.890149270053038
20230803093835890,6.85,6.84,6.890149270053038
20230803093836010,6.85,6.84,6.889469403145874
20230803093836040,6.85,6.84,6.889469403145874
20230803093836440,6.85,6.84,6.889469403145874
20230803093836480,6.85,6.84,6.889469403145874
20230803093836550,6.85,6.84,6.8894491707947445
20230803093838460,6.85,6.84,6.8894491707947445
20230803093838480,6.85,6.84,6.8894491707947445
20230803093838580,6.85,6.84,6.8894491707947445
20230803093839060,6.85,6.84,6.8894491707947445
20230803093839370,6.85,6.84,6.8894491707947445
20230803093839410,6.85,6.84,6.8894491707947445
20230803093841100,6.85,6.84,6.8894491707947445
20230803093841150,6.85,6.84,6.8894491707947445
20230803093841270,6.85,6.84,6.8894491707947445
20230803093841320,6.85,6.84,6.8894491707947445
20230803093841470,6.85,6.84,6.8894491707947445
20230803093841510,6.85,6.84,6.8894491707947445
20230803093841560,6.85,6.84,6.8894491707947445
20230803093841580,6.85,6.84,6.8894491707947445
20230803093841760,6.85,6.84,6.8894491707947445
20230803093841770,6.85,6.84,6.8894491707947445
20230803093841920,6.85,6.84,6.8894491707947445
20230803093841990,6.85,6.84,6.8894491707947445
20230803093842090,6.85,6.84,6.8894491707947445
20230803093842280,6.85,6.84,6.8894491707947445
20230803093843850,6.85,6.84,6.8894491707947445
20230803093843990,6.85,6.84,6.8894491707947445
20230803093844520,6.85,6.84,6.8894491707947445
20230803093846560,6.85,6.84,6.8894491707947445
20230803093846570,6.85,6.84,6.8894491707947445
20230803093846840,6.85,6.85,6.8894491707947445
20230803093846940,6.85,6.85,6.8894491707947445
20230803093847060,6.85,6.85,6.8894491707947445
20230803093847070,6.85,6.85,6.8894491707947445
20230803093847080,6.85,6.85,6.8894491707947445
20230803093847090,6.85,6.85,6.8894491707947445
20230803093847150,6.85,6.85,6.8894491707947445
20230803093847220,6.85,6.85,6.8894491707947445
20230803093847280,6.85,6.85,6.888218282606422
20230803093847320,6.85,6.85,6.888198306502195
20230803093847380,6.85,6.85,6.888198306502195
20230803093847660,6.85,6.85,6.888198306502195
20230803093849280,6.85,6.84,6.888198306502195
20230803093849300,6.85,6.84,6.888198306502195
20230803093849380,6.85,6.85,6.888198306502195
20230803093849460,6.85,6.85,6.888198306502195
20230803093849570,6.85,6.84,6.888198306502195
20230803093849760,6.85,6.84,6.888198306502195
20230803093849770,6.85,6.84,6.888198306502195
20230803093849780,6.85,6.84,6.888198306502195
20230803093849880,6.85,6.85,6.888198306502195
20230803093849900,6.85,6.85,6.888198306502195
20230803093850000,6.85,6.85,6.888198306502195
20230803093850400,6.85,6.85,6.888198306502195
20230803093852110,6.85,6.85,6.888198306502195
20230803093852220,6.85,6.85,6.888198306502195
20230803093852580,6.85,6.85,6.888198306502195
20230803093852600,6.85,6.85,6.888198306502195
20230803093852640,6.85,6.85,6.888198306502195
20230803093852820,6.85,6.85,6.888198306502195
20230803093852920,6.85,6.85,6.888198306502195
20230803093852990,6.85,6.85,6.888198306502195
20230803093853080,6.85,6.85,6.888198306502195
20230803093854630,6.85,6.85,6.888198306502195
20230803093854650,6.85,6.85,6.888198306502195
20230803093854870,6.85,6.85,6.888198306502195
20230803093854900,6.85,6.85,6.888198306502195
20230803093854980,6.85,6.85,6.888198306502195
20230803093855010,6.85,6.85,6.888198306502195
20230803093855060,6.85,6.85,6.888198306502195
20230803093855110,6.85,6.85,6.888198306502195
20230803093855340,6.85,6.85,6.888198306502195
20230803093855370,6.85,6.85,6.888198306502195
20230803093855380,6.85,6.84,6.8871
20230803093855400,6.85,6.84,6.8871
20230803093855450,6.85,6.84,6.8871
20230803093855480,6.85,6.84,6.8871
20230803093855770,6.85,6.84,6.8871
20230803093855790,6.85,6.84,6.8871
20230803093857330,6.85,6.84,6.8871
20230803093857340,6.85,6.84,6.8871
20230803093857490,6.85,6.84,6.8871
20230803093857570,6.85,6.84,6.887088703948036
20230803093857600,6.85,6.84,6.887071772761857
20230803093857920,6.85,6.84,6.887071772761857
20230803093858090,6.85,6.84,6.8869536859136415
20230803093858100,6.85,6.84,6.8869536859136415
20230803093858140,6.85,6.84,6.886948081492341
20230803093900360,6.85,6.84,6.886920084865629
20230803093900380,6.85,6.84,6.886920084865629
20230803093900420,6.85,6.84,6.886711041896915
20230803093900620,6.85,6.84,6.886711041896915
20230803093900870,6.85,6.84,6.886711041896915
20230803093900920,6.85,6.84,6.886711041896915
20230803093901050,6.85,6.84,6.886711041896915
20230803093901180,6.85,6.84,6.886711041896915
20230803093901200,6.85,6.84,6.886709197769629
20230803093902970,6.85,6.84,6.886690766681729
20230803093903720,6.85,6.84,6.886690766681729
20230803093905420,6.85,6.84,6.886690766681729
20230803093905570,6.85,6.84,6.886690766681729
20230803093905790,6.85,6.84,6.886687082684873
20230803093906120,6.85,6.84,6.886687082684873
20230803093906440,6.85,6.84,6.886687082684873
20230803093906470,6.85,6.84,6.886687082684873
20230803093906520,6.85,6.84,6.886687082684873
20230803093906650,6.85,6.84,6.886687082684873
20230803093908400,6.85,6.84,6.886687082684873
20230803093908560,6.85,6.84,6.886687082684873
20230803093908690,6.85,6.84,6.886687082684873
20230803093908970,6.85,6.84,6.886687082684873
20230803093909100,6.85,6.84,6.886687082684873
20230803093909170,6.85,6.84,6.8865495495495495
20230803093909270,6.85,6.84,6.8865495495495495
20230803093910840,6.85,6.84,6.8865495495495495
20230803093910920,6.85,6.84,6.8865495495495495
20230803093910960,6.85,6.84,6.8865495495495495
20230803093913760,6.85,6.84,6.8865495495495495
20230803093913970,6.85,6.84,6.8865495495495495
20230803093914020,6.85,6.84,6.8865495495495495
20230803093914450,6.85,6.84,6.8865495495495495
20230803093914500,6.85,6.84,6.8865495495495495
20230803093916230,6.85,6.84,6.8865495495495495
20230803093916340,6.85,6.84,6.8865495495495495
20230803093916390,6.85,6.84,6.8865495495495495
20230803093916530,6.85,6.84,6.8865495495495495
20230803093916630,6.85,6.84,6.8865495495495495
20230803093916720,6.85,6.84,6.8865495495495495
20230803093916950,6.85,6.84,6.886516651665167
20230803093918900,6.85,6.84,6.886516651665167
20230803093919110,6.85,6.84,6.886516651665167
20230803093919240,6.85,6.84,6.886516651665167
20230803093919330,6.85,6.84,6.886516651665167
20230803093919430,6.85,6.84,6.886389276460036
20230803093919550,6.85,6.84,6.886389276460036
20230803093919600,6.85,6.84,6.886374775851763
20230803093919650,6.85,6.84,6.8863168888004775
20230803093919690,6.85,6.84,6.886099658905532
20230803093920010,6.85,6.84,6.885922081755128
20230803093921590,6.85,6.84,6.885922081755128
20230803093921750,6.85,6.84,6.885922081755128
20230803093921830,6.85,6.84,6.885922081755128
20230803093921960,6.85,6.84,6.8858427407480125
20230803093922030,6.85,6.84,6.8858427407480125
20230803093922170,6.85,6.84,6.8858427407480125
20230803093922290,6.85,6.84,6.8858427407480125
20230803093922430,6.85,6.84,6.8858427407480125
20230803093922650,6.85,6.84,6.8858427407480125
20230803093922750,6.85,6.84,6.8858427407480125
20230803093922810,6.85,6.84,6.8858427407480125
20230803093924380,6.85,6.84,6.8858427407480125
20230803093924530,6.85,6.84,6.8858427407480125
20230803093924670,6.85,6.84,6.8858427407480125
20230803093924790,6.85,6.84,6.8858427407480125
20230803093925100,6.85,6.84,6.8854127994557555
20230803093925150,6.85,6.84,6.8854127994557555
20230803093925430,6.85,6.84,6.8854127994557555
20230803093927040,6.85,6.84,6.8854127994557555
20230803093927580,6.85,6.84,6.8854127994557555
20230803093927650,6.85,6.84,6.8854127994557555
20230803093928140,6.85,6.84,6.8854127994557555
20230803093928150,6.85,6.84,6.8854127994557555
20230803093929880,6.85,6.84,6.8854127994557555
20230803093930060,6.85,6.84,6.8854127994557555
20230803093930190,6.85,6.84,6.8854127994557555
20230803093930310,6.85,6.84,6.8854127994557555
20230803093930330,6.85,6.84,6.8854127994557555
20230803093930800,6.85,6.84,6.8854127994557555
20230803093930850,6.85,6.84,6.8854127994557555
20230803093932720,6.85,6.84,6.8854127994557555
20230803093933040,6.85,6.85,6.883955623922062
20230803093933050,6.85,6.85,6.883914521160203
20230803093933060,6.85,6.85,6.8839129422718806
20230803093933080,6.85,6.85,6.8839113635305615
20230803093933300,6.85,6.85,6.8839113635305615
20230803093933390,6.85,6.85,6.8839113635305615
20230803093933440,6.85,6.85,6.8839113635305615
20230803093933530,6.85,6.85,6.8839113635305615
20230803093935510,6.85,6.85,6.8839113635305615
20230803093935820,6.85,6.85,6.8839113635305615
20230803093936150,6.85,6.85,6.8839113635305615
20230803093936270,6.85,6.85,6.8839113635305615
20230803093937840,6.85,6.85,6.8838955841980365
20230803093937940,6.85,6.85,6.8838955841980365
20230803093938060,6.85,6.85,6.8838955841980365
20230803093938130,6.85,6.85,6.8838955841980365
20230803093938440,6.85,6.85,6.8838955841980365
20230803093938490,6.85,6.85,6.8838955841980365
20230803093938560,6.85,6.85,6.8838955841980365
20230803093938630,6.85,6.85,6.883894007072399
20230803093938740,6.85,6.85,6.883894007072399
20230803093938760,6.85,6.85,6.883894007072399
20230803093940640,6.86,6.85,6.883658188185421
20230803093940660,6.86,6.85,6.883658188185421
20230803093940990,6.86,6.85,6.883658188185421
20230803093941040,6.86,6.85,6.883658188185421
20230803093941380,6.86,6.85,6.883658188185421
20230803093941410,6.86,6.85,6.883658188185421
20230803093941650,6.86,6.85,6.883656008109105
20230803093943380,6.86,6.85,6.883656008109105
20230803093943620,6.86,6.85,6.883656008109105
20230803093944090,6.86,6.85,6.883656008109105
20230803093944100,6.86,6.85,6.883656008109105
20230803093944390,6.86,6.85,6.883656008109105
20230803093945990,6.86,6.85,6.883656008109105
20230803093946020,6.86,6.85,6.883656008109105
20230803093946200,6.86,6.85,6.883656008109105
20230803093946250,6.86,6.85,6.883656008109105
20230803093946340,6.86,6.85,6.883656008109105
20230803093946400,6.86,6.85,6.883656008109105
20230803093946570,6.86,6.85,6.883656008109105
20230803093946780,6.86,6.85,6.883646202735688
20230803093946790,6.86,6.85,6.883646202735688
20230803093947070,6.86,6.85,6.883646202735688
20230803093947090,6.86,6.85,6.883646202735688
20230803093947100,6.86,6.85,6.883646202735688
20230803093949220,6.86,6.85,6.883646202735688
20230803093949290,6.86,6.85,6.883646202735688
20230803093949370,6.86,6.85,6.883646202735688
20230803093949390,6.86,6.85,6.883646202735688
20230803093951430,6.86,6.85,6.883646202735688
20230803093951540,6.86,6.85,6.883646202735688
20230803093951660,6.86,6.85,6.883646202735688
20230803093951750,6.86,6.85,6.883646202735688
20230803093951770,6.86,6.85,6.883646202735688
20230803093951780,6.86,6.85,6.88358814065732
20230803093951810,6.86,6.85,6.88358814065732
20230803093951990,6.86,6.85,6.88358814065732
20230803093952080,6.86,6.85,6.88358814065732
20230803093952090,6.86,6.85,6.88358814065732
20230803093952100,6.86,6.85,6.88358814065732
20230803093952110,6.86,6.85,6.88358814065732
20230803093952140,6.86,6.85,6.883557290470724
20230803093952430,6.86,6.85,6.883557290470724
20230803093952480,6.86,6.85,6.883557290470724
20230803093953990,6.86,6.85,6.883557290470724
20230803093954300,6.86,6.85,6.883557290470724
20230803093954620,6.86,6.85,6.883557290470724
20230803093954880,6.86,6.85,6.883557290470724
20230803093955190,6.86,6.85,6.883557290470724
20230803093955200,6.86,6.85,6.883557290470724
20230803093956980,6.86,6.85,6.883557290470724
20230803093957260,6.86,6.85,6.883534648921524
20230803093957340,6.86,6.85,6.883534648921524
20230803093957400,6.86,6.85,6.883534648921524
20230803093957410,6.86,6.85,6.883534648921524
20230803093957550,6.86,6.85,6.883517728544562
20230803093957570,6.86,6.85,6.883517728544562
20230803093959430,6.86,6.85,6.883517728544562
20230803093959540,6.86,6.85,6.883517728544562
20230803093959570,6.86,6.85,6.883517728544562
20230803093959600,6.86,6.85,6.883517728544562
20230803093959670,6.86,6.85,6.883517728544562
20230803093959940,6.86,6.85,6.883517728544562
20230803093959990,6.86,6.85,6.883517728544562
20230803094000000,6.86,6.85,6.883517728544562
20230803094000040,6.86,6.85,6.883517728544562
20230803094000050,6.86,6.85,6.883517728544562
20230803094000060,6.86,6.85,6.883517728544562
20230803094000070,6.86,6.85,6.883517728544562
20230803094000170,6.86,6.85,6.883502361193893
20230803094000390,6.86,6.85,6.883502361193893
20230803094002120,6.86,6.85,6.883493147545492
20230803094002320,6.86,6.85,6.883493147545492
20230803094002330,6.86,6.85,6.883493147545492
20230803094002460,6.86,6.85,6.883493147545492
20230803094002550,6.86,6.85,6.883493147545492
20230803094002810,6.86,6.85,6.883493147545492
20230803094005060,6.86,6.85,6.883493147545492
20230803094005090,6.86,6.85,6.883493147545492
20230803094005290,6.86,6.85,6.883493147545492
20230803094006000,6.86,6.85,6.883493147545492
20230803094007650,6.86,6.85,6.883493147545492
20230803094007880,6.86,6.85,6.883314819030275
20230803094008070,6.86,6.85,6.883314819030275
20230803094008140,6.86,6.85,6.883314819030275
20230803094008220,6.86,6.85,6.883314819030275
20230803094008520,6.86,6.85,6.883314819030275
20230803094008600,6.86,6.85,6.883314819030275
20230803094008610,6.86,6.85,6.883289509598763
20230803094008620,6.86,6.85,6.883283453106523
20230803094008720,6.86,6.84,6.8824942273534635
20230803094008730,6.86,6.84,6.8824942273534635
20230803094010230,6.86,6.84,6.8824942273534635
20230803094010260,6.86,6.84,6.8824942273534635
20230803094010280,6.86,6.84,6.8824942273534635
20230803094010310,6.86,6.84,6.8824942273534635
20230803094010520,6.86,6.85,6.8824942273534635
20230803094010650,6.86,6.85,6.8824942273534635
20230803094010880,6.86,6.85,6.8824942273534635
20230803094011050,6.86,6.85,6.8824942273534635
20230803094011070,6.86,6.85,6.8824942273534635
20230803094011100,6.86,6.85,6.8824942273534635
20230803094011210,6.86,6.85,6.882419369129895
20230803094011370,6.86,6.85,6.88241793292872
20230803094013220,6.86,6.85,6.88240701381509
20230803094013270,6.86,6.85,6.88240701381509
20230803094013430,6.86,6.85,6.88240701381509
20230803094013620,6.86,6.85,6.88240701381509
20230803094013850,6.86,6.85,6.88240701381509
20230803094015740,6.86,6.85,6.88240701381509
20230803094015860,6.86,6.85,6.88240701381509
20230803094016080,6.86,6.85,6.88240701381509
20230803094016160,6.86,6.85,6.8824010624169984
20230803094016250,6.86,6.85,6.8824010624169984
20230803094016450,6.86,6.85,6.882376697483081
20230803094016490,6.86,6.85,6.882376697483081
20230803094016550,6.86,6.85,6.882358090185677
20230803094016560,6.86,6.85,6.882358090185677
20230803094016630,6.86,6.85,6.882358090185677
20230803094016800,6.86,6.85,6.882358090185677
20230803094016840,6.86,6.85,6.882358090185677
20230803094018670,6.86,6.85,6.882358090185677
20230803094018680,6.86,6.85,6.882358090185677
20230803094018970,6.86,6.85,6.882358090185677
20230803094018980,6.86,6.85,6.882358090185677
20230803094019100,6.86,6.85,6.882358090185677
20230803094019140,6.86,6.85,6.882358090185677
20230803094019160,6.86,6.85,6.882350939226519
20230803094019180,6.85,6.85,6.882272486772487
20230803094019190,6.85,6.85,6.882272486772487
20230803094019240,6.85,6.85,6.882272486772487
20230803094019250,6.85,6.85,6.882272486772487
20230803094019310,6.85,6.85,6.882272486772487
20230803094019340,6.85,6.85,6.882272486772487
20230803094019390,6.85,6.85,6.882272486772487
20230803094019510,6.85,6.85,6.8822511566424325
20230803094021180,6.85,6.85,6.8822511566424325
20230803094021240,6.85,6.85,6.882249195928978
20230803094021330,6.85,6.85,6.882249195928978
20230803094021500,6.85,6.85,6.882249195928978
20230803094021710,6.85,6.85,6.882249195928978
20230803094021930,6.85,6.85,6.882249195928978
20230803094021980,6.85,6.85,6.882228581491591
20230803094023880,6.85,6.85,6.882228581491591
20230803094024340,6.85,6.85,6.882228581491591
20230803094024530,6.85,6.85,6.882228581491591
20230803094024550,6.85,6.85,6.882228581491591
20230803094024750,6.85,6.85,6.882228581491591
20230803094024800,6.85,6.85,6.882228581491591
20230803094026430,6.85,6.85,6.882228581491591
20230803094026550,6.85,6.85,6.882228581491591
20230803094026610,6.85,6.85,6.882228581491591
20230803094026690,6.85,6.85,6.882228581491591
20230803094026860,6.85,6.85,6.882228581491591
20230803094026880,6.85,6.85,6.882228581491591
20230803094027310,6.85,6.85,6.882228581491591
20230803094027340,6.85,6.85,6.882228581491591
20230803094027360,6.85,6.85,6.882228581491591
20230803094027390,6.85,6.85,6.882228581491591
20230803094027460,6.85,6.85,6.882228581491591
20230803094027510,6.85,6.85,6.882228581491591
20230803094027560,6.85,6.85,6.882228581491591
20230803094029230,6.85,6.85,6.882228581491591
20230803094029260,6.85,6.85,6.882228581491591
20230803094029340,6.85,6.85,6.882228581491591
20230803094029460,6.85,6.85,6.882228581491591
20230803094029490,6.85,6.85,6.882228581491591
20230803094029710,6.85,6.85,6.882228581491591
20230803094029760,6.85,6.85,6.882228581491591
20230803094030110,6.85,6.85,6.882228581491591
20230803094030240,6.85,6.85,6.882228581491591
20230803094031840,6.85,6.85,6.882228581491591
20230803094032070,6.85,6.85,6.882228581491591
20230803094032340,6.85,6.85,6.882228581491591
20230803094032370,6.85,6.85,6.882228581491591
20230803094032440,6.85,6.85,6.882228581491591
20230803094032530,6.85,6.85,6.882228581491591
20230803094032580,6.85,6.85,6.882228581491591
20230803094032990,6.85,6.85,6.882228581491591
20230803094033030,6.85,6.85,6.882228581491591
20230803094034520,6.85,6.85,6.882228581491591
20230803094034870,6.85,6.85,6.882228581491591
20230803094035630,6.85,6.85,6.882228581491591
20230803094037270,6.85,6.85,6.882228581491591
20230803094037310,6.85,6.85,6.882228581491591
20230803094037590,6.85,6.85,6.882228581491591
20230803094037880,6.85,6.85,6.882228581491591
20230803094038160,6.85,6.85,6.882228581491591
20230803094038420,6.85,6.85,6.882228581491591
20230803094040030,6.85,6.85,6.882228581491591
20230803094040110,6.85,6.85,6.882228581491591
20230803094040210,6.85,6.85,6.882228581491591
20230803094040450,6.85,6.85,6.882228581491591
20230803094040530,6.85,6.85,6.882228581491591
20230803094040700,6.85,6.85,6.882228581491591
20230803094040860,6.85,6.85,6.882228581491591
20230803094040900,6.85,6.85,6.882228581491591
20230803094041060,6.85,6.85,6.882228581491591
20230803094042610,6.85,6.85,6.882228581491591
20230803094042800,6.85,6.85,6.882228581491591
20230803094042900,6.85,6.85,6.882228581491591
20230803094043010,6.85,6.85,6.882228581491591
20230803094043440,6.85,6.85,6.882228581491591
20230803094043640,6.85,6.85,6.882228581491591
20230803094043690,6.85,6.85,6.882228581491591
20230803094045450,6.85,6.85,6.882228581491591
20230803094046050,6.85,6.85,6.882228581491591
20230803094046250,6.85,6.85,6.882228581491591
20230803094046490,6.85,6.85,6.8820171298724
20230803094048110,6.85,6.85,6.8820171298724
20230803094048740,6.85,6.85,6.8820171298724
20230803094048930,6.85,6.85,6.8820171298724
20230803094049020,6.85,6.85,6.8820171298724
20230803094049210,6.85,6.85,6.8820171298724
20230803094049220,6.85,6.85,6.8820171298724
20230803094049230,6.85,6.85,6.8820171298724
20230803094051470,6.85,6.85,6.8820171298724
20230803094051550,6.85,6.85,6.8820171298724
20230803094051590,6.85,6.85,6.8820171298724
20230803094051660,6.85,6.85,6.8820171298724
20230803094053570,6.86,6.85,6.8820171298724
20230803094053630,6.86,6.85,6.8820171298724
20230803094053670,6.86,6.85,6.881613237261078
20230803094053740,6.86,6.85,6.881605779598878
20230803094054110,6.86,6.85,6.881605779598878
20230803094054520,6.86,6.85,6.881605779598878
20230803094056550,6.86,6.85,6.881605779598878
20230803094056570,6.86,6.85,6.881605779598878
20230803094056590,6.86,6.85,6.881605779598878
20230803094056680,6.86,6.85,6.881605779598878
20230803094056780,6.86,6.85,6.881605779598878
20230803094057080,6.86,6.85,6.881596464755336
20230803094057110,6.86,6.85,6.881596464755336
20230803094057240,6.86,6.85,6.881596464755336
20230803094058780,6.86,6.85,6.881596464755336
20230803094058820,6.86,6.85,6.881596464755336
20230803094059000,6.86,6.85,6.881596464755336
20230803094101840,6.86,6.85,6.881596464755336
20230803094102410,6.86,6.85,6.881596464755336
20230803094104210,6.86,6.85,6.881596464755336
20230803094104240,6.86,6.85,6.881596464755336
20230803094104620,6.86,6.85,6.881596464755336
20230803094104850,6.86,6.85,6.881596464755336
20230803094105400,6.86,6.85,6.881596464755336
20230803094105430,6.86,6.85,6.881536906400551
20230803094107020,6.86,6.85,6.881536906400551
20230803094107150,6.86,6.85,6.881527413459471
20230803094107360,6.86,6.85,6.881527413459471
20230803094107600,6.86,6.85,6.881527413459471
20230803094107720,6.86,6.85,6.881527413459471
20230803094107850,6.86,6.85,6.881325357829524
20230803094108090,6.86,6.85,6.881280804979961
20230803094109830,6.86,6.85,6.881269016065112
20230803094109890,6.86,6.85,6.881269016065112
20230803094109900,6.86,6.85,6.881269016065112
20230803094110060,6.86,6.85,6.881269016065112
20230803094110480,6.86,6.85,6.881269016065112
20230803094113210,6.86,6.85,6.881269016065112
20230803094115000,6.86,6.85,6.881269016065112
20230803094115370,6.86,6.85,6.881123128472664
20230803094115780,6.86,6.85,6.881119168787108
20230803094115870,6.86,6.85,6.881119168787108
20230803094116020,6.86,6.85,6.881119168787108
20230803094116110,6.86,6.85,6.881103059581321
20230803094116200,6.86,6.85,6.881067513227514
20230803094118030,6.86,6.85,6.881067513227514
20230803094118240,6.86,6.85,6.881067513227514
20230803094118720,6.86,6.85,6.881067513227514
20230803094118790,6.86,6.85,6.881067513227514
20230803094120590,6.86,6.85,6.881067513227514
20230803094120690,6.86,6.85,6.881067513227514
20230803094120920,6.86,6.85,6.881067513227514
