Timestamp,ask1,bid1,VWAP
20230829093000030,6.36,6.34,6.35
20230829093000040,6.36,6.34,6.35
20230829093000050,6.36,6.34,6.35
20230829093000060,6.36,6.34,6.35
20230829093000070,6.36,6.34,6.35
20230829093000080,6.35,6.34,6.35
20230829093000090,6.35,6.34,6.35
20230829093000110,6.35,6.34,6.35
20230829093000120,6.35,6.34,6.35
20230829093000130,6.35,6.34,6.35
20230829093000140,6.35,6.34,6.35
20230829093000150,6.35,6.34,6.35
20230829093000160,6.35,6.34,6.35
20230829093000170,6.35,6.34,6.35
20230829093000180,6.35,6.34,6.35
20230829093000190,6.35,6.34,6.35
20230829093000220,6.35,6.34,6.35
20230829093000240,6.35,6.34,6.35
20230829093000250,6.35,6.34,6.35
20230829093000260,6.35,6.34,6.35
20230829093000280,6.35,6.34,6.35
20230829093000290,6.35,6.34,6.35
20230829093000300,6.35,6.34,6.35
20230829093000310,6.35,6.34,6.35
20230829093000320,6.35,6.34,6.35
20230829093000350,6.36,6.34,6.35
20230829093000370,6.36,6.34,6.35
20230829093000380,6.36,6.34,6.35
20230829093000400,6.36,6.34,6.35
20230829093000420,6.36,6.34,6.35
20230829093000450,6.36,6.34,6.35
20230829093000460,6.36,6.34,6.35
20230829093000490,6.36,6.34,6.35
20230829093000510,6.35,6.34,6.35
20230829093000520,6.35,6.34,6.35
20230829093000530,6.35,6.34,6.35
20230829093000760,6.35,6.34,6.35
20230829093000800,6.35,6.34,6.35
20230829093000830,6.35,6.34,6.35
20230829093000860,6.36,6.35,6.35
20230829093000940,6.36,6.35,6.35
20230829093000950,6.36,6.35,6.35
20230829093000960,6.36,6.35,6.35
20230829093000970,6.36,6.35,6.35
20230829093000980,6.36,6.35,6.35
20230829093001030,6.35,6.35,6.35
20230829093001050,6.35,6.35,6.349961340206185
20230829093001090,6.35,6.35,6.349961340206185
20230829093001100,6.35,6.34,6.34979721166033
20230829093001110,6.35,6.34,6.34979721166033
20230829093001140,6.35,6.34,6.34979721166033
20230829093001220,6.35,6.34,6.34979721166033
20230829093001280,6.35,6.34,6.34979721166033
20230829093001300,6.35,6.34,6.34979721166033
20230829093001340,6.35,6.34,6.34979721166033
20230829093001420,6.35,6.34,6.34979721166033
20230829093001550,6.35,6.34,6.34979721166033
20230829093001580,6.35,6.34,6.34979721166033
20230829093001800,6.35,6.34,6.34979721166033
20230829093001870,6.35,6.34,6.34979721166033
20230829093001880,6.35,6.34,6.34979721166033
20230829093001960,6.35,6.34,6.34979721166033
20230829093001970,6.35,6.34,6.34979721166033
20230829093002390,6.35,6.34,6.34979721166033
20230829093002420,6.35,6.34,6.34979721166033
20230829093002510,6.35,6.34,6.34979721166033
20230829093002570,6.35,6.34,6.34979721166033
20230829093002660,6.35,6.34,6.34979721166033
20230829093002750,6.35,6.34,6.34979721166033
20230829093002770,6.35,6.34,6.34979721166033
20230829093002810,6.35,6.34,6.34979721166033
20230829093002890,6.35,6.34,6.34979721166033
20230829093002950,6.34,6.34,6.34979721166033
20230829093003080,6.34,6.34,6.34979721166033
20230829093003090,6.34,6.34,6.34979721166033
20230829093003130,6.34,6.34,6.34979721166033
20230829093003170,6.34,6.34,6.34979721166033
20230829093003320,6.34,6.34,6.34979721166033
20230829093003880,6.34,6.34,6.34979721166033
20230829093003910,6.34,6.34,6.34979721166033
20230829093003940,6.34,6.34,6.34979721166033
20230829093003960,6.34,6.33,6.34979721166033
20230829093004000,6.34,6.33,6.34979721166033
20230829093004090,6.34,6.33,6.3486123853211005
20230829093004110,6.34,6.33,6.3486123853211005
20230829093004120,6.34,6.33,6.3486123853211005
20230829093004130,6.34,6.33,6.348592677345538
20230829093004160,6.34,6.33,6.348592677345538
20230829093004170,6.34,6.33,6.347658486707567
20230829093004220,6.34,6.33,6.347658486707567
20230829093004380,6.34,6.33,6.347658486707567
20230829093004400,6.34,6.33,6.347658486707567
20230829093004810,6.34,6.33,6.347658486707567
20230829093004820,6.34,6.33,6.347658486707567
20230829093004840,6.34,6.33,6.347658486707567
20230829093004860,6.34,6.33,6.347658486707567
20230829093005100,6.34,6.33,6.347658486707567
20230829093005190,6.34,6.33,6.347658486707567
20230829093005460,6.34,6.33,6.347658486707567
20230829093005580,6.34,6.33,6.347658486707567
20230829093006050,6.34,6.33,6.347658486707567
20230829093006180,6.34,6.34,6.347658486707567
20230829093006370,6.35,6.34,6.34755223880597
20230829093006990,6.35,6.34,6.34755223880597
20230829093007010,6.35,6.34,6.347589285714286
20230829093007110,6.35,6.34,6.347589285714286
20230829093007160,6.35,6.34,6.347589285714286
20230829093007330,6.35,6.34,6.347589285714286
20230829093007700,6.35,6.34,6.347589285714286
20230829093007880,6.35,6.34,6.347589285714286
20230829093007910,6.35,6.33,6.347589285714286
20230829093007950,6.35,6.33,6.347589285714286
20230829093008120,6.35,6.33,6.347589285714286
20230829093008140,6.35,6.33,6.347589285714286
20230829093008390,6.35,6.33,6.347589285714286
20230829093009300,6.35,6.33,6.347589285714286
20230829093009660,6.35,6.34,6.347589285714286
20230829093009670,6.35,6.34,6.347589285714286
20230829093009820,6.35,6.34,6.347589285714286
20230829093010100,6.35,6.34,6.347589285714286
20230829093010150,6.35,6.34,6.347589285714286
20230829093010200,6.35,6.34,6.347589285714286
20230829093011390,6.35,6.34,6.347589285714286
20230829093011660,6.35,6.34,6.347589285714286
20230829093012350,6.35,6.34,6.347589285714286
20230829093013090,6.35,6.34,6.347589285714286
20230829093014050,6.35,6.34,6.347589285714286
20230829093014120,6.35,6.34,6.347589285714286
20230829093014380,6.35,6.34,6.347589285714286
20230829093014540,6.35,6.34,6.347589285714286
20230829093015780,6.35,6.34,6.347589285714286
20230829093015950,6.36,6.4,6.347589285714286
20230829093016530,6.36,6.4,6.347589285714286
20230829093017150,6.35,6.4,6.347589285714286
20230829093017200,6.35,6.37,6.347589285714286
20230829093017290,6.35,6.37,6.347589285714286
20230829093017510,6.35,6.34,6.347589285714286
20230829093017690,6.35,6.34,6.347589285714286
20230829093018070,6.35,6.33,6.34716848673947
20230829093018910,6.35,6.33,6.34716848673947
20230829093018940,6.35,6.33,6.34716848673947
20230829093019100,6.35,6.33,6.34716848673947
20230829093019210,6.35,6.33,6.34716848673947
20230829093019280,6.35,6.33,6.34716848673947
20230829093019300,6.35,6.33,6.34716848673947
20230829093019310,6.35,6.33,6.34716848673947
20230829093019340,6.35,6.33,6.34716848673947
20230829093019350,6.34,6.33,6.346772291820192
20230829093019620,6.34,6.33,6.346772291820192
20230829093020170,6.34,6.33,6.346772291820192
20230829093020180,6.34,6.33,6.346772291820192
20230829093020190,6.34,6.33,6.346772291820192
20230829093020230,6.34,6.33,6.346772291820192
20230829093020250,6.34,6.33,6.346772291820192
20230829093020750,6.34,6.33,6.346772291820192
20230829093021080,6.35,6.33,6.346635379061372
20230829093021110,6.34,6.33,6.346635379061372
20230829093021480,6.34,6.33,6.346635379061372
20230829093021530,6.35,6.33,6.346635379061372
20230829093022080,6.35,6.33,6.346143048128342
20230829093022100,6.35,6.33,6.346143048128342
20230829093022150,6.35,6.33,6.346143048128342
20230829093022700,6.35,6.33,6.346143048128342
20230829093022780,6.35,6.33,6.346143048128342
20230829093022790,6.35,6.34,6.346143048128342
20230829093023080,6.35,6.34,6.346143048128342
20230829093023430,6.35,6.34,6.346143048128342
20230829093023480,6.35,6.34,6.346143048128342
20230829093023560,6.35,6.34,6.346143048128342
20230829093023940,6.35,6.34,6.346143048128342
20230829093024420,6.35,6.34,6.346143048128342
20230829093024860,6.35,6.34,6.346086142322098
20230829093025170,6.35,6.34,6.346086142322098
20230829093025250,6.35,6.34,6.346091022443891
20230829093025390,6.35,6.34,6.346091022443891
20230829093025570,6.35,6.34,6.346091022443891
20230829093025590,6.35,6.34,6.346091022443891
20230829093026050,6.36,6.34,6.346287744227354
20230829093026510,6.36,6.34,6.346287744227354
20230829093026790,6.36,6.34,6.346287744227354
20230829093027020,6.36,6.34,6.346720183486238
20230829093027030,6.36,6.34,6.346735395189003
20230829093027330,6.36,6.34,6.346735395189003
20230829093028110,6.35,6.34,6.346735395189003
20230829093028290,6.35,6.34,6.346735395189003
20230829093028470,6.36,6.34,6.347357293868922
20230829093029110,6.36,6.34,6.347357293868922
20230829093029140,6.36,6.34,6.347357293868922
20230829093029230,6.36,6.34,6.347357293868922
20230829093029420,6.36,6.34,6.347357293868922
20230829093030210,6.36,6.34,6.347357293868922
20230829093031120,6.36,6.34,6.347357293868922
20230829093031130,6.36,6.35,6.347357293868922
20230829093031140,6.36,6.35,6.347357293868922
20230829093031150,6.36,6.35,6.347357293868922
20230829093031180,6.36,6.35,6.347357293868922
20230829093031200,6.36,6.35,6.347357293868922
20230829093031250,6.36,6.35,6.347357293868922
20230829093031350,6.36,6.35,6.347401859504132
20230829093032110,6.36,6.35,6.347401859504132
20230829093032140,6.36,6.35,6.347401859504132
20230829093032150,6.36,6.35,6.347401859504132
20230829093032380,6.36,6.35,6.347420512820513
20230829093032410,6.36,6.35,6.347420512820513
20230829093032870,6.36,6.35,6.347420512820513
20230829093033010,6.36,6.35,6.347420512820513
20230829093033140,6.36,6.35,6.347420512820513
20230829093033180,6.36,6.34,6.347420512820513
20230829093033560,6.36,6.34,6.347414141414141
20230829093033740,6.36,6.34,6.347414141414141
20230829093033970,6.36,6.35,6.347414141414141
20230829093033990,6.36,6.35,6.347414141414141
20230829093034110,6.36,6.35,6.347425842131725
20230829093034120,6.36,6.35,6.347429718875502
20230829093034510,6.36,6.35,6.347431008529854
20230829093034740,6.36,6.35,6.347431008529854
20230829093035130,6.36,6.35,6.3478574890935535
20230829093035240,6.36,6.35,6.3478574890935535
20230829093035460,6.36,6.35,6.347970106075217
20230829093035590,6.36,6.35,6.348044209514656
20230829093035600,6.36,6.35,6.348044209514656
20230829093035850,6.36,6.35,6.348075815738963
20230829093035870,6.36,6.36,6.348075815738963
20230829093035880,6.36,6.36,6.348270142180095
20230829093035950,6.36,6.36,6.34835294117647
20230829093036230,6.36,6.36,6.348444236176195
20230829093036430,6.36,6.36,6.3485219990658575
20230829093036490,6.38,6.36,6.349296400911162
20230829093036510,6.38,6.36,6.349296400911162
20230829093037000,6.38,6.37,6.349296400911162
20230829093037070,6.38,6.37,6.349315248065544
20230829093037080,6.38,6.37,6.34933406093679
20230829093037090,6.38,6.37,6.34933406093679
20230829093037100,6.37,6.37,6.349343454545455
20230829093037110,6.37,6.37,6.349343454545455
20230829093037650,6.37,6.37,6.349343454545455
20230829093037790,6.37,6.37,6.349343454545455
20230829093037800,6.37,6.37,6.349343454545455
20230829093037810,6.37,6.37,6.349343454545455
20230829093037820,6.37,6.35,6.349348296228987
20230829093037970,6.37,6.36,6.349348296228987
20230829093038270,6.37,6.36,6.349348296228987
20230829093038600,6.37,6.36,6.349348296228987
20230829093038650,6.37,6.36,6.349348296228987
20230829093038740,6.38,6.36,6.349870022075056
20230829093038780,6.38,6.36,6.349870022075056
20230829093038810,6.38,6.36,6.349870022075056
20230829093038820,6.38,6.36,6.349870022075056
20230829093038850,6.38,6.35,6.349870022075056
20230829093039280,6.37,6.35,6.349870022075056
20230829093039370,6.37,6.35,6.349870022075056
20230829093039520,6.37,6.36,6.349870022075056
20230829093039570,6.37,6.36,6.349870022075056
20230829093039620,6.37,6.36,6.349870022075056
20230829093039650,6.37,6.36,6.349949802544976
20230829093039700,6.37,6.36,6.349949802544976
20230829093039910,6.37,6.36,6.349949802544976
20230829093040030,6.37,6.36,6.349984932106877
20230829093040070,6.37,6.36,6.349984932106877
20230829093040100,6.37,6.36,6.349984932106877
20230829093040450,6.37,6.36,6.349984932106877
20230829093041090,6.38,6.36,6.350037363596683
20230829093041110,6.38,6.36,6.3500503923278115
20230829093041510,6.38,6.38,6.350180381944445
20230829093041740,6.38,6.38,6.35023773630677
20230829093041780,6.38,6.38,6.35023773630677
20230829093041820,6.38,6.38,6.35023773630677
20230829093041850,6.38,6.38,6.35023773630677
20230829093041990,6.38,6.38,6.35023773630677
20230829093042020,6.38,6.38,6.35023773630677
20230829093042030,6.38,6.38,6.35023773630677
20230829093043030,6.38,6.38,6.350726714955262
20230829093043100,6.38,6.38,6.350726714955262
20230829093043220,6.37,6.38,6.350726714955262
20230829093043260,6.37,6.38,6.350726714955262
20230829093043300,6.37,6.38,6.350726714955262
20230829093044340,6.37,6.38,6.350726714955262
20230829093044530,6.37,6.38,6.350726714955262
20230829093044990,6.38,6.38,6.350726714955262
20230829093045000,6.38,6.38,6.351141373534339
20230829093045010,6.38,6.38,6.351261718098415
20230829093045260,6.38,6.38,6.351261718098415
20230829093045360,6.38,6.38,6.351392943129929
20230829093045690,6.38,6.38,6.351511202976437
20230829093045730,6.38,6.38,6.351791076545232
20230829093045770,6.38,6.38,6.351791076545232
20230829093046070,6.38,6.38,6.351791076545232
20230829093046100,6.38,6.38,6.351791076545232
20230829093046250,6.38,6.38,6.351791076545232
20230829093046300,6.37,6.37,6.35199012145749
20230829093046590,6.37,6.37,6.352098832997988
20230829093046940,6.37,6.37,6.352098832997988
20230829093047200,6.37,6.37,6.352098832997988
20230829093047280,6.37,6.37,6.352098832997988
20230829093047740,6.37,6.37,6.352098832997988
20230829093047880,6.37,6.37,6.352113228789706
20230829093048050,6.37,6.37,6.352113228789706
20230829093048480,6.38,6.37,6.352308699122108
20230829093048740,6.38,6.37,6.352308699122108
20230829093048750,6.37,6.37,6.352308699122108
20230829093048770,6.37,6.37,6.352308699122108
20230829093048800,6.37,6.37,6.352308699122108
20230829093049040,6.38,6.37,6.352438827258321
20230829093049070,6.38,6.37,6.352441821782178
20230829093049100,6.38,6.36,6.352444813935075
20230829093049310,6.38,6.36,6.352639779874214
20230829093049400,6.38,6.36,6.352639779874214
20230829093049420,6.38,6.36,6.352639779874214
20230829093049430,6.38,6.36,6.352639779874214
20230829093049590,6.38,6.37,6.352639779874214
20230829093049640,6.38,6.37,6.352639779874214
20230829093049650,6.38,6.37,6.352639779874214
20230829093049800,6.38,6.37,6.352639779874214
20230829093049810,6.38,6.37,6.352639779874214
20230829093050040,6.38,6.37,6.352639779874214
20230829093050110,6.38,6.37,6.352645561665358
20230829093050140,6.38,6.37,6.352645561665358
20230829093050620,6.38,6.37,6.353559453302961
20230829093050790,6.37,6.37,6.353559453302961
20230829093050800,6.38,6.37,6.35404406779661
20230829093050980,6.38,6.37,6.35404406779661
20230829093051090,6.38,6.37,6.35404406779661
20230829093051290,6.38,6.37,6.354129856775615
20230829093051440,6.38,6.37,6.354129856775615
20230829093052090,6.38,6.37,6.354135682819384
20230829093052100,6.38,6.37,6.354135682819384
20230829093052110,6.38,6.37,6.354141504587156
20230829093052130,6.38,6.37,6.354141504587156
20230829093052470,6.38,6.37,6.354141504587156
20230829093052730,6.38,6.37,6.354141504587156
20230829093052810,6.38,6.37,6.354141504587156
20230829093053430,6.38,6.37,6.354141504587156
20230829093053470,6.38,6.37,6.354141504587156
20230829093053580,6.38,6.37,6.354141504587156
20230829093053630,6.38,6.37,6.354141504587156
20230829093053700,6.38,6.37,6.354552401589022
20230829093053780,6.38,6.37,6.354552401589022
20230829093053810,6.38,6.37,6.354552401589022
20230829093053890,6.38,6.37,6.354552401589022
20230829093053910,6.38,6.37,6.354552401589022
20230829093054040,6.38,6.37,6.354552401589022
20230829093054220,6.38,6.37,6.354552401589022
20230829093054470,6.38,6.37,6.354552401589022
20230829093054510,6.38,6.37,6.354552401589022
20230829093055070,6.38,6.37,6.354552401589022
20230829093055080,6.38,6.37,6.354552401589022
20230829093055100,6.38,6.37,6.354552401589022
20230829093055110,6.38,6.37,6.354552401589022
20230829093055120,6.38,6.37,6.354552401589022
20230829093056720,6.38,6.37,6.354552401589022
20230829093056800,6.38,6.37,6.354552401589022
20230829093056930,6.38,6.37,6.354724130512729
20230829093057220,6.38,6.37,6.355204220893422
20230829093057520,6.38,6.37,6.355297308633345
20230829093058330,6.37,6.37,6.355348519679555
20230829093058400,6.37,6.37,6.355348519679555
20230829093059830,6.37,6.37,6.355348519679555
20230829093100000,6.37,6.37,6.355599315302979
20230829093100080,6.38,6.37,6.3556875127594425
20230829093100240,6.38,6.37,6.3556875127594425
20230829093100280,6.38,6.37,6.3556875127594425
20230829093100510,6.38,6.37,6.35571376146789
20230829093101080,6.38,6.37,6.35571376146789
20230829093101100,6.37,6.37,6.35571376146789
20230829093101130,6.38,6.37,6.35571376146789
20230829093101250,6.38,6.37,6.35571376146789
20230829093101710,6.38,6.37,6.35571376146789
20230829093102110,6.38,6.36,6.35571376146789
20230829093102210,6.38,6.36,6.35571376146789
20230829093102540,6.38,6.36,6.35571376146789
20230829093103220,6.38,6.36,6.35571376146789
20230829093103450,6.36,6.36,6.35571376146789
20230829093103460,6.36,6.36,6.35571376146789
20230829093103890,6.36,6.36,6.35571376146789
20230829093104070,6.36,6.36,6.35571376146789
20230829093104080,6.38,6.36,6.35571376146789
20230829093104100,6.38,6.36,6.35571376146789
20230829093104170,6.37,6.34,6.35571376146789
20230829093104180,6.37,6.35,6.35571376146789
20230829093104270,6.37,6.35,6.35571376146789
20230829093104470,6.37,6.35,6.35571376146789
20230829093104590,6.37,6.35,6.35571376146789
20230829093105640,6.37,6.36,6.355535566011625
20230829093105900,6.36,6.36,6.355558698372966
20230829093106160,6.36,6.36,6.355558698372966
20230829093106290,6.36,6.36,6.355558698372966
20230829093107090,6.36,6.35,6.355529287270464
20230829093107110,6.36,6.35,6.355529287270464
20230829093108430,6.36,6.35,6.355529287270464
20230829093109090,6.37,6.35,6.355529287270464
20230829093109180,6.37,6.35,6.355529287270464
20230829093109520,6.38,6.35,6.355529287270464
20230829093110080,6.38,6.36,6.355529287270464
20230829093110100,6.38,6.36,6.355529287270464
20230829093110110,6.38,6.35,6.355541223486013
20230829093110130,6.38,6.36,6.355541223486013
20230829093110140,6.37,6.36,6.355541223486013
20230829093110190,6.37,6.36,6.355545331695332
20230829093110220,6.37,6.36,6.355545331695332
20230829093110230,6.37,6.36,6.355545331695332
20230829093110270,6.37,6.36,6.355545331695332
20230829093110390,6.37,6.36,6.355545331695332
20230829093110540,6.37,6.35,6.355545331695332
20230829093110570,6.37,6.35,6.355545331695332
20230829093111120,6.37,6.35,6.355545331695332
20230829093111700,6.37,6.35,6.355545331695332
20230829093111740,6.37,6.35,6.355545331695332
20230829093112170,6.37,6.36,6.355545331695332
20230829093112370,6.37,6.35,6.355784829991282
20230829093112570,6.36,6.35,6.355784829991282
20230829093112990,6.36,6.35,6.355784829991282
20230829093113030,6.36,6.35,6.355784829991282
20230829093113050,6.36,6.35,6.355784829991282
20230829093113100,6.36,6.35,6.355784829991282
20230829093113110,6.36,6.35,6.355784829991282
20230829093113230,6.36,6.35,6.355784829991282
20230829093113540,6.36,6.35,6.355784829991282
20230829093113740,6.36,6.35,6.355784829991282
20230829093113980,6.36,6.35,6.355784829991282
20230829093114110,6.36,6.35,6.3557856194051405
20230829093114590,6.36,6.35,6.3557856194051405
20230829093114630,6.36,6.35,6.3557856194051405
20230829093114950,6.36,6.35,6.355797754103081
20230829093114960,6.36,6.35,6.355797754103081
20230829093115010,6.36,6.35,6.355797754103081
20230829093115050,6.36,6.35,6.355797754103081
20230829093115380,6.36,6.35,6.355797754103081
20230829093115510,6.37,6.35,6.355806206896552
20230829093115740,6.37,6.35,6.355806206896552
20230829093115790,6.37,6.35,6.355806206896552
20230829093116030,6.37,6.35,6.355806206896552
20230829093116070,6.37,6.35,6.355849255441008
20230829093116100,6.35,6.35,6.355829223744292
20230829093117110,6.35,6.35,6.355829223744292
20230829093117420,6.35,6.35,6.355829223744292
20230829093117460,6.37,6.35,6.355829223744292
20230829093117590,6.37,6.35,6.355829223744292
20230829093117610,6.38,6.35,6.35608561252604
20230829093117820,6.38,6.35,6.35608561252604
20230829093117980,6.38,6.35,6.35608561252604
20230829093118530,6.38,6.35,6.35608561252604
20230829093118640,6.38,6.36,6.35608561252604
20230829093118960,6.38,6.36,6.35608561252604
20230829093119070,6.38,6.36,6.3561182579564495
20230829093119130,6.38,6.36,6.356121506276151
20230829093120030,6.38,6.36,6.356121506276151
20230829093120130,6.38,6.36,6.356181454747363
20230829093121060,6.37,6.36,6.356181454747363
20230829093121240,6.37,6.36,6.356181454747363
20230829093121780,6.37,6.36,6.356181454747363
20230829093122090,6.36,6.36,6.356181454747363
20230829093122100,6.36,6.36,6.356181454747363
20230829093122110,6.37,6.36,6.356189916897507
20230829093122280,6.37,6.36,6.356189916897507
20230829093122760,6.37,6.36,6.356189916897507
20230829093123070,6.37,6.36,6.356189916897507
20230829093124050,6.37,6.36,6.356189916897507
20230829093124060,6.37,6.36,6.356189916897507
20230829093124080,6.37,6.36,6.356189916897507
20230829093124480,6.37,6.36,6.356189916897507
20230829093124490,6.37,6.36,6.356189916897507
20230829093124530,6.37,6.36,6.356189916897507
20230829093125010,6.37,6.36,6.356189916897507
20230829093125170,6.37,6.36,6.35628098630137
20230829093125780,6.37,6.36,6.35628098630137
20230829093125960,6.37,6.36,6.35628098630137
20230829093126090,6.37,6.36,6.35628098630137
20230829093126280,6.37,6.36,6.35628098630137
20230829093126310,6.37,6.36,6.356282004930156
20230829093126570,6.37,6.36,6.356282004930156
20230829093126720,6.37,6.36,6.356282004930156
20230829093126730,6.38,6.36,6.356282004930156
20230829093126740,6.38,6.36,6.356743144520911
20230829093126750,6.38,6.36,6.356743144520911
20230829093126780,6.38,6.36,6.356744006350887
20230829093126800,6.38,6.36,6.356806847511193
20230829093126820,6.38,6.36,6.356806847511193
20230829093127540,6.38,6.36,6.3568137931034485
20230829093127560,6.38,6.36,6.3568207313864775
20230829093127800,6.38,6.37,6.35703037458187
20230829093127810,6.38,6.37,6.35703037458187
20230829093128070,6.38,6.37,6.35707388064323
20230829093128080,6.38,6.37,6.357079794863328
20230829093128090,6.38,6.37,6.357079794863328
20230829093128100,6.38,6.37,6.357089786154702
20230829093128360,6.38,6.37,6.357096438435219
20230829093128610,6.38,6.37,6.357096438435219
20230829093129120,6.38,6.37,6.357109722450996
20230829093129380,6.38,6.37,6.357139511714136
20230829093129640,6.38,6.37,6.357139511714136
20230829093130060,6.38,6.37,6.357139511714136
20230829093130140,6.38,6.37,6.357139511714136
20230829093130190,6.38,6.37,6.357139511714136
20230829093130380,6.38,6.37,6.357139511714136
20230829093130520,6.38,6.37,6.357139511714136
20230829093130910,6.38,6.37,6.357244686180491
20230829093131060,6.38,6.37,6.357244686180491
20230829093131080,6.38,6.37,6.357251203237245
20230829093131100,6.38,6.37,6.357251203237245
20230829093131160,6.38,6.37,6.357251203237245
20230829093131710,6.37,6.37,6.357311365369947
20230829093131720,6.37,6.37,6.357311365369947
20230829093131970,6.37,6.37,6.357365974683544
20230829093132160,6.37,6.37,6.357365974683544
20230829093132170,6.37,6.37,6.357365974683544
20230829093132490,6.37,6.37,6.357365974683544
20230829093133410,6.37,6.37,6.357365974683544
20230829093133420,6.37,6.37,6.357372368421053
20230829093133850,6.37,6.37,6.357372368421053
20230829093134060,6.37,6.37,6.357372368421053
20230829093134080,6.37,6.37,6.357372368421053
20230829093134110,6.37,6.37,6.357372368421053
20230829093134120,6.37,6.37,6.357372368421053
20230829093134170,6.37,6.37,6.357372368421053
20230829093134270,6.37,6.37,6.357372368421053
20230829093134340,6.37,6.37,6.357372368421053
20230829093134390,6.37,6.37,6.357372368421053
20230829093135160,6.37,6.37,6.357372368421053
20230829093135250,6.37,6.37,6.357404240282686
20230829093135320,6.37,6.37,6.357461206030151
20230829093135350,6.37,6.37,6.357461206030151
20230829093135860,6.37,6.37,6.357461206030151
20230829093136320,6.37,6.37,6.357461206030151
20230829093136600,6.37,6.37,6.357508285356696
20230829093137000,6.37,6.37,6.357536363636364
20230829093137080,6.37,6.37,6.357536363636364
20230829093137120,6.37,6.37,6.357536363636364
20230829093138100,6.37,6.37,6.357537593609586
20230829093138270,6.37,6.37,6.357550024937656
20230829093138280,6.37,6.37,6.357550024937656
20230829093138430,6.37,6.37,6.357550024937656
20230829093138650,6.37,6.37,6.357550024937656
20230829093138770,6.37,6.37,6.357568625498008
20230829093139280,6.37,6.37,6.357602582567669
20230829093139380,6.37,6.37,6.357663849765259
20230829093139640,6.37,6.37,6.357669943195851
20230829093139760,6.37,6.37,6.357669943195851
20230829093139950,6.37,6.37,6.357669943195851
20230829093140050,6.37,6.37,6.357669943195851
20230829093140100,6.37,6.37,6.357671668311945
20230829093140440,6.37,6.37,6.357753272860996
20230829093140650,6.37,6.37,6.357753272860996
20230829093140970,6.37,6.37,6.357807078350012
20230829093142580,6.37,6.37,6.357807078350012
20230829093143370,6.37,6.37,6.357807078350012
20230829093144400,6.37,6.37,6.357807078350012
20230829093145160,6.37,6.37,6.357860413122722
20230829093146080,6.37,6.37,6.357860413122722
20230829093146090,6.37,6.37,6.357860413122722
20230829093146480,6.37,6.37,6.357860413122722
20230829093146950,6.37,6.37,6.357860413122722
20230829093147440,6.37,6.37,6.357860413122722
20230829093147550,6.37,6.37,6.357860413122722
20230829093147560,6.37,6.37,6.3578898424242425
20230829093147750,6.37,6.37,6.3578898424242425
20230829093148030,6.37,6.37,6.3578898424242425
20230829093148090,6.37,6.37,6.358517391344323
20230829093148110,6.37,6.37,6.358560934279826
20230829093148150,6.37,6.37,6.358587068768563
20230829093148160,6.37,6.37,6.358623457071283
20230829093148400,6.37,6.37,6.358623457071283
20230829093149050,6.37,6.37,6.358623457071283
20230829093149090,6.37,6.37,6.358649306975687
20230829093149160,6.37,6.37,6.358649306975687
20230829093150110,6.37,6.37,6.3586502270663035
20230829093150120,6.37,6.37,6.3586528036322365
20230829093150140,6.37,6.37,6.3586528036322365
20230829093150170,6.37,6.37,6.358754915635545
20230829093150620,6.37,6.37,6.358754915635545
20230829093150650,6.37,6.37,6.358754915635545
20230829093151090,6.37,6.37,6.358767550561798
20230829093151140,6.37,6.37,6.358790222022876
20230829093151280,6.37,6.36,6.358812802148613
20230829093151290,6.37,6.36,6.358812802148613
20230829093151420,6.37,6.36,6.358812802148613
20230829093151560,6.37,6.36,6.358812802148613
20230829093151600,6.37,6.36,6.3588141292197635
20230829093151760,6.37,6.36,6.3588141292197635
20230829093152020,6.37,6.36,6.358858962369183
20230829093152140,6.37,6.36,6.358863921655909
20230829093152180,6.37,6.36,6.358864174454829
20230829093152380,6.37,6.36,6.358864174454829
20230829093153290,6.37,6.36,6.358864174454829
20230829093153370,6.37,6.36,6.358864174454829
20230829093153440,6.37,6.36,6.358864174454829
20230829093153670,6.37,6.36,6.358864174454829
20230829093153920,6.37,6.36,6.358864174454829
20230829093154160,6.37,6.36,6.359064775240142
20230829093154230,6.37,6.36,6.359064775240142
20230829093154420,6.37,6.36,6.359064775240142
20230829093154440,6.37,6.36,6.359064775240142
20230829093154670,6.37,6.36,6.359064775240142
20230829093155050,6.37,6.36,6.359064775240142
20230829093155090,6.37,6.36,6.359064775240142
20230829093155110,6.37,6.36,6.359064775240142
20230829093155130,6.37,6.36,6.359064775240142
20230829093156220,6.37,6.36,6.359064775240142
20230829093156410,6.37,6.36,6.359064775240142
20230829093156460,6.37,6.36,6.359064775240142
20230829093156520,6.37,6.36,6.359064775240142
20230829093156670,6.37,6.36,6.359064775240142
20230829093156760,6.37,6.36,6.359109138381201
20230829093157650,6.37,6.36,6.359109138381201
20230829093157810,6.37,6.36,6.359109138381201
20230829093157900,6.37,6.36,6.359109138381201
20230829093158180,6.37,6.36,6.35910971950424
20230829093158220,6.37,6.36,6.35910971950424
20230829093158440,6.37,6.36,6.359173281452659
20230829093158530,6.37,6.36,6.359173281452659
20230829093159250,6.37,6.36,6.359173281452659
20230829093159380,6.37,6.36,6.359173281452659
20230829093200050,6.37,6.36,6.359178989033022
20230829093200220,6.37,6.36,6.359198454603993
20230829093200580,6.37,6.36,6.359198454603993
20230829093200600,6.37,6.36,6.359198454603993
20230829093201070,6.37,6.36,6.359198454603993
20230829093201100,6.37,6.36,6.359198454603993
20230829093201110,6.37,6.36,6.35919897039897
20230829093201160,6.37,6.36,6.359199142183144
20230829093201360,6.37,6.36,6.359199142183144
20230829093202050,6.37,6.36,6.359199313893654
20230829093202120,6.37,6.36,6.3592001713429
20230829093202550,6.37,6.36,6.3592001713429
20230829093202730,6.37,6.36,6.3592001713429
20230829093204080,6.37,6.36,6.359262422823079
20230829093204100,6.37,6.36,6.359262736752501
20230829093204670,6.37,6.36,6.359262736752501
20230829093204950,6.37,6.36,6.359262736752501
20230829093205510,6.37,6.36,6.359262736752501
20230829093205830,6.37,6.36,6.359262736752501
20230829093206650,6.37,6.36,6.359329752412925
20230829093207060,6.37,6.36,6.359329752412925
20230829093208280,6.37,6.36,6.359329752412925
20230829093208930,6.37,6.36,6.359329752412925
20230829093209210,6.37,6.36,6.359329752412925
20230829093209220,6.37,6.36,6.359329752412925
20230829093209280,6.37,6.36,6.359329752412925
20230829093209490,6.37,6.36,6.359357089084066
20230829093209560,6.37,6.36,6.359357089084066
20230829093209640,6.37,6.36,6.359357089084066
20230829093209720,6.37,6.36,6.359357089084066
20230829093209780,6.37,6.36,6.359537419354838
20230829093210070,6.37,6.36,6.359537419354838
20230829093210470,6.37,6.36,6.359537419354838
20230829093210500,6.37,6.36,6.359537419354838
20230829093210630,6.37,6.36,6.359537419354838
20230829093210780,6.37,6.36,6.359537419354838
20230829093211850,6.37,6.36,6.359537419354838
20230829093212000,6.37,6.36,6.359537419354838
20230829093212210,6.38,6.36,6.359537419354838
20230829093212220,6.38,6.36,6.359537419354838
20230829093212680,6.36,6.36,6.359537419354838
20230829093212690,6.36,6.36,6.359537419354838
20230829093212770,6.36,6.36,6.359537419354838
20230829093213100,6.36,6.36,6.359537419354838
20230829093213530,6.36,6.36,6.359537419354838
20230829093214390,6.38,6.36,6.359537419354838
20230829093214770,6.38,6.36,6.359537419354838
20230829093214920,6.38,6.36,6.359537419354838
20230829093214930,6.38,6.36,6.359537419354838
20230829093215240,6.37,6.36,6.359537419354838
20230829093215250,6.38,6.36,6.359537419354838
20230829093215260,6.38,6.36,6.359537419354838
20230829093215940,6.38,6.36,6.359537419354838
20230829093216040,6.38,6.36,6.359537419354838
20230829093216080,6.36,6.36,6.359537419354838
20230829093216100,6.36,6.36,6.359537419354838
20230829093216400,6.36,6.36,6.359537419354838
20230829093216490,6.36,6.36,6.359537419354838
20230829093217250,6.36,6.36,6.359537419354838
20230829093217570,6.38,6.36,6.359701889763779
20230829093217580,6.37,6.36,6.359701889763779
20230829093218020,6.37,6.36,6.359701889763779
20230829093218270,6.37,6.36,6.359701889763779
20230829093218370,6.37,6.36,6.359701889763779
20230829093218490,6.38,6.36,6.359701889763779
20230829093219870,6.38,6.36,6.359701889763779
20230829093221030,6.38,6.36,6.359701889763779
20230829093221370,6.38,6.36,6.359701889763779
20230829093221490,6.38,6.36,6.359701889763779
20230829093221880,6.38,6.36,6.359701889763779
20230829093223850,6.38,6.36,6.359701889763779
20230829093223890,6.38,6.36,6.359701889763779
20230829093224190,6.38,6.36,6.359701889763779
20230829093224870,6.38,6.36,6.359701889763779
20230829093225020,6.38,6.36,6.359701889763779
20230829093225340,6.38,6.36,6.359701889763779
20230829093225790,6.38,6.36,6.359933743747595
20230829093225910,6.37,6.36,6.359933743747595
20230829093226440,6.37,6.36,6.359933743747595
20230829093226560,6.37,6.36,6.359933743747595
20230829093226660,6.37,6.36,6.359933743747595
20230829093226950,6.37,6.36,6.359933743747595
20230829093227290,6.37,6.36,6.359933743747595
20230829093227320,6.36,6.36,6.359933743747595
20230829093227880,6.36,6.36,6.360025838414634
20230829093227890,6.37,6.36,6.360025711035267
20230829093227910,6.37,6.36,6.360025711035267
20230829093228060,6.37,6.36,6.360027591434528
20230829093228070,6.38,6.36,6.360027591434528
20230829093228100,6.36,6.36,6.3601651622528905
20230829093228210,6.38,6.36,6.360165100671141
20230829093228250,6.38,6.36,6.360165100671141
20230829093228470,6.38,6.36,6.360165100671141
20230829093229880,6.38,6.36,6.360239703977799
20230829093230200,6.38,6.36,6.360313183988248
20230829093230220,6.38,6.36,6.360313183988248
20230829093230340,6.38,6.36,6.360325618925362
20230829093230570,6.38,6.36,6.360325618925362
20230829093230710,6.38,6.36,6.360325618925362
20230829093231050,6.37,6.36,6.360325618925362
20230829093231070,6.37,6.36,6.360325499541705
20230829093231080,6.37,6.36,6.360337898205786
20230829093231090,6.37,6.36,6.360337898205786
20230829093231100,6.37,6.36,6.360337774524158
20230829093231210,6.37,6.36,6.360337774524158
20230829093231340,6.37,6.36,6.360351900584796
20230829093231400,6.37,6.36,6.360351900584796
20230829093231730,6.37,6.36,6.360351900584796
20230829093231740,6.38,6.36,6.360383533697632
20230829093232070,6.38,6.36,6.360383533697632
20230829093232110,6.38,6.36,6.360383184713376
20230829093232640,6.38,6.36,6.360383184713376
20230829093232750,6.38,6.36,6.360383184713376
20230829093232980,6.38,6.36,6.360383184713376
20230829093233010,6.38,6.36,6.360461299638989
20230829093233020,6.38,6.36,6.360466462204583
20230829093233200,6.38,6.36,6.360481916426513
20230829093233600,6.38,6.36,6.360481916426513
20230829093233650,6.38,6.37,6.360581999643557
20230829093233660,6.38,6.37,6.360581999643557
20230829093233760,6.38,6.37,6.3606453531598515
20230829093233780,6.38,6.37,6.3606453531598515
20230829093234080,6.38,6.37,6.360650318471338
20230829093234110,6.38,6.37,6.360670127118644
20230829093234130,6.38,6.37,6.360670127118644
20230829093234400,6.37,6.37,6.360670127118644
20230829093234660,6.37,6.37,6.360670127118644
20230829093235050,6.37,6.37,6.360670127118644
20230829093235060,6.37,6.37,6.360670127118644
20230829093236740,6.37,6.37,6.360670127118644
20230829093236820,6.37,6.37,6.360670127118644
20230829093236860,6.37,6.37,6.360670127118644
20230829093237070,6.37,6.37,6.360670127118644
20230829093237100,6.37,6.37,6.360684566596195
20230829093237650,6.37,6.37,6.360684566596195
20230829093238100,6.37,6.37,6.360683964090829
20230829093238580,6.37,6.37,6.360683964090829
20230829093238740,6.37,6.37,6.360683964090829
20230829093239220,6.37,6.37,6.360683964090829
20230829093239480,6.37,6.37,6.360683964090829
20230829093239540,6.37,6.37,6.360683964090829
20230829093239710,6.37,6.37,6.360683964090829
20230829093240200,6.37,6.37,6.360683964090829
20230829093240560,6.37,6.37,6.360683964090829
20230829093240910,6.37,6.37,6.360683964090829
20230829093240980,6.37,6.37,6.360683964090829
20230829093241760,6.37,6.37,6.360683964090829
20230829093241840,6.37,6.37,6.360683964090829
20230829093242700,6.37,6.37,6.360683964090829
20230829093242800,6.37,6.37,6.360683964090829
20230829093243070,6.37,6.37,6.360683964090829
20230829093243080,6.37,6.37,6.360683964090829
20230829093243090,6.37,6.37,6.360683964090829
20230829093243100,6.37,6.37,6.3608001389854065
20230829093243270,6.37,6.37,6.3608001389854065
20230829093243330,6.37,6.37,6.3608001389854065
20230829093243590,6.37,6.37,6.3608001389854065
20230829093245040,6.37,6.37,6.3608001389854065
20230829093246290,6.37,6.37,6.3608001389854065
20230829093246570,6.37,6.37,6.3608001389854065
20230829093246680,6.37,6.37,6.3608001389854065
20230829093246690,6.37,6.37,6.3608001389854065
20230829093247320,6.37,6.37,6.360891916064672
20230829093247330,6.37,6.37,6.360891916064672
20230829093247350,6.37,6.37,6.360898178068065
20230829093247360,6.37,6.37,6.360907554945055
20230829093247460,6.37,6.37,6.360966496076425
20230829093247790,6.37,6.37,6.360966496076425
20230829093247830,6.37,6.37,6.360980344064044
20230829093247840,6.37,6.37,6.360980344064044
20230829093247950,6.37,6.37,6.360980344064044
20230829093248020,6.37,6.37,6.360980344064044
20230829093248030,6.37,6.37,6.360981880108992
20230829093248040,6.37,6.37,6.360983415630853
20230829093248050,6.37,6.37,6.360984950629894
20230829093248060,6.37,6.37,6.360984950629894
20230829093248070,6.38,6.37,6.361200664672649
20230829093248080,6.38,6.37,6.361200664672649
20230829093248170,6.38,6.37,6.361200664672649
20230829093248190,6.37,6.37,6.361252989758837
20230829093248240,6.37,6.37,6.361252989758837
20230829093248380,6.37,6.37,6.361252989758837
20230829093248590,6.37,6.37,6.361252989758837
20230829093248670,6.37,6.37,6.361284660961159
20230829093249070,6.37,6.37,6.361298981268485
20230829093249090,6.37,6.37,6.361298981268485
20230829093249110,6.37,6.37,6.361298981268485
20230829093249120,6.37,6.37,6.361298981268485
20230829093249140,6.37,6.37,6.361300410711352
20230829093249260,6.37,6.37,6.361335994764398
20230829093249330,6.37,6.37,6.361335994764398
20230829093249550,6.37,6.37,6.361335994764398
20230829093250100,6.37,6.37,6.361386727391022
20230829093250350,6.37,6.37,6.361386727391022
20230829093250990,6.37,6.37,6.361386727391022
20230829093251170,6.37,6.37,6.361389528455285
20230829093251330,6.37,6.37,6.361403506493507
20230829093252010,6.37,6.37,6.361403506493507
20230829093252080,6.37,6.37,6.361403506493507
20230829093252100,6.37,6.37,6.3614097924773025
20230829093252540,6.37,6.37,6.361434788231491
20230829093252550,6.37,6.37,6.361434788231491
20230829093252570,6.37,6.37,6.361434788231491
20230829093252750,6.37,6.37,6.361434788231491
20230829093252760,6.37,6.37,6.361434788231491
20230829093253050,6.37,6.37,6.361434788231491
20230829093253060,6.37,6.37,6.361434788231491
20230829093253880,6.37,6.37,6.36143617262001
20230829093253980,6.37,6.37,6.36143617262001
20230829093254430,6.37,6.37,6.36143617262001
20230829093254550,6.37,6.37,6.36143617262001
20230829093254820,6.37,6.37,6.361461015310233
20230829093255070,6.37,6.37,6.361460309278351
20230829093255080,6.37,6.37,6.361460309278351
20230829093255090,6.37,6.37,6.361460309278351
20230829093255100,6.37,6.37,6.361459603928514
20230829093255170,6.37,6.37,6.3614591340737165
20230829093255180,6.37,6.37,6.3614591340737165
20230829093255250,6.37,6.37,6.3614591340737165
20230829093256030,6.37,6.37,6.3614632561132565
20230829093256210,6.37,6.37,6.3614632561132565
20230829093256250,6.37,6.37,6.3614632561132565
20230829093256690,6.37,6.37,6.3614632561132565
20230829093256930,6.37,6.37,6.3614632561132565
20230829093257350,6.38,6.37,6.3614906350224505
20230829093257650,6.38,6.37,6.3614906350224505
20230829093257850,6.38,6.37,6.3614906350224505
20230829093258060,6.38,6.37,6.3614906350224505
20230829093258070,6.37,6.37,6.3614906350224505
20230829093258100,6.37,6.37,6.3614906350224505
20230829093258200,6.37,6.37,6.3614906350224505
20230829093258800,6.37,6.37,6.3614906350224505
20230829093259110,6.37,6.37,6.3614906350224505
20230829093259180,6.37,6.37,6.3614906350224505
20230829093259350,6.37,6.37,6.3614906350224505
20230829093259930,6.37,6.37,6.361539477040816
20230829093300040,6.37,6.37,6.361539477040816
20230829093300440,6.37,6.37,6.361539477040816
20230829093300810,6.37,6.37,6.361539477040816
20230829093301070,6.37,6.37,6.361539477040816
20230829093301080,6.37,6.37,6.361538986292636
20230829093301110,6.37,6.37,6.361538495857234
20230829093301510,6.37,6.37,6.361562694629806
20230829093302090,6.37,6.37,6.361562694629806
20230829093302460,6.37,6.37,6.361562694629806
20230829093302710,6.37,6.37,6.361562694629806
20230829093303110,6.37,6.37,6.361562694629806
20230829093304070,6.37,6.37,6.361562694629806
20230829093304100,6.37,6.37,6.361562694629806
20230829093304350,6.37,6.37,6.361562694629806
20230829093304460,6.37,6.37,6.361562694629806
20230829093304570,6.37,6.37,6.361562694629806
20230829093304810,6.37,6.37,6.361562694629806
20230829093305070,6.37,6.37,6.361586755386566
20230829093305140,6.37,6.37,6.361586755386566
20230829093305510,6.37,6.37,6.361586755386566
20230829093306080,6.37,6.37,6.361586755386566
20230829093306100,6.37,6.37,6.361586755386566
20230829093306200,6.37,6.37,6.361586755386566
20230829093306960,6.37,6.37,6.361586755386566
20230829093306990,6.37,6.37,6.361594745172523
20230829093307000,6.37,6.37,6.361594745172523
20230829093307130,6.37,6.37,6.361606701438281
20230829093307240,6.37,6.37,6.36166074120603
20230829093307880,6.37,6.37,6.36166074120603
20230829093308110,6.37,6.37,6.36166074120603
20230829093308250,6.37,6.36,6.361684246789853
20230829093308270,6.37,6.36,6.361710209178895
20230829093308350,6.37,6.36,6.361710209178895
20230829093308380,6.37,6.36,6.361710209178895
20230829093308430,6.37,6.37,6.361710209178895
20230829093308600,6.37,6.37,6.361725708943596
20230829093308670,6.37,6.37,6.361764387818521
20230829093308880,6.37,6.37,6.361764387818521
20230829093309010,6.37,6.37,6.361764387818521
20230829093309190,6.37,6.39,6.361764387818521
20230829093309570,6.37,6.39,6.361764387818521
20230829093310070,6.37,6.39,6.361764387818521
20230829093310100,6.37,6.39,6.361789069515405
20230829093310560,6.37,6.39,6.361797958552428
20230829093310700,6.37,6.39,6.361797958552428
20230829093311680,6.37,6.39,6.361803029366306
20230829093311890,6.37,6.39,6.361803029366306
20230829093312020,6.37,6.39,6.361801637065637
20230829093312430,6.37,6.36,6.361813016656385
20230829093313280,6.37,6.36,6.361873178199633
20230829093313520,6.37,6.36,6.361873178199633
20230829093313840,6.37,6.36,6.361873178199633
20230829093314050,6.37,6.36,6.361906632108553
20230829093314610,6.37,6.36,6.361906632108553
20230829093315140,6.37,6.36,6.361906632108553
20230829093316050,6.37,6.36,6.361906632108553
20230829093316070,6.37,6.36,6.361906632108553
20230829093316080,6.37,6.36,6.361906632108553
20230829093316100,6.37,6.36,6.361906632108553
20230829093316200,6.37,6.36,6.361906632108553
20230829093316300,6.37,6.36,6.361906632108553
20230829093317420,6.37,6.36,6.361906632108553
20230829093317480,6.37,6.36,6.361906632108553
20230829093317790,6.37,6.36,6.361906632108553
20230829093317840,6.37,6.36,6.361906632108553
20230829093318250,6.37,6.36,6.361906632108553
20230829093318390,6.37,6.36,6.361906632108553
20230829093318450,6.37,6.36,6.361906632108553
20230829093318750,6.37,6.36,6.361906632108553
20230829093319090,6.37,6.36,6.361906632108553
20230829093319440,6.37,6.36,6.361906632108553
20230829093319580,6.37,6.36,6.36200054249548
20230829093319590,6.37,6.36,6.36200054249548
20230829093319810,6.37,6.36,6.362024920993229
20230829093319820,6.37,6.36,6.362024920993229
20230829093320530,6.37,6.36,6.362024920993229
20230829093320900,6.37,6.36,6.362024920993229
20230829093321830,6.37,6.36,6.362024920993229
20230829093322050,6.37,6.36,6.362024920993229
20230829093322090,6.37,6.36,6.362024920993229
20230829093322110,6.37,6.36,6.362024920993229
20230829093322330,6.37,6.36,6.362024920993229
20230829093322450,6.37,6.36,6.362034510747033
20230829093323670,6.37,6.36,6.362034510747033
20230829093323880,6.37,6.36,6.362034510747033
20230829093323960,6.37,6.36,6.362034510747033
20230829093324440,6.37,6.36,6.362034510747033
20230829093324920,6.37,6.36,6.362034510747033
20230829093325090,6.37,6.36,6.362034510747033
20230829093325110,6.37,6.36,6.362034510747033
20230829093325230,6.37,6.36,6.3620335937500005
20230829093325290,6.37,6.36,6.3620335937500005
20230829093325440,6.37,6.36,6.3620335937500005
20230829093325450,6.37,6.36,6.3620335937500005
20230829093325620,6.37,6.36,6.3620335937500005
20230829093326120,6.37,6.36,6.3620335937500005
20230829093326130,6.37,6.36,6.3620335937500005
20230829093326180,6.37,6.36,6.362069338917141
20230829093326400,6.37,6.36,6.362069338917141
20230829093326530,6.37,6.36,6.362069338917141
20230829093326810,6.37,6.36,6.362069029460147
20230829093327220,6.37,6.36,6.362090320656227
20230829093327320,6.37,6.36,6.362090320656227
20230829093327990,6.37,6.36,6.362090320656227
20230829093328070,6.37,6.36,6.362090320656227
20230829093328330,6.37,6.36,6.362090320656227
20230829093328480,6.37,6.36,6.362090320656227
20230829093328820,6.37,6.36,6.362090320656227
20230829093329310,6.37,6.36,6.362091500149121
20230829093329450,6.37,6.36,6.362091500149121
20230829093329710,6.37,6.36,6.362091500149121
20230829093330020,6.37,6.36,6.362091500149121
20230829093330090,6.37,6.36,6.362091500149121
20230829093330110,6.37,6.36,6.362091500149121
20230829093330450,6.37,6.36,6.362091500149121
20230829093330690,6.37,6.36,6.362091500149121
20230829093330860,6.37,6.36,6.362101786777845
20230829093331070,6.37,6.36,6.362101786777845
20230829093331090,6.37,6.36,6.362101786777845
20230829093331100,6.37,6.36,6.362101786777845
20230829093331630,6.37,6.36,6.362101786777845
20230829093331790,6.37,6.36,6.362101786777845
20230829093332200,6.37,6.36,6.362101786777845
20230829093332210,6.37,6.36,6.362101786777845
20230829093333680,6.37,6.36,6.362101786777845
20230829093333690,6.37,6.36,6.362101786777845
20230829093333800,6.37,6.36,6.362101786777845
20230829093333810,6.37,6.36,6.362101786777845
20230829093334270,6.37,6.36,6.362101786777845
20230829093334670,6.37,6.36,6.362101786777845
20230829093334810,6.37,6.36,6.362101473872265
20230829093335150,6.37,6.36,6.362101473872265
20230829093335520,6.37,6.36,6.362101473872265
20230829093335780,6.37,6.36,6.3621008483405275
20230829093336150,6.37,6.36,6.3621008483405275
20230829093336360,6.37,6.36,6.3621008483405275
20230829093336460,6.37,6.36,6.3621008483405275
20230829093336500,6.37,6.36,6.3621008483405275
20230829093336630,6.37,6.36,6.3621008483405275
20230829093336650,6.37,6.36,6.3621008483405275
20230829093336720,6.37,6.36,6.3621008483405275
20230829093337370,6.37,6.36,6.3621008483405275
20230829093337990,6.37,6.36,6.3621008483405275
20230829093338480,6.37,6.36,6.3621008483405275
20230829093338640,6.37,6.36,6.3621008483405275
20230829093339450,6.37,6.36,6.3621008483405275
20230829093339500,6.37,6.36,6.3621008483405275
20230829093339530,6.37,6.36,6.3621008483405275
20230829093340260,6.37,6.36,6.3621008483405275
20230829093340290,6.37,6.36,6.3621008483405275
20230829093340610,6.37,6.36,6.3621008483405275
20230829093340620,6.37,6.36,6.3621008483405275
20230829093340800,6.37,6.36,6.362101711054903
20230829093341130,6.37,6.36,6.362101711054903
20230829093341190,6.37,6.36,6.362101711054903
20230829093341200,6.37,6.36,6.362101711054903
20230829093341660,6.37,6.36,6.362101711054903
20230829093341830,6.37,6.36,6.362101711054903
20230829093342370,6.37,6.36,6.362101711054903
20230829093342380,6.37,6.36,6.362101711054903
20230829093342450,6.37,6.36,6.362101711054903
20230829093342460,6.37,6.36,6.362101711054903
20230829093342880,6.37,6.36,6.362101711054903
20230829093343250,6.36,6.36,6.362101711054903
20230829093343260,6.36,6.36,6.362101711054903
20230829093343910,6.36,6.36,6.362090822972173
20230829093343990,6.36,6.36,6.362090822972173
20230829093344070,6.36,6.36,6.362089585798818
20230829093344640,6.36,6.36,6.362089585798818
20230829093344770,6.36,6.36,6.362087424264815
20230829093344780,6.36,6.36,6.362087424264815
20230829093344810,6.36,6.36,6.362087424264815
20230829093345080,6.36,6.36,6.362081886514371
20230829093345570,6.36,6.36,6.362081886514371
20230829093345670,6.36,6.36,6.362081886514371
20230829093345930,6.36,6.36,6.36208157972296
20230829093345940,6.36,6.36,6.362074853113985
20230829093346010,6.36,6.36,6.362069381775565
20230829093346070,6.36,6.36,6.3620604148407836
20230829093346080,6.36,6.36,6.362039855386841
20230829093346100,6.36,6.36,6.362015528936356
20230829093346110,6.36,6.36,6.362015528936356
20230829093346140,6.36,6.36,6.362015528936356
20230829093346160,6.36,6.36,6.362008596567144
20230829093346170,6.36,6.36,6.361996484149857
20230829093346180,6.37,6.36,6.361989889415483
20230829093346190,6.37,6.36,6.361964218882904
20230829093346530,6.37,6.36,6.361964218882904
20230829093346800,6.37,6.36,6.361964218882904
20230829093347020,6.37,6.36,6.361964218882904
20230829093347060,6.37,6.36,6.361964218882904
20230829093347080,6.37,6.36,6.361964218882904
20230829093347350,6.37,6.36,6.361964218882904
20230829093347420,6.37,6.36,6.361964218882904
20230829093347850,6.37,6.36,6.361964218882904
20230829093348150,6.37,6.36,6.361964218882904
20230829093348190,6.37,6.36,6.36196366213152
20230829093348920,6.37,6.36,6.36196366213152
20230829093349090,6.37,6.36,6.361961993769471
20230829093349110,6.37,6.36,6.361955624558928
20230829093349150,6.37,6.36,6.361953694303441
20230829093349270,6.37,6.36,6.361960495914343
20230829093349420,6.37,6.36,6.361960495914343
20230829093349770,6.37,6.36,6.361960495914343
20230829093349820,6.37,6.36,6.361960495914343
20230829093350340,6.36,6.36,6.361941079648488
20230829093350350,6.36,6.36,6.3619394564459935
20230829093350530,6.36,6.36,6.3619394564459935
20230829093350580,6.36,6.36,6.3619394564459935
20230829093350720,6.36,6.36,6.361935141148659
20230829093351050,6.36,6.36,6.361935141148659
20230829093351070,6.36,6.36,6.361935141148659
20230829093351080,6.36,6.36,6.361935141148659
20230829093351090,6.36,6.36,6.361900518983885
20230829093351110,6.36,6.36,6.361900518983885
20230829093351150,6.36,6.36,6.361818201546183
20230829093351420,6.36,6.36,6.361817462039046
20230829093351500,6.36,6.36,6.361817462039046
20230829093351540,6.36,6.36,6.361817462039046
20230829093351940,6.36,6.36,6.361817462039046
20230829093352070,6.36,6.36,6.361815247122546
20230829093352080,6.36,6.36,6.361804253028264
20230829093352100,6.36,6.36,6.361804253028264
20230829093352170,6.36,6.36,6.361804010227426
20230829093352440,6.36,6.36,6.361804010227426
20230829093352640,6.36,6.36,6.361804010227426
20230829093352810,6.36,6.36,6.361801101706302
20230829093353330,6.36,6.36,6.361801101706302
20230829093353590,6.36,6.36,6.361801101706302
20230829093353690,6.36,6.36,6.361801101706302
20230829093353720,6.36,6.36,6.361801101706302
20230829093354030,6.36,6.36,6.361794831972152
20230829093354130,6.36,6.36,6.361794831972152
20230829093354480,6.36,6.36,6.361794831972152
20230829093354490,6.36,6.36,6.361794591700135
20230829093354590,6.36,6.36,6.361790277777779
20230829093354650,6.36,6.36,6.361790277777779
20230829093354740,6.36,6.36,6.361790277777779
20230829093355070,6.36,6.36,6.361789321943407
20230829093355080,6.36,6.36,6.361788844408861
20230829093355100,6.36,6.36,6.361771565622918
20230829093355160,6.36,6.36,6.361765294979358
20230829093355450,6.36,6.36,6.361762947200426
20230829093355540,6.36,6.36,6.361762947200426
20230829093355710,6.36,6.36,6.361762947200426
20230829093356110,6.36,6.36,6.361762947200426
20230829093356460,6.36,6.36,6.361762947200426
20230829093356570,6.36,6.36,6.361762712765958
20230829093356730,6.36,6.36,6.361762712765958
20230829093356760,6.36,6.36,6.36175333510497
20230829093357250,6.36,6.36,6.361751240875913
20230829093357300,6.36,6.36,6.3617500795755975
20230829093357580,6.36,6.36,6.361749383534404
20230829093358100,6.36,6.36,6.361735381355933
20230829093358230,6.36,6.36,6.361730721376572
20230829093358320,6.36,6.36,6.3617286620835545
20230829093359100,6.36,6.36,6.3617286620835545
20230829093359380,6.36,6.36,6.361722513502833
20230829093359410,6.36,6.36,6.361722513502833
20230829093359630,6.36,6.36,6.361722513502833
20230829093359740,6.36,6.36,6.361722513502833
20230829093359800,6.36,6.36,6.361722513502833
20230829093400170,6.36,6.36,6.361722513502833
20230829093400480,6.36,6.36,6.361722513502833
20230829093400800,6.36,6.36,6.361689790643577
20230829093401080,6.36,6.36,6.361687625936451
20230829093401100,6.36,6.36,6.361651506567088
20230829093401170,6.36,6.36,6.361651506567088
20230829093401190,6.36,6.36,6.3616335304705585
20230829093401230,6.36,6.36,6.3616335304705585
20230829093401560,6.36,6.36,6.3616335304705585
20230829093401840,6.36,6.36,6.3616335304705585
20230829093402200,6.36,6.36,6.361631642481059
20230829093403030,6.36,6.36,6.361631642481059
20230829093404110,6.36,6.36,6.361618214468959
20230829093404140,6.36,6.36,6.361601844498527
20230829093404560,6.36,6.36,6.361601844498527
20230829093405010,6.36,6.36,6.361601844498527
20230829093406400,6.36,6.36,6.361601844498527
20230829093407380,6.36,6.36,6.361600000000001
20230829093407470,6.36,6.36,6.361600000000001
20230829093408360,6.36,6.36,6.361600000000001
20230829093409070,6.36,6.36,6.361598977112902
20230829093409080,6.36,6.36,6.361598977112902
20230829093409090,6.36,6.36,6.361592867150682
20230829093409480,6.36,6.36,6.361592867150682
20230829093409740,6.36,6.36,6.361592867150682
20230829093410080,6.36,6.36,6.3615906385143735
20230829093410180,6.36,6.36,6.361580327868853
20230829093411090,6.36,6.36,6.361577321156774
20230829093411100,6.36,6.36,6.361577321156774
20230829093411110,6.36,6.36,6.361576321460261
20230829093411310,6.36,6.36,6.361576321460261
20230829093411380,6.36,6.36,6.361576321460261
20230829093411400,6.36,6.36,6.361576321460261
20230829093411740,6.36,6.36,6.361574525196253
20230829093411760,6.36,6.36,6.361574525196253
20230829093413080,6.36,6.36,6.361574525196253
20230829093413710,6.36,6.36,6.361653781512605
20230829093413740,6.36,6.36,6.361653781512605
20230829093413810,6.36,6.36,6.361653781512605
20230829093415420,6.36,6.36,6.361653781512605
20230829093415900,6.36,6.36,6.361653574115877
20230829093416090,6.36,6.36,6.361653574115877
20230829093416340,6.36,6.36,6.361653574115877
20230829093417050,6.36,6.36,6.361653574115877
20230829093417630,6.36,6.36,6.361660894624735
20230829093417640,6.36,6.36,6.361660894624735
20230829093417950,6.36,6.36,6.361660894624735
20230829093418850,6.36,6.36,6.361660894624735
20230829093418940,6.36,6.36,6.361660894624735
20230829093419290,6.36,6.36,6.361660894624735
20230829093420010,6.36,6.36,6.361660894624735
20230829093420030,6.36,6.36,6.361660894624735
20230829093420100,6.36,6.36,6.361660894624735
20230829093420950,6.36,6.36,6.361660894624735
20230829093420980,6.36,6.36,6.361660894624735
20230829093421060,6.36,6.36,6.361660894624735
20230829093421390,6.36,6.36,6.361660894624735
20230829093421600,6.36,6.36,6.361660894624735
20230829093421870,6.36,6.36,6.361660894624735
20230829093422230,6.36,6.36,6.361660894624735
20230829093422290,6.36,6.36,6.361660894624735
20230829093422330,6.36,6.36,6.361660894624735
20230829093422580,6.36,6.36,6.361660894624735
20230829093422690,6.36,6.36,6.361660894624735
20230829093422870,6.36,6.36,6.361660894624735
20230829093423720,6.36,6.36,6.361660894624735
20230829093423890,6.36,6.36,6.361660894624735
20230829093423900,6.36,6.36,6.361660894624735
20230829093424030,6.37,6.36,6.361660894624735
20230829093424040,6.37,6.36,6.361660894624735
20230829093424480,6.37,6.36,6.361660894624735
20230829093424710,6.37,6.36,6.361660894624735
20230829093425080,6.37,6.36,6.361732372670808
20230829093425100,6.37,6.36,6.361733399577693
20230829093425130,6.37,6.36,6.361733399577693
20230829093425150,6.37,6.36,6.361735452626351
20230829093425220,6.37,6.36,6.361735452626351
20230829093426760,6.37,6.36,6.361735452626351
20230829093427020,6.37,6.36,6.361735452626351
20230829093427270,6.37,6.36,6.361735452626351
20230829093427730,6.37,6.36,6.3617763005066115
20230829093427850,6.37,6.36,6.361801626016261
20230829093428070,6.37,6.36,6.361801626016261
20230829093428080,6.37,6.36,6.3618046545991875
20230829093428650,6.37,6.36,6.361810705057217
20230829093428690,6.37,6.36,6.361816746587976
20230829093429700,6.37,6.36,6.361823783783785
20230829093429810,6.37,6.36,6.361823783783785
20230829093429880,6.37,6.36,6.361823783783785
20230829093430870,6.37,6.36,6.361823783783785
20230829093430880,6.37,6.36,6.361823783783785
20230829093430890,6.37,6.36,6.361823783783785
20230829093431070,6.38,6.36,6.361823783783785
20230829093431080,6.38,6.36,6.3619396390941025
20230829093431090,6.38,6.36,6.361953282553501
20230829093431250,6.38,6.36,6.361953282553501
20230829093431380,6.38,6.37,6.361953282553501
20230829093431490,6.38,6.37,6.361953282553501
20230829093431540,6.38,6.37,6.361953282553501
20230829093431780,6.38,6.37,6.361953282553501
20230829093431790,6.38,6.37,6.361953282553501
20230829093431990,6.38,6.37,6.361953282553501
20230829093432070,6.38,6.37,6.361953282553501
20230829093432870,6.38,6.37,6.361953282553501
20230829093432880,6.38,6.37,6.361953282553501
20230829093433070,6.38,6.37,6.361953282553501
20230829093434080,6.38,6.37,6.361992974013475
20230829093434090,6.37,6.36,6.362006437665146
20230829093434170,6.37,6.36,6.362006437665146
20230829093434190,6.37,6.36,6.362006437665146
20230829093434210,6.37,6.36,6.362006437665146
20230829093434240,6.38,6.36,6.362008357348704
20230829093434360,6.38,6.36,6.362008357348704
20230829093434850,6.38,6.36,6.362008357348704
20230829093435110,6.38,6.36,6.3620529292447205
20230829093435150,6.38,6.36,6.3620529292447205
20230829093435240,6.38,6.36,6.362074317721369
20230829093435390,6.38,6.37,6.362074317721369
20230829093435680,6.38,6.37,6.362074317721369
20230829093435820,6.38,6.37,6.362075262154433
20230829093435890,6.38,6.37,6.362075262154433
20230829093436850,6.38,6.37,6.362113626634959
20230829093436910,6.38,6.37,6.362113626634959
20230829093437080,6.38,6.37,6.362118312537136
20230829093437100,6.38,6.37,6.3621201853391955
20230829093437300,6.38,6.37,6.3621201853391955
20230829093437660,6.38,6.37,6.3621201853391955
20230829093438090,6.38,6.37,6.3621201853391955
20230829093438100,6.38,6.37,6.3621201853391955
20230829093439110,6.38,6.37,6.3621201853391955
20230829093439590,6.38,6.37,6.362183686515923
20230829093440070,6.38,6.37,6.362183686515923
20230829093440280,6.38,6.37,6.362183686515923
20230829093441170,6.38,6.37,6.362183686515923
20230829093441920,6.38,6.37,6.362183686515923
20230829093443580,6.38,6.37,6.362183686515923
20230829093445020,6.38,6.37,6.362183686515923
20230829093445790,6.38,6.37,6.362185536749912
20230829093446080,6.38,6.37,6.362203991026096
20230829093446090,6.38,6.37,6.362203991026096
20230829093446320,6.37,6.37,6.362205831660962
20230829093446330,6.37,6.37,6.362205831660962
20230829093446370,6.37,6.37,6.362205831660962
20230829093446770,6.37,6.37,6.362205831660962
20230829093446880,6.37,6.37,6.362205831660962
20230829093447000,6.37,6.37,6.362205831660962
20230829093447010,6.37,6.37,6.362205831660962
20230829093447070,6.37,6.37,6.362205831660962
20230829093447570,6.37,6.37,6.362222358346096
20230829093447580,6.37,6.37,6.362222358346096
20230829093447620,6.38,6.36,6.3622715205431355
20230829093448160,6.37,6.36,6.3622715205431355
20230829093448350,6.38,6.36,6.362282361192285
20230829093450420,6.38,6.36,6.362290739226907
20230829093450430,6.38,6.36,6.362290739226907
20230829093450600,6.38,6.37,6.362290739226907
20230829093450750,6.38,6.37,6.362290739226907
20230829093450790,6.38,6.37,6.362337906137185
20230829093450840,6.38,6.37,6.362337906137185
20230829093451650,6.38,6.37,6.362337906137185
20230829093451680,6.38,6.37,6.362339690301549
20230829093451790,6.38,6.36,6.362364581640943
20230829093451800,6.38,6.37,6.362364581640943
20230829093451850,6.38,6.37,6.362373432247596
20230829093452080,6.37,6.36,6.36237519990729
20230829093452100,6.37,6.36,6.362376083429896
20230829093452210,6.37,6.36,6.362376083429896
20230829093452400,6.37,6.36,6.362376083429896
20230829093452880,6.37,6.36,6.362384025928928
20230829093453530,6.37,6.36,6.362394590220784
20230829093453540,6.37,6.36,6.362394590220784
20230829093453550,6.38,6.36,6.362394590220784
20230829093453940,6.38,6.36,6.362394590220784
20230829093454340,6.38,6.36,6.362394590220784
20230829093455120,6.38,6.36,6.362394590220784
20230829093455550,6.38,6.36,6.362412886836029
20230829093456460,6.38,6.36,6.362412886836029
20230829093456570,6.38,6.36,6.362437223247233
20230829093456850,6.38,6.36,6.362437223247233
20230829093457010,6.38,6.36,6.362437223247233
20230829093457470,6.38,6.36,6.362437223247233
20230829093458080,6.38,6.36,6.362437223247233
20230829093458130,6.38,6.36,6.362437223247233
20230829093458330,6.38,6.36,6.362471895124195
20230829093458350,6.38,6.37,6.362471895124195
20230829093458370,6.38,6.37,6.362471895124195
20230829093458380,6.38,6.36,6.362502073072959
20230829093458410,6.38,6.36,6.362502073072959
20230829093458530,6.38,6.36,6.362502073072959
20230829093459090,6.38,6.36,6.362520091533181
20230829093459210,6.38,6.36,6.362520091533181
20230829093459260,6.38,6.36,6.362522091293903
20230829093500220,6.38,6.36,6.362546052781904
20230829093500240,6.38,6.36,6.362546052781904
20230829093500250,6.37,6.36,6.362546052781904
20230829093500320,6.37,6.36,6.362546052781904
20230829093500340,6.38,6.36,6.362559415658526
20230829093500530,6.37,6.36,6.362559415658526
20230829093500600,6.37,6.36,6.362559415658526
20230829093500650,6.37,6.36,6.362559415658526
20230829093500770,6.37,6.36,6.362559415658526
20230829093501010,6.38,6.37,6.362560264749516
20230829093501020,6.38,6.37,6.362561113646737
20230829093501090,6.38,6.36,6.362562490023943
20230829093501230,6.38,6.36,6.362562490023943
20230829093501240,6.37,6.36,6.362562490023943
20230829093501250,6.38,6.36,6.362660124645893
20230829093501270,6.38,6.36,6.362677790355446
20230829093501430,6.38,6.36,6.362689547511313
20230829093501960,6.37,6.36,6.362689547511313
20230829093501970,6.37,6.36,6.362689547511313
20230829093502160,6.38,6.37,6.362692027592447
20230829093502250,6.37,6.37,6.362692853912257
20230829093502690,6.37,6.37,6.362692853912257
20230829093502700,6.37,6.37,6.362692853912257
20230829093503980,6.37,6.37,6.362692853912257
20230829093504080,6.37,6.37,6.362710985788405
20230829093504100,6.37,6.37,6.362710985788405
20230829093504240,6.37,6.37,6.362711807826774
20230829093504690,6.37,6.37,6.362711807826774
20230829093504970,6.37,6.37,6.36271345134739
20230829093505290,6.37,6.37,6.36271345134739
20230829093505430,6.37,6.37,6.36271345134739
20230829093505780,6.37,6.37,6.36271345134739
20230829093505870,6.37,6.37,6.36271345134739
20230829093506040,6.37,6.37,6.36271345134739
20230829093506090,6.37,6.37,6.36271345134739
20230829093506340,6.38,6.37,6.36273097544492
20230829093506370,6.38,6.37,6.362750405040504
20230829093506540,6.38,6.37,6.362750405040504
20230829093506650,6.38,6.37,6.362750405040504
20230829093506760,6.38,6.37,6.362750405040504
20230829093506950,6.38,6.37,6.362750405040504
20230829093507120,6.38,6.37,6.362785268358411
20230829093507950,6.38,6.37,6.362785268358411
20230829093508220,6.38,6.37,6.362785268358411
20230829093508460,6.38,6.37,6.362785268358411
20230829093508650,6.38,6.37,6.362785268358411
20230829093508860,6.38,6.37,6.362797399394688
20230829093509170,6.38,6.37,6.362832039378007
20230829093509550,6.38,6.37,6.362832039378007
20230829093509640,6.38,6.37,6.362890890935316
20230829093509870,6.38,6.37,6.362897195432879
20230829093509980,6.38,6.37,6.362897195432879
20230829093510010,6.38,6.37,6.362898769810485
20230829093510040,6.38,6.37,6.362898769810485
20230829093510080,6.38,6.37,6.362898769810485
20230829093510240,6.38,6.37,6.362898769810485
20230829093510290,6.38,6.37,6.362898769810485
20230829093510750,6.38,6.37,6.362898769810485
20230829093511770,6.38,6.37,6.363000506775367
20230829093511890,6.38,6.37,6.363000506775367
20230829093511990,6.38,6.37,6.363000506775367
20230829093512090,6.38,6.37,6.363000506775367
20230829093512160,6.38,6.37,6.363000506775367
20230829093512280,6.38,6.37,6.363000506775367
20230829093512940,6.38,6.37,6.363011736210503
20230829093513080,6.38,6.37,6.363011736210503
20230829093513160,6.38,6.37,6.363067661582355
20230829093513370,6.38,6.37,6.363067661582355
20230829093513800,6.38,6.37,6.3631010404117845
20230829093514070,6.38,6.37,6.363119527404004
20230829093514100,6.38,6.37,6.363119527404004
20230829093515310,6.38,6.37,6.363152702260073
20230829093515320,6.38,6.37,6.363154541484716
20230829093515550,6.38,6.37,6.363671492063492
20230829093515560,6.38,6.38,6.363750589721989
20230829093515570,6.38,6.37,6.363803463839615
20230829093515580,6.38,6.37,6.363803463839615
20230829093515630,6.38,6.37,6.363803463839615
20230829093515660,6.38,6.37,6.363803463839615
20230829093515750,6.38,6.37,6.363803463839615
20230829093515870,6.38,6.37,6.363803463839615
20230829093516100,6.38,6.37,6.363806863259524
20230829093516170,6.38,6.38,6.364121794607945
20230829093516200,6.38,6.38,6.364121794607945
20230829093516220,6.38,6.38,6.364246615620215
20230829093517070,6.38,6.38,6.364246615620215
20230829093517100,6.38,6.38,6.364246615620215
20230829093517180,6.38,6.38,6.364246615620215
20230829093517200,6.38,6.38,6.364246615620215
20230829093517270,6.38,6.38,6.364246615620215
20230829093518260,6.38,6.38,6.364246615620215
20230829093518380,6.38,6.38,6.364293855090187
20230829093518420,6.38,6.38,6.364293855090187
20230829093518820,6.38,6.38,6.364293855090187
20230829093518830,6.38,6.38,6.364293855090187
20230829093519080,6.38,6.38,6.364300254660284
20230829093519110,6.38,6.38,6.364300254660284
20230829093519150,6.38,6.38,6.364331630888189
20230829093519450,6.38,6.38,6.364331630888189
20230829093519850,6.38,6.38,6.364331630888189
20230829093520130,6.38,6.38,6.364339597315436
20230829093520920,6.38,6.38,6.364339597315436
20230829093520960,6.38,6.38,6.364339597315436
20230829093521470,6.38,6.38,6.364339597315436
20230829093521480,6.38,6.38,6.364339597315436
20230829093521560,6.38,6.38,6.364339597315436
20230829093521630,6.38,6.38,6.364339597315436
20230829093521890,6.38,6.38,6.364339597315436
20230829093521960,6.38,6.38,6.364339597315436
20230829093522180,6.38,6.38,6.364339597315436
20230829093522560,6.38,6.38,6.364339597315436
20230829093522630,6.38,6.38,6.364339597315436
20230829093522770,6.38,6.38,6.364339597315436
20230829093523130,6.38,6.38,6.364339597315436
20230829093524240,6.38,6.38,6.364339597315436
20230829093524280,6.38,6.38,6.3643682095006096
20230829093524810,6.38,6.38,6.3643682095006096
20230829093524920,6.38,6.38,6.3643682095006096
20230829093525090,6.38,6.38,6.3643682095006096
20230829093525260,6.38,6.38,6.364369796001219
20230829093525270,6.38,6.38,6.364369796001219
20230829093525780,6.38,6.38,6.364369796001219
20230829093526090,6.38,6.38,6.364369796001219
20230829093526790,6.38,6.38,6.364369796001219
20230829093527070,6.38,6.38,6.364369796001219
20230829093527580,6.38,6.38,6.364369796001219
20230829093527770,6.38,6.38,6.36437296803653
20230829093528100,6.38,6.38,6.364374553571429
20230829093528350,6.38,6.38,6.364375124277164
20230829093528540,6.38,6.38,6.364375124277164
20230829093528710,6.38,6.38,6.364375124277164
20230829093528960,6.38,6.38,6.364375124277164
20230829093529260,6.38,6.38,6.364375124277164
20230829093529300,6.38,6.38,6.364375124277164
20230829093529330,6.38,6.38,6.364375124277164
20230829093529660,6.38,6.38,6.364375694867114
20230829093529810,6.38,6.38,6.364378864097364
20230829093529880,6.38,6.38,6.364378864097364
20230829093529900,6.38,6.38,6.364378864097364
20230829093530240,6.38,6.38,6.364379434134469
20230829093530620,6.38,6.38,6.364381713127218
20230829093530740,6.38,6.38,6.364381713127218
20230829093530770,6.38,6.38,6.364381713127218
20230829093530790,6.38,6.38,6.364381713127218
20230829093530800,6.38,6.38,6.364382851930679
20230829093531060,6.38,6.38,6.364382851930679
20230829093531230,6.38,6.38,6.364382851930679
20230829093531300,6.38,6.38,6.364382851930679
20230829093531660,6.38,6.38,6.364382851930679
20230829093532530,6.38,6.38,6.364382851930679
20230829093532720,6.38,6.38,6.364382851930679
20230829093533130,6.38,6.38,6.364382851930679
20230829093533140,6.38,6.38,6.364382851930679
20230829093534000,6.38,6.38,6.364392342752963
20230829093534010,6.38,6.38,6.364392342752963
20230829093534180,6.38,6.38,6.364392342752963
20230829093534220,6.38,6.38,6.364392342752963
20230829093534270,6.38,6.38,6.364392342752963
20230829093534290,6.38,6.38,6.364392342752963
20230829093534560,6.38,6.38,6.364392342752963
20230829093534660,6.38,6.38,6.364392342752963
20230829093534670,6.38,6.38,6.364392342752963
20230829093534680,6.38,6.38,6.364411289833081
20230829093534750,6.38,6.38,6.3644897433316565
20230829093535010,6.38,6.38,6.3645006638503325
20230829093535020,6.38,6.38,6.3645006638503325
20230829093535140,6.38,6.38,6.3645006638503325
20230829093535150,6.38,6.38,6.3645006638503325
20230829093535220,6.38,6.38,6.3645006638503325
20230829093535270,6.38,6.38,6.3645006638503325
20230829093535360,6.38,6.38,6.3645006638503325
20230829093535570,6.38,6.38,6.3645255673830095
20230829093535710,6.38,6.38,6.3645255673830095
20230829093535840,6.38,6.38,6.364526117080029
20230829093536000,6.38,6.38,6.364544739745262
20230829093536010,6.38,6.38,6.364544739745262
20230829093536210,6.38,6.38,6.364544739745262
20230829093537080,6.38,6.38,6.364544739745262
20230829093537090,6.38,6.38,6.364547839165748
20230829093538720,6.38,6.38,6.364547839165748
20230829093539340,6.38,6.38,6.364594181745477
20230829093539350,6.38,6.38,6.364594181745477
20230829093539550,6.38,6.38,6.364608030363565
20230829093540070,6.38,6.38,6.364608030363565
20230829093540820,6.38,6.38,6.364608568860482
20230829093540830,6.38,6.38,6.364608568860482
20230829093541090,6.38,6.38,6.364608568860482
20230829093541330,6.38,6.38,6.364622390740371
20230829093541500,6.38,6.38,6.364622390740371
20230829093541680,6.38,6.38,6.364622390740371
20230829093541910,6.38,6.38,6.364622390740371
20230829093541950,6.38,6.38,6.364626992518704
20230829093541970,6.38,6.38,6.364626992518704
20230829093542070,6.38,6.38,6.364626992518704
20230829093542170,6.38,6.38,6.364626992518704
20230829093542360,6.38,6.38,6.364626992518704
20230829093542510,6.38,6.38,6.364626992518704
20230829093542720,6.38,6.38,6.364626992518704
20230829093543020,6.38,6.38,6.364626992518704
20230829093543240,6.38,6.38,6.364626992518704
20230829093543320,6.38,6.38,6.364626992518704
20230829093544220,6.38,6.38,6.364626992518704
20230829093544370,6.38,6.38,6.364626992518704
20230829093544440,6.38,6.38,6.364637690393231
20230829093544680,6.38,6.38,6.364714826185996
20230829093544850,6.38,6.38,6.364720879120879
20230829093545340,6.38,6.38,6.364720879120879
20230829093545350,6.38,6.38,6.364720879120879
20230829093545410,6.38,6.38,6.364720879120879
20230829093545840,6.38,6.38,6.364720879120879
20230829093545930,6.38,6.38,6.364720879120879
20230829093546080,6.38,6.37,6.364720879120879
20230829093546230,6.38,6.37,6.364762128541811
20230829093546500,6.38,6.37,6.364762128541811
20230829093546510,6.38,6.37,6.364762128541811
20230829093546790,6.38,6.37,6.364762128541811
20230829093546900,6.38,6.37,6.364762128541811
20230829093547200,6.38,6.37,6.364762128541811
20230829093547490,6.38,6.37,6.364762128541811
20230829093547640,6.38,6.37,6.364762128541811
20230829093548570,6.38,6.37,6.364762128541811
20230829093549170,6.38,6.37,6.364762128541811
20230829093549180,6.38,6.37,6.364762128541811
20230829093549190,6.38,6.37,6.364762128541811
20230829093549370,6.38,6.37,6.364762128541811
20230829093549430,6.38,6.37,6.364762128541811
20230829093549470,6.38,6.37,6.364774154088981
20230829093549760,6.38,6.37,6.364835488308116
20230829093549770,6.38,6.37,6.364835488308116
20230829093549800,6.38,6.37,6.364835488308116
20230829093549940,6.38,6.37,6.364835488308116
20230829093550150,6.38,6.37,6.364835488308116
20230829093550550,6.38,6.37,6.364835488308116
20230829093550790,6.38,6.37,6.364835488308116
20230829093551050,6.38,6.37,6.364835488308116
20230829093551370,6.38,6.37,6.364835488308116
20230829093551450,6.38,6.37,6.364870182317193
20230829093551600,6.38,6.37,6.364870182317193
20230829093551770,6.38,6.37,6.364870182317193
20230829093551800,6.38,6.37,6.364870182317193
20230829093551810,6.38,6.37,6.364870182317193
20230829093552400,6.38,6.37,6.364870182317193
20230829093553430,6.38,6.37,6.364870182317193
20230829093554670,6.38,6.37,6.36489978477793
20230829093554680,6.38,6.37,6.3649027386541475
20230829093554770,6.38,6.37,6.3649027386541475
20230829093554800,6.38,6.37,6.3649027386541475
20230829093554810,6.38,6.37,6.364914542611416
20230829093554960,6.38,6.37,6.3649278000195295
20230829093555790,6.38,6.37,6.3649278000195295
20230829093556180,6.38,6.37,6.3649278000195295
20230829093556570,6.38,6.37,6.3649278000195295
20230829093556820,6.38,6.37,6.3649278000195295
20230829093556980,6.38,6.37,6.3649278000195295
20230829093557240,6.38,6.37,6.3649278000195295
20230829093557680,6.38,6.37,6.3649278000195295
20230829093557750,6.38,6.37,6.3649278000195295
20230829093557870,6.38,6.37,6.3649278000195295
20230829093558010,6.38,6.37,6.364943107476636
20230829093558190,6.38,6.37,6.364943107476636
20230829093559000,6.38,6.37,6.364944583941607
20230829093559130,6.38,6.37,6.364944583941607
20230829093600040,6.38,6.37,6.364944583941607
20230829093600050,6.38,6.37,6.364944583941607
20230829093600260,6.38,6.37,6.364944583941607
20230829093600780,6.38,6.37,6.364945075905022
20230829093600800,6.38,6.37,6.364945075905022
20230829093600850,6.38,6.37,6.364945075905022
20230829093601080,6.38,6.37,6.364947534286548
20230829093601120,6.37,6.37,6.36504016041249
20230829093601130,6.37,6.37,6.36504016041249
20230829093601200,6.37,6.37,6.36504016041249
20230829093601260,6.37,6.37,6.36504016041249
20230829093601330,6.37,6.37,6.365039679205653
20230829093601440,6.37,6.37,6.365039679205653
20230829093601960,6.37,6.37,6.365043464987599
20230829093602480,6.37,6.37,6.365043464987599
20230829093602500,6.37,6.37,6.365043464987599
20230829093603620,6.37,6.37,6.365043464987599
20230829093603710,6.37,6.37,6.365051961904762
20230829093603950,6.37,6.37,6.365051961904762
20230829093603970,6.37,6.37,6.365051961904762
20230829093604230,6.37,6.37,6.365051961904762
20230829093604800,6.37,6.37,6.365051961904762
20230829093605110,6.37,6.37,6.365051961904762
20230829093605900,6.37,6.37,6.365051961904762
20230829093606140,6.37,6.37,6.365066058879393
20230829093606200,6.37,6.37,6.365066058879393
20230829093606590,6.37,6.37,6.3650716752039465
20230829093606600,6.37,6.37,6.3650716752039465
20230829093607100,6.37,6.37,6.365079609811536
20230829093607460,6.37,6.37,6.365082404164696
20230829093607510,6.37,6.37,6.365096328456819
20230829093608100,6.37,6.37,6.365115231289959
20230829093608110,6.37,6.37,6.3651166087038265
20230829093608150,6.37,6.37,6.365118444047732
20230829093608370,6.37,6.37,6.365118444047732
20230829093608380,6.37,6.37,6.365118444047732
20230829093608540,6.37,6.37,6.365118444047732
20230829093608980,6.37,6.37,6.365118444047732
20230829093609290,6.37,6.37,6.365118444047732
20230829093609320,6.37,6.37,6.365118444047732
20230829093609730,6.37,6.37,6.365118444047732
20230829093609900,6.37,6.37,6.365118444047732
20230829093610070,6.37,6.37,6.365118444047732
20230829093610080,6.37,6.37,6.365118444047732
20230829093610090,6.37,6.37,6.365157121551082
20230829093610310,6.37,6.37,6.365157121551082
20230829093610580,6.37,6.37,6.365157121551082
20230829093610620,6.37,6.37,6.365157121551082
20230829093610640,6.37,6.37,6.365161571401974
20230829093610700,6.37,6.37,6.36516109094294
20230829093610780,6.37,6.37,6.36516109094294
20230829093610870,6.37,6.37,6.365160610573343
20230829093611440,6.37,6.37,6.365185430217432
20230829093611480,6.37,6.37,6.365185430217432
20230829093611490,6.37,6.37,6.365185430217432
20230829093612250,6.37,6.37,6.365186324786325
20230829093612530,6.37,6.37,6.365189899740067
20230829093612600,6.37,6.37,6.365189899740067
20230829093612760,6.37,6.37,6.365239834634819
20230829093612810,6.37,6.37,6.365239834634819
20230829093613100,6.37,6.37,6.365254222385053
20230829093613290,6.37,6.37,6.365254222385053
20230829093613360,6.37,6.37,6.365254222385053
20230829093613660,6.37,6.37,6.365254222385053
20230829093613830,6.37,6.37,6.365254222385053
20230829093614040,6.37,6.37,6.365254222385053
20230829093615210,6.37,6.37,6.365254222385053
20230829093615340,6.37,6.37,6.365254222385053
20230829093615780,6.37,6.37,6.365254222385053
20230829093615870,6.37,6.37,6.365254222385053
20230829093616210,6.37,6.37,6.365254222385053
20230829093616220,6.37,6.37,6.365254222385053
20230829093616430,6.37,6.36,6.365245094632898
20230829093616650,6.37,6.36,6.365245094632898
20230829093617310,6.37,6.36,6.365245094632898
20230829093618240,6.37,6.36,6.3653055545437995
20230829093618280,6.37,6.36,6.3653055545437995
20230829093618460,6.37,6.36,6.3653055545437995
20230829093619040,6.37,6.36,6.3653055545437995
20230829093619050,6.37,6.36,6.365329669931085
20230829093619080,6.37,6.36,6.365330516772439
20230829093619190,6.37,6.36,6.365330516772439
20230829093619790,6.37,6.36,6.365330516772439
20230829093620010,6.37,6.36,6.365330516772439
20230829093620130,6.37,6.36,6.365330516772439
20230829093620200,6.37,6.36,6.365330940077962
20230829093621060,6.37,6.36,6.365330456852792
20230829093621100,6.37,6.36,6.365329973715219
20230829093621390,6.37,6.36,6.365329973715219
20230829093622710,6.37,6.36,6.365329973715219
20230829093623450,6.37,6.37,6.365329973715219
20230829093623650,6.37,6.37,6.365329973715219
20230829093623830,6.37,6.37,6.365329973715219
20230829093624720,6.37,6.37,6.365337947277833
20230829093624950,6.37,6.37,6.365361816044135
20230829093625080,6.37,6.37,6.365361816044135
20230829093625130,6.37,6.37,6.365363912493221
20230829093625160,6.37,6.37,6.3653647505423
20230829093625280,6.37,6.37,6.3653647505423
20230829093625500,6.37,6.37,6.3653647505423
20230829093625510,6.37,6.37,6.3653647505423
20230829093625520,6.37,6.37,6.3653647505423
20230829093625640,6.37,6.37,6.3653655882884514
20230829093625780,6.37,6.37,6.3653655882884514
20230829093625790,6.37,6.37,6.3653655882884514
20230829093625800,6.37,6.37,6.3653655882884514
20230829093625810,6.37,6.37,6.3653655882884514
20230829093626160,6.37,6.37,6.365366844340049
20230829093626190,6.37,6.37,6.365366844340049
20230829093626390,6.37,6.37,6.365366844340049
20230829093626470,6.37,6.37,6.365366844340049
20230829093626750,6.37,6.37,6.365366844340049
20230829093627250,6.37,6.37,6.365366844340049
20230829093627300,6.37,6.37,6.365366844340049
20230829093627630,6.37,6.37,6.365366844340049
20230829093628120,6.37,6.37,6.365366844340049
20230829093628130,6.37,6.37,6.365366844340049
20230829093628160,6.37,6.37,6.365366844340049
20230829093628210,6.37,6.37,6.365366844340049
20230829093628310,6.37,6.37,6.365366844340049
20230829093628940,6.37,6.37,6.365366844340049
20230829093628950,6.37,6.37,6.365366844340049
20230829093629520,6.37,6.37,6.3653993158084266
20230829093629620,6.37,6.37,6.3653993158084266
20230829093629970,6.37,6.37,6.3653993158084266
20230829093630230,6.37,6.37,6.3653993158084266
20230829093630520,6.37,6.37,6.3653993158084266
20230829093630620,6.37,6.37,6.3653993158084266
20230829093630830,6.37,6.37,6.3653993158084266
20230829093631050,6.37,6.37,6.3653993158084266
20230829093631070,6.37,6.37,6.3653993158084266
20230829093631800,6.37,6.37,6.3653993158084266
20230829093631940,6.37,6.37,6.3653993158084266
20230829093633480,6.37,6.37,6.365413199064917
20230829093633580,6.37,6.37,6.365413199064917
20230829093634030,6.37,6.37,6.365413199064917
20230829093634500,6.37,6.37,6.365413199064917
20230829093634760,6.37,6.37,6.365413199064917
20230829093635140,6.37,6.37,6.365413199064917
20230829093635200,6.37,6.37,6.365413199064917
20230829093635430,6.37,6.37,6.3654258151441665
20230829093635810,6.37,6.37,6.3654258151441665
20230829093636650,6.37,6.37,6.3654258151441665
20230829093636920,6.38,6.37,6.365491380543634
20230829093637590,6.38,6.37,6.365491380543634
20230829093637760,6.38,6.37,6.36550304654695
20230829093637780,6.38,6.37,6.36551727954302
20230829093638130,6.38,6.37,6.36551727954302
20230829093638360,6.38,6.37,6.36551727954302
20230829093638470,6.38,6.37,6.36551727954302
20230829093639140,6.38,6.37,6.365521556031407
20230829093639180,6.38,6.37,6.365521556031407
20230829093640280,6.38,6.37,6.365521556031407
20230829093641190,6.38,6.37,6.365521556031407
20230829093641490,6.38,6.37,6.365521556031407
20230829093641760,6.38,6.37,6.365521556031407
20230829093642020,6.38,6.37,6.365538233983783
20230829093642200,6.38,6.37,6.365545961350076
20230829093642890,6.38,6.37,6.3655844746425085
20230829093643060,6.38,6.37,6.365595988640398
20230829093643940,6.38,6.37,6.365611312056738
20230829093644770,6.38,6.37,6.3656227832403225
20230829093644840,6.38,6.37,6.3656227832403225
20230829093644900,6.38,6.37,6.3656227832403225
20230829093644920,6.38,6.37,6.3656227832403225
20230829093645060,6.38,6.37,6.3656227832403225
20230829093645070,6.38,6.37,6.3656227832403225
20230829093645150,6.38,6.37,6.365653584308207
20230829093645330,6.38,6.37,6.365653584308207
20230829093645610,6.38,6.37,6.365653584308207
20230829093646400,6.38,6.37,6.365656107642248
20230829093646500,6.38,6.37,6.36566367232135
20230829093647100,6.38,6.37,6.365685062313498
20230829093647180,6.38,6.37,6.365707641079566
20230829093647250,6.38,6.38,6.366355663376276
20230829093647260,6.38,6.37,6.366356804684233
20230829093647270,6.38,6.37,6.366356804684233
20230829093647280,6.38,6.37,6.366362508361204
20230829093647300,6.38,6.38,6.366438480086472
20230829093647330,6.38,6.38,6.366438480086472
20230829093647340,6.38,6.37,6.3665536356141805
20230829093647350,6.38,6.37,6.366562497940353
20230829093647400,6.38,6.37,6.366562497940353
20230829093647470,6.38,6.37,6.366562497940353
20230829093647930,6.38,6.38,6.366562497940353
20230829093648070,6.38,6.38,6.366562497940353
20230829093648080,6.38,6.38,6.366562497940353
20230829093648220,6.38,6.38,6.366562497940353
20230829093648300,6.38,6.37,6.366563604909795
20230829093648310,6.38,6.37,6.366563604909795
20230829093648320,6.38,6.37,6.366563604909795
20230829093648380,6.38,6.37,6.366563604909795
20230829093648750,6.38,6.37,6.366563604909795
20230829093648760,6.38,6.37,6.366563604909795
20230829093649060,6.38,6.37,6.366563604909795
20230829093649070,6.38,6.37,6.366563604909795
20230829093649080,6.38,6.37,6.3665828214813605
20230829093649480,6.38,6.37,6.3665828214813605
20230829093649600,6.38,6.37,6.366649693602419
20230829093650070,6.38,6.37,6.366649693602419
20230829093650280,6.38,6.37,6.366660592701446
20230829093650300,6.38,6.37,6.366660592701446
20230829093650510,6.38,6.37,6.366660592701446
20230829093650990,6.38,6.37,6.366660592701446
20230829093651100,6.38,6.37,6.366689931573803
20230829093651610,6.38,6.37,6.366689931573803
20230829093651850,6.38,6.37,6.366709419228893
20230829093652000,6.38,6.37,6.366728849902534
20230829093652080,6.38,6.37,6.366748223844283
20230829093653030,6.38,6.37,6.366756816339763
20230829093653970,6.38,6.37,6.366756816339763
20230829093654250,6.38,6.37,6.366810268001292
20230829093654290,6.38,6.37,6.366810268001292
20230829093654310,6.38,6.37,6.3668123970944315
20230829093654980,6.38,6.37,6.3668123970944315
20230829093655100,6.38,6.37,6.366831528046422
20230829093655780,6.38,6.37,6.366837892701788
20230829093656050,6.38,6.37,6.366890693196406
20230829093656130,6.38,6.37,6.36689174488568
20230829093656430,6.38,6.37,6.36689174488568
20230829093656600,6.38,6.36,6.366916482292082
20230829093656620,6.38,6.36,6.366916482292082
20230829093656850,6.38,6.36,6.366916482292082
20230829093658250,6.38,6.36,6.366916482292082
20230829093658540,6.38,6.36,6.366916482292082
20230829093658760,6.38,6.36,6.366916482292082
20230829093658940,6.38,6.37,6.366916482292082
20230829093659500,6.38,6.37,6.366937274533175
20230829093659680,6.38,6.37,6.366937274533175
20230829093700020,6.38,6.37,6.366937274533175
20230829093700160,6.38,6.37,6.366937274533175
20230829093700610,6.38,6.37,6.366938312410616
20230829093700640,6.38,6.37,6.366938312410616
20230829093700820,6.38,6.37,6.366938312410616
20230829093700830,6.38,6.37,6.366938312410616
20230829093700840,6.38,6.37,6.366938312410616
20230829093700850,6.38,6.37,6.366938312410616
20230829093700930,6.38,6.37,6.366938312410616
20230829093700940,6.38,6.37,6.366938312410616
20230829093700970,6.38,6.37,6.366938312410616
20230829093701290,6.38,6.37,6.366938312410616
20230829093701700,6.38,6.37,6.366947645891227
20230829093701990,6.38,6.37,6.366966272893047
20230829093703940,6.38,6.37,6.366966994292961
20230829093704890,6.38,6.37,6.366966994292961
20230829093705550,6.38,6.37,6.366966994292961
20230829093705560,6.38,6.37,6.366966994292961
20230829093705680,6.38,6.36,6.366968676225937
20230829093706310,6.38,6.37,6.366968676225937
20230829093706640,6.38,6.37,6.366968676225937
20230829093706650,6.38,6.37,6.366968676225937
20230829093706850,6.38,6.36,6.366980397727273
20230829093707130,6.38,6.36,6.366988611987382
20230829093707630,6.38,6.36,6.366988611987382
20230829093707640,6.38,6.36,6.366991222125916
20230829093707650,6.38,6.36,6.366991222125916
20230829093708120,6.38,6.36,6.36699145918689
20230829093708150,6.38,6.36,6.366992407057341
20230829093708520,6.38,6.36,6.366992407057341
20230829093708810,6.38,6.36,6.366992407057341
20230829093708840,6.38,6.36,6.367000675516456
20230829093709040,6.38,6.36,6.367000675516456
20230829093709070,6.38,6.36,6.367000675516456
20230829093709530,6.37,6.36,6.367000675516456
20230829093709570,6.37,6.36,6.367000675516456
20230829093709580,6.37,6.36,6.367000675516456
20230829093709590,6.37,6.36,6.367000675516456
20230829093709600,6.37,6.36,6.367000675516456
20230829093709990,6.37,6.37,6.367033530142947
20230829093710000,6.37,6.37,6.367140602066796
20230829093710010,6.37,6.37,6.3671898439799826
20230829093710020,6.37,6.37,6.367215053606594
20230829093710030,6.37,6.37,6.367222346693825
20230829093710040,6.37,6.36,6.367231610237077
20230829093710080,6.37,6.36,6.367237218725129
20230829093710190,6.37,6.36,6.367237218725129
20230829093710290,6.37,6.36,6.367237218725129
20230829093710430,6.37,6.36,6.367237218725129
20230829093710440,6.37,6.36,6.367237218725129
20230829093710480,6.37,6.36,6.367237218725129
20230829093710590,6.37,6.36,6.367237218725129
20230829093710810,6.37,6.36,6.367237218725129
20230829093710840,6.37,6.36,6.367237218725129
20230829093710850,6.37,6.36,6.367237218725129
20230829093710880,6.37,6.36,6.367237218725129
20230829093711440,6.37,6.36,6.367237218725129
20230829093712260,6.37,6.36,6.367237218725129
20230829093713080,6.37,6.36,6.367237218725129
20230829093713410,6.37,6.36,6.367237218725129
20230829093713820,6.37,6.36,6.367237218725129
20230829093713880,6.37,6.36,6.367240812197413
20230829093715000,6.37,6.36,6.367240812197413
20230829093715470,6.37,6.36,6.3672376742506325
20230829093715820,6.37,6.36,6.3672376742506325
20230829093715830,6.37,6.36,6.3672376742506325
20230829093716100,6.37,6.36,6.367248604316547
20230829093716370,6.37,6.36,6.367248604316547
20230829093716420,6.37,6.36,6.367248604316547
20230829093716950,6.37,6.36,6.367248604316547
20230829093717120,6.37,6.36,6.367248604316547
20230829093717540,6.37,6.36,6.367250384643037
20230829093717590,6.37,6.36,6.367250384643037
20230829093717600,6.37,6.36,6.367250384643037
20230829093719070,6.37,6.36,6.367250384643037
20230829093720080,6.37,6.36,6.367250384643037
20230829093720120,6.37,6.36,6.367250384643037
20230829093720130,6.37,6.36,6.367250384643037
20230829093720330,6.37,6.36,6.367250384643037
20230829093720550,6.37,6.36,6.367250384643037
20230829093720580,6.37,6.36,6.367250384643037
20230829093720660,6.37,6.36,6.367250384643037
20230829093720680,6.37,6.36,6.367249342247143
20230829093720740,6.37,6.36,6.367249342247143
20230829093720780,6.37,6.36,6.367248821161588
20230829093722290,6.37,6.36,6.367248821161588
20230829093722360,6.37,6.36,6.36725355912744
20230829093722400,6.37,6.36,6.36725355912744
20230829093722790,6.37,6.36,6.36725355912744
20230829093724690,6.37,6.36,6.36725355912744
20230829093725070,6.37,6.36,6.36725355912744
20230829093725260,6.37,6.36,6.36725355912744
20230829093725330,6.37,6.36,6.36725355912744
20230829093725660,6.37,6.36,6.36725355912744
20230829093725710,6.37,6.36,6.36725355912744
20230829093725760,6.37,6.36,6.36725355912744
20230829093725780,6.37,6.36,6.367252518295309
20230829093726150,6.37,6.36,6.367252518295309
20230829093726730,6.37,6.36,6.367252518295309
20230829093726900,6.37,6.36,6.367252518295309
20230829093726940,6.37,6.36,6.367251997991248
20230829093727410,6.37,6.36,6.367251997991248
20230829093727420,6.37,6.36,6.367247838244785
20230829093728090,6.37,6.36,6.367247838244785
20230829093728110,6.37,6.36,6.367246799053696
20230829093728120,6.37,6.36,6.367240570159731
20230829093728340,6.37,6.36,6.367203933865451
20230829093728350,6.37,6.36,6.367165634082371
20230829093728360,6.37,6.36,6.367165634082371
20230829093728370,6.37,6.36,6.367125227320787
20230829093728380,6.36,6.36,6.367075355218031
20230829093728390,6.36,6.36,6.367070575886922
20230829093728400,6.36,6.36,6.367070575886922
20230829093728410,6.36,6.36,6.367070575886922
20230829093728430,6.36,6.36,6.367070575886922
20230829093728490,6.36,6.36,6.367070575886922
20230829093728730,6.36,6.36,6.367070575886922
20230829093728970,6.36,6.36,6.367070575886922
20230829093729080,6.36,6.36,6.367070575886922
20230829093729090,6.36,6.36,6.367070575886922
20230829093729100,6.36,6.36,6.367070575886922
20230829093729110,6.36,6.36,6.366959026763991
20230829093729130,6.36,6.36,6.366956669215264
20230829093729140,6.36,6.36,6.366949600500243
20230829093729150,6.36,6.36,6.3669484229540085
20230829093729230,6.36,6.36,6.3669484229540085
20230829093729600,6.36,6.36,6.3669484229540085
20230829093729950,6.36,6.36,6.3669484229540085
20230829093730240,6.36,6.36,6.3669484229540085
20230829093730270,6.36,6.36,6.366916690936828
20230829093730280,6.36,6.36,6.366807137444024
20230829093730630,6.36,6.36,6.366807137444024
20230829093731080,6.36,6.36,6.366803664416587
20230829093731090,6.36,6.36,6.366796722665932
20230829093731100,6.36,6.36,6.366796722665932
20230829093731570,6.36,6.36,6.366796722665932
20230829093731580,6.36,6.36,6.366796722665932
20230829093731630,6.36,6.36,6.366796722665932
20230829093731710,6.35,6.36,6.366700136911282
20230829093731720,6.35,6.36,6.366700136911282
20230829093731730,6.35,6.36,6.366700136911282
20230829093732110,6.35,6.36,6.366700136911282
20230829093732280,6.35,6.36,6.366700136911282
20230829093732590,6.35,6.36,6.366700136911282
20230829093732600,6.35,6.36,6.366700136911282
20230829093732950,6.35,6.36,6.366700136911282
20230829093733280,6.35,6.36,6.366700136911282
20230829093733670,6.35,6.36,6.366700136911282
20230829093734070,6.35,6.36,6.366665682656827
20230829093734080,6.35,6.36,6.3666543021032505
20230829093734150,6.35,6.36,6.366652027857436
20230829093734190,6.35,6.36,6.366652027857436
20230829093734930,6.35,6.36,6.366632721816818
20230829093734980,6.35,6.36,6.366632721816818
20230829093734990,6.35,6.36,6.366632721816818
20230829093735070,6.35,6.36,6.366632721816818
20230829093735100,6.35,6.36,6.366629319514524
20230829093735110,6.35,6.36,6.366629319514524
20230829093735170,6.35,6.36,6.366629319514524
20230829093735370,6.35,6.36,6.366629319514524
20230829093735500,6.35,6.36,6.366629319514524
20230829093735980,6.35,6.36,6.366629319514524
20230829093736060,6.35,6.36,6.366629319514524
20230829093736070,6.35,6.36,6.366629319514524
20230829093736080,6.35,6.36,6.366629319514524
20230829093737070,6.36,6.36,6.366619120954004
20230829093737080,6.36,6.36,6.366616856305785
20230829093737100,6.36,6.36,6.366616856305785
20230829093737170,6.36,6.36,6.366616856305785
20230829093737240,6.36,6.36,6.366616856305785
20230829093738150,6.36,6.36,6.366613460490464
20230829093738310,6.36,6.36,6.366613460490464
20230829093738380,6.36,6.36,6.366609408400844
20230829093738820,6.36,6.36,6.366604886680733
20230829093739080,6.36,6.36,6.366604886680733
20230829093739120,6.36,6.36,6.3666026267437905
20230829093740080,6.36,6.36,6.3666026267437905
20230829093740160,6.36,6.36,6.3666026267437905
20230829093740290,6.36,6.36,6.3666026267437905
20230829093740660,6.35,6.36,6.3666026267437905
20230829093741240,6.35,6.36,6.3666026267437905
20230829093741650,6.35,6.36,6.3666026267437905
20230829093741850,6.35,6.36,6.3666026267437905
20230829093742560,6.35,6.36,6.3666026267437905
20230829093742930,6.35,6.36,6.3666026267437905
20230829093743120,6.35,6.36,6.3666026267437905
20230829093743130,6.35,6.36,6.3666026267437905
20230829093743140,6.35,6.36,6.3666026267437905
20230829093743260,6.35,6.36,6.3666026267437905
20230829093743290,6.35,6.36,6.3666026267437905
20230829093743550,6.35,6.36,6.3666026267437905
20230829093743590,6.35,6.36,6.3666026267437905
20230829093743610,6.36,6.36,6.366583328808037
20230829093743640,6.36,6.36,6.366583328808037
20230829093743710,6.36,6.36,6.366579309409131
20230829093743720,6.36,6.36,6.366579309409131
20230829093744020,6.36,6.36,6.366579309409131
20230829093744100,6.36,6.36,6.366578184778185
20230829093744690,6.36,6.36,6.366570162601627
20230829093744700,6.36,6.36,6.366570162601627
20230829093745450,6.36,6.36,6.366570162601627
20230829093745750,6.36,6.36,6.366570162601627
20230829093745820,6.36,6.36,6.366564551303759
20230829093745830,6.36,6.36,6.366549027027028
20230829093745990,6.36,6.36,6.366549027027028
20230829093746090,6.36,6.36,6.366529614659122
20230829093746200,6.36,6.36,6.366528501178848
20230829093746270,6.36,6.36,6.366525863578211
20230829093746560,6.36,6.36,6.366523638322225
20230829093746770,6.36,6.36,6.366523638322225
20230829093746790,6.36,6.36,6.366515742048282
20230829093746800,6.36,6.36,6.366515742048282
20230829093746810,6.37,6.36,6.366349646133683
20230829093746870,6.37,6.36,6.366349646133683
20230829093746880,6.37,6.36,6.366349646133683
20230829093746920,6.37,6.36,6.366349646133683
20230829093747070,6.37,6.36,6.366349646133683
20230829093747100,6.37,6.36,6.3663458030749105
20230829093747670,6.37,6.36,6.36634819221968
20230829093747850,6.37,6.36,6.36634819221968
20230829093747860,6.37,6.36,6.36634819221968
20230829093748040,6.37,6.36,6.36634819221968
20230829093748180,6.37,6.36,6.36634819221968
20230829093749100,6.37,6.36,6.3663484309623435
20230829093749170,6.37,6.36,6.366335590787499
20230829093749710,6.37,6.36,6.36633774126239
20230829093749970,6.37,6.36,6.366342034648952
20230829093750080,6.37,6.36,6.366342034648952
20230829093750110,6.37,6.36,6.366342034648952
20230829093750270,6.37,6.36,6.366342034648952
20230829093750680,6.37,6.36,6.366342034648952
20230829093750720,6.37,6.36,6.366342034648952
20230829093750790,6.37,6.36,6.366342034648952
20230829093750990,6.37,6.36,6.366342034648952
20230829093751140,6.37,6.36,6.366342034648952
20230829093751280,6.37,6.36,6.366342034648952
20230829093751420,6.37,6.36,6.366342034648952
20230829093751450,6.37,6.36,6.366342034648952
20230829093751640,6.37,6.36,6.366342034648952
20230829093751650,6.37,6.36,6.366342034648952
20230829093751850,6.37,6.36,6.366342034648952
20230829093752400,6.37,6.36,6.366342034648952
20230829093752640,6.37,6.36,6.366342034648952
20230829093752650,6.37,6.36,6.366342034648952
20230829093753100,6.37,6.36,6.366341208648086
20230829093753450,6.37,6.36,6.366343351773511
20230829093753460,6.37,6.36,6.366343351773511
20230829093753520,6.37,6.36,6.366347630501203
20230829093753580,6.37,6.36,6.366347630501203
20230829093754570,6.37,6.36,6.366347630501203
20230829093754670,6.37,6.37,6.366387087647097
20230829093754870,6.37,6.37,6.366388248907175
20230829093754910,6.37,6.37,6.366388248907175
20230829093755050,6.38,6.37,6.366388248907175
20230829093755060,6.37,6.37,6.366388248907175
20230829093755080,6.37,6.37,6.366402586758868
20230829093755090,6.38,6.37,6.366403968253969
20230829093755140,6.37,6.37,6.366403968253969
20230829093755210,6.37,6.37,6.366403968253969
20230829093755300,6.37,6.37,6.366403968253969
20230829093755970,6.37,6.37,6.366403968253969
20230829093756690,6.37,6.37,6.366403968253969
20230829093756920,6.37,6.37,6.366403968253969
20230829093758080,6.37,6.37,6.366403968253969
20230829093758430,6.37,6.36,6.366409303514377
20230829093759130,6.37,6.36,6.366409303514377
20230829093759180,6.37,6.36,6.366409303514377
20230829093759310,6.37,6.36,6.366409303514377
20230829093759360,6.37,6.36,6.366409303514377
20230829093800160,6.37,6.36,6.366409303514377
20230829093800190,6.37,6.36,6.366409303514377
20230829093800240,6.37,6.36,6.366409303514377
20230829093801130,6.37,6.36,6.366409303514377
20230829093801140,6.37,6.36,6.366409303514377
20230829093801180,6.37,6.36,6.366409303514377
20230829093801220,6.37,6.36,6.366409303514377
20230829093801350,6.37,6.36,6.366409303514377
20230829093801400,6.37,6.36,6.366409303514377
20230829093801840,6.37,6.36,6.366409303514377
20230829093801980,6.37,6.36,6.366409303514377
20230829093802120,6.37,6.36,6.366409303514377
20230829093802210,6.37,6.36,6.366409303514377
20230829093802930,6.37,6.36,6.366409303514377
20230829093803100,6.37,6.36,6.366409303514377
20230829093803700,6.36,6.36,6.36638878599518
20230829093803740,6.36,6.36,6.366388380795333
20230829093803780,6.36,6.36,6.366388380795333
20230829093804090,6.36,6.36,6.366381500253421
20230829093804480,6.36,6.36,6.366381500253421
20230829093804530,6.36,6.36,6.366381500253421
20230829093805420,6.36,6.36,6.366381500253421
20230829093806440,6.36,6.36,6.366381500253421
20230829093806710,6.36,6.36,6.366381500253421
20230829093806780,6.36,6.36,6.366381500253421
20230829093807040,6.36,6.36,6.366381500253421
20230829093807050,6.36,6.36,6.366381500253421
20230829093807390,6.36,6.36,6.366381500253421
20230829093808630,6.36,6.36,6.366381500253421
20230829093808670,6.36,6.36,6.3663628401468175
20230829093809590,6.36,6.36,6.3663628401468175
20230829093809870,6.36,6.36,6.3663628401468175
20230829093810070,6.36,6.36,6.3663628401468175
20230829093810150,6.36,6.36,6.3663628401468175
20230829093810290,6.36,6.36,6.3663628401468175
20230829093810460,6.36,6.36,6.3663628401468175
20230829093810810,6.36,6.36,6.3663628401468175
20230829093811000,6.36,6.36,6.3663628401468175
20230829093811130,6.36,6.36,6.3663611719293804
20230829093811180,6.36,6.36,6.3663611719293804
20230829093811370,6.36,6.36,6.3663611719293804
20230829093811430,6.36,6.36,6.3663611719293804
20230829093811780,6.36,6.36,6.3663611719293804
20230829093812450,6.36,6.36,6.3663611719293804
20230829093812740,6.36,6.36,6.3663611719293804
20230829093812750,6.36,6.36,6.3663611719293804
20230829093812770,6.36,6.36,6.3663611719293804
20230829093812970,6.36,6.36,6.3663611719293804
20230829093813010,6.36,6.36,6.3663611719293804
20230829093813020,6.36,6.36,6.3663611719293804
20230829093813100,6.36,6.36,6.366325945503744
20230829093813970,6.36,6.36,6.366325945503744
20230829093814340,6.36,6.36,6.366317993840739
20230829093814580,6.36,6.36,6.366317993840739
20230829093814660,6.36,6.36,6.366317993840739
20230829093815310,6.36,6.36,6.366317993840739
20230829093815420,6.36,6.36,6.366317993840739
20230829093816400,6.36,6.36,6.366317993840739
20230829093816740,6.36,6.36,6.366317993840739
20230829093817120,6.36,6.36,6.366317993840739
20230829093817170,6.36,6.36,6.366317993840739
20230829093817180,6.36,6.36,6.366317993840739
20230829093817480,6.36,6.36,6.366317993840739
20230829093817540,6.36,6.36,6.366317993840739
20230829093817670,6.36,6.36,6.366317993840739
20230829093818380,6.36,6.36,6.366317993840739
20230829093818580,6.36,6.36,6.366317993840739
20230829093818650,6.36,6.36,6.366307783078082
20230829093818750,6.36,6.36,6.366307783078082
20230829093819070,6.36,6.36,6.366307783078082
20230829093819340,6.36,6.36,6.366307783078082
20230829093819540,6.36,6.36,6.366301454727866
20230829093819650,6.36,6.36,6.366301454727866
20230829093819670,6.36,6.36,6.366301454727866
20230829093820560,6.36,6.36,6.366301454727866
20230829093821650,6.36,6.36,6.366301454727866
20230829093821920,6.36,6.36,6.366301454727866
20230829093822620,6.36,6.36,6.366301454727866
20230829093823040,6.36,6.36,6.366301454727866
20230829093823640,6.36,6.36,6.366301454727866
20230829093824050,6.36,6.36,6.366301454727866
20230829093824130,6.36,6.36,6.366301454727866
20230829093824460,6.36,6.36,6.366301454727866
20230829093824540,6.36,6.36,6.366301454727866
20230829093825120,6.36,6.36,6.366301454727866
20230829093825710,6.36,6.36,6.366301454727866
20230829093826010,6.36,6.36,6.366301454727866
20230829093826170,6.36,6.36,6.366301454727866
20230829093826950,6.36,6.36,6.366301454727866
20230829093826980,6.36,6.36,6.366301454727866
20230829093828430,6.36,6.36,6.366301454727866
20230829093828480,6.36,6.36,6.366301454727866
20230829093828690,6.36,6.36,6.366301454727866
20230829093828830,6.36,6.36,6.366301454727866
20230829093829100,6.36,6.36,6.366301454727866
20230829093829160,6.36,6.36,6.366301454727866
20230829093829170,6.36,6.36,6.366301454727866
20230829093829250,6.36,6.36,6.366301454727866
20230829093829420,6.36,6.36,6.366301454727866
20230829093829440,6.36,6.36,6.366301454727866
20230829093829480,6.36,6.36,6.366301454727866
20230829093829590,6.36,6.36,6.366301454727866
20230829093829630,6.36,6.36,6.366301454727866
20230829093829840,6.36,6.36,6.366301454727866
20230829093830040,6.36,6.36,6.366301454727866
20230829093830050,6.36,6.36,6.366301454727866
20230829093830130,6.36,6.36,6.366301454727866
20230829093830170,6.36,6.36,6.366301454727866
20230829093830570,6.36,6.36,6.366301454727866
20230829093830630,6.36,6.36,6.3662687640449445
20230829093830730,6.36,6.36,6.366265244244807
20230829093831310,6.36,6.36,6.366265244244807
20230829093831340,6.36,6.36,6.366262899906455
20230829093831430,6.36,6.36,6.366262899906455
20230829093831590,6.36,6.36,6.366259386686612
20230829093831670,6.36,6.36,6.366259386686612
20230829093831790,6.36,6.36,6.3662558774060924
20230829093831890,6.36,6.36,6.3662558774060924
20230829093831980,6.36,6.36,6.366250971115538
20230829093831990,6.36,6.36,6.366250971115538
20230829093832090,6.36,6.36,6.366250971115538
20230829093832190,6.36,6.36,6.366250971115538
20230829093833080,6.36,6.36,6.366250971115538
20230829093833090,6.36,6.36,6.366250971115538
