Timestamp,ask1,bid1,VWAP
20230601093000000,6.36,6.33,6.35
20230601093000020,6.36,6.33,6.35
20230601093000030,6.36,6.33,6.3500624024961
20230601093000040,6.36,6.33,6.350256255652698
20230601093000050,6.36,6.33,6.350260793972762
20230601093000060,6.36,6.35,6.35028050896472
20230601093000070,6.35,6.33,6.350304756479636
20230601093000080,6.35,6.33,6.350304756479636
20230601093000090,6.35,6.33,6.350240265120132
20230601093000100,6.35,6.33,6.350240265120132
20230601093000110,6.35,6.33,6.350240265120132
20230601093000120,6.35,6.33,6.350019120458891
20230601093000130,6.35,6.33,6.350019120458891
20230601093000140,6.35,6.33,6.349900484131253
20230601093000150,6.36,6.35,6.34993326214629
20230601093000160,6.36,6.35,6.34993326214629
20230601093000170,6.36,6.35,6.34993326214629
20230601093000180,6.36,6.33,6.34993326214629
20230601093000190,6.36,6.33,6.349935948759007
20230601093000200,6.36,6.35,6.350833738454059
20230601093000210,6.36,6.33,6.350833333333333
20230601093000220,6.36,6.33,6.350817700817701
20230601093000230,6.36,6.35,6.350817700817701
20230601093000240,6.36,6.35,6.350817700817701
20230601093000250,6.35,6.33,6.350809716599191
20230601093000260,6.35,6.33,6.350589066918002
20230601093000270,6.35,6.33,6.35058180125669
20230601093000280,6.35,6.33,6.35058180125669
20230601093000290,6.35,6.33,6.35058180125669
20230601093000300,6.35,6.34,6.35058180125669
20230601093000310,6.35,6.34,6.350562050359712
20230601093000320,6.35,6.34,6.350561293219578
20230601093000330,6.35,6.34,6.350559284116331
20230601093000340,6.35,6.34,6.350559284116331
20230601093000350,6.35,6.34,6.350555555555555
20230601093000360,6.35,6.34,6.350555555555555
20230601093000370,6.35,6.34,6.350552730488614
20230601093000380,6.35,6.34,6.350551876379691
20230601093000390,6.35,6.34,6.350551876379691
20230601093000400,6.35,6.34,6.350551876379691
20230601093000410,6.35,6.34,6.350551876379691
20230601093000420,6.35,6.33,6.3504924159155856
20230601093000430,6.35,6.33,6.350491659350308
20230601093000440,6.35,6.33,6.350491659350308
20230601093000450,6.35,6.33,6.350484533852477
20230601093000460,6.35,6.33,6.350484533852477
20230601093000470,6.36,6.33,6.350856046840299
20230601093000480,6.36,6.32,6.350459496930085
20230601093000490,6.36,6.33,6.350459496930085
20230601093000500,6.36,6.33,6.350499013806706
20230601093000510,6.35,6.33,6.350499013806706
20230601093000520,6.36,6.33,6.350644100580271
20230601093000530,6.35,6.33,6.350653140096618
20230601093000540,6.35,6.33,6.350653140096618
20230601093000550,6.35,6.33,6.350651880424301
20230601093000560,6.36,6.33,6.350651880424301
20230601093000570,6.36,6.33,6.350651880424301
20230601093000590,6.36,6.33,6.350651880424301
20230601093000600,6.35,6.33,6.350651880424301
20230601093000610,6.36,6.33,6.350722339002484
20230601093000620,6.36,6.33,6.350722339002484
20230601093000630,6.36,6.33,6.350722200993504
20230601093000640,6.35,6.33,6.350722200993504
20230601093000650,6.35,6.33,6.350722200993504
20230601093000660,6.35,6.33,6.350722200993504
20230601093000670,6.35,6.33,6.3507215117388816
20230601093000680,6.35,6.33,6.3507215117388816
20230601093000690,6.36,6.33,6.3507508078312105
20230601093000700,6.35,6.33,6.3507508078312105
20230601093000710,6.35,6.33,6.3507508078312105
20230601093000720,6.36,6.33,6.350777839955232
20230601093000730,6.36,6.35,6.350777839955232
20230601093000740,6.36,6.35,6.350777839955232
20230601093000750,6.36,6.35,6.350777839955232
20230601093000760,6.36,6.35,6.350777839955232
20230601093000770,6.36,6.35,6.350780931181599
20230601093000780,6.36,6.35,6.350780931181599
20230601093000790,6.36,6.35,6.350798000370302
20230601093000800,6.36,6.35,6.350798000370302
20230601093000810,6.36,6.35,6.350798000370302
20230601093000820,6.36,6.35,6.350815006468305
20230601093000830,6.36,6.35,6.350815006468305
20230601093000840,6.36,6.35,6.350831949824755
20230601093000850,6.36,6.35,6.350831949824755
20230601093000860,6.36,6.35,6.350848830786227
20230601093000870,6.36,6.35,6.351012658227848
20230601093000880,6.36,6.35,6.351069182389937
20230601093000900,6.36,6.35,6.351069182389937
20230601093000910,6.36,6.35,6.351101163831692
20230601093000920,6.36,6.34,6.351033380681818
20230601093000930,6.36,6.34,6.3510635285790125
20230601093000940,6.36,6.35,6.3510635285790125
20230601093000950,6.36,6.35,6.3510635285790125
20230601093000960,6.36,6.35,6.3510635285790125
20230601093000970,6.36,6.35,6.3510635285790125
20230601093000980,6.36,6.35,6.3510635285790125
20230601093000990,6.36,6.35,6.3510635285790125
20230601093001000,6.36,6.35,6.3510635285790125
20230601093001010,6.36,6.35,6.351077738515901
20230601093001020,6.36,6.35,6.3510903974674635
20230601093001030,6.36,6.35,6.351106039325843
20230601093001040,6.36,6.35,6.3511169559880765
20230601093001050,6.36,6.35,6.351113052594793
20230601093001060,6.36,6.35,6.3511128581411604
20230601093001070,6.36,6.35,6.3511128581411604
20230601093001080,6.36,6.35,6.3511128581411604
20230601093001100,6.35,6.34,6.350919205751455
20230601093001110,6.35,6.34,6.350833899456521
20230601093001120,6.35,6.34,6.350833899456521
20230601093001130,6.35,6.34,6.350833899456521
20230601093001140,6.35,6.34,6.350833899456521
20230601093001150,6.35,6.34,6.350832485588335
20230601093001160,6.35,6.34,6.350828813559322
20230601093001180,6.35,6.34,6.350823310181264
20230601093001210,6.35,6.34,6.350823310181264
20230601093001220,6.35,6.34,6.350822613405552
20230601093001230,6.35,6.34,6.350822613405552
20230601093001240,6.35,6.34,6.350822613405552
20230601093001250,6.35,6.34,6.3508184573930615
20230601093001260,6.35,6.34,6.3508184573930615
20230601093001280,6.35,6.34,6.3508184573930615
20230601093001290,6.35,6.34,6.35081299444538
20230601093001310,6.35,6.34,6.350811764705882
20230601093001320,6.35,6.34,6.350811764705882
20230601093001340,6.35,6.34,6.350811764705882
20230601093001350,6.35,6.34,6.350809723386421
20230601093001360,6.35,6.34,6.350809723386421
20230601093001370,6.35,6.34,6.350809587663426
20230601093001380,6.35,6.34,6.350809587663426
20230601093001390,6.35,6.34,6.3508077761018935
20230601093001400,6.35,6.34,6.3508077761018935
20230601093001410,6.35,6.34,6.3508077761018935
20230601093001420,6.35,6.34,6.3508077761018935
20230601093001430,6.35,6.34,6.3508077761018935
20230601093001450,6.35,6.34,6.350800535923631
20230601093001470,6.35,6.34,6.350800535923631
20230601093001480,6.35,6.34,6.350799732307178
20230601093001490,6.35,6.34,6.350799732307178
20230601093001500,6.35,6.34,6.350790705449683
20230601093001510,6.35,6.34,6.350790705449683
20230601093001520,6.35,6.34,6.350790705449683
20230601093001530,6.35,6.34,6.35079044117647
20230601093001550,6.35,6.34,6.350789781265654
20230601093001560,6.35,6.34,6.350782579676289
20230601093001570,6.35,6.34,6.350775387693847
20230601093001600,6.35,6.34,6.350775387693847
20230601093001620,6.35,6.34,6.350772040511373
20230601093001640,6.35,6.34,6.350766677729838
20230601093001650,6.35,6.34,6.350699208443272
20230601093001670,6.35,6.34,6.350699208443272
20230601093001680,6.35,6.34,6.350699208443272
20230601093001690,6.35,6.34,6.350682790391576
20230601093001700,6.35,6.34,6.350682790391576
20230601093001720,6.35,6.34,6.350682790391576
20230601093001730,6.35,6.34,6.350682790391576
20230601093001740,6.35,6.34,6.350681892868879
20230601093001750,6.35,6.34,6.350681892868879
20230601093001760,6.35,6.34,6.350681892868879
20230601093001770,6.35,6.34,6.350681333114431
20230601093001780,6.35,6.34,6.350680439416298
20230601093001800,6.35,6.34,6.350678659035159
20230601093001810,6.35,6.34,6.350678659035159
20230601093001820,6.35,6.34,6.350678659035159
20230601093001830,6.35,6.34,6.350678104575163
20230601093001840,6.35,6.34,6.350678104575163
20230601093001850,6.35,6.34,6.350678104575163
20230601093001870,6.35,6.34,6.350678104575163
20230601093001880,6.35,6.34,6.350678104575163
20230601093001900,6.35,6.34,6.350678104575163
20230601093001920,6.35,6.34,6.350678104575163
20230601093001940,6.35,6.34,6.350678104575163
20230601093001960,6.35,6.34,6.350673186634067
20230601093001970,6.35,6.34,6.350673186634067
20230601093001980,6.35,6.34,6.350673186634067
20230601093002010,6.35,6.34,6.350673186634067
20230601093002020,6.35,6.34,6.350671447196871
20230601093002030,6.35,6.34,6.350671447196871
20230601093002040,6.35,6.34,6.350671447196871
20230601093002050,6.35,6.34,6.350671447196871
20230601093002060,6.35,6.34,6.350671447196871
20230601093002080,6.35,6.34,6.350671447196871
20230601093002090,6.35,6.34,6.350671447196871
20230601093002100,6.35,6.34,6.350671447196871
20230601093002110,6.35,6.34,6.350671447196871
20230601093002120,6.35,6.34,6.350671447196871
20230601093002140,6.35,6.34,6.350671447196871
20230601093002150,6.35,6.34,6.350671447196871
20230601093002160,6.35,6.34,6.350666127728375
20230601093002170,6.35,6.34,6.350666127728375
20230601093002190,6.35,6.34,6.350666127728375
20230601093002200,6.35,6.34,6.35066355290707
20230601093002210,6.35,6.34,6.35066355290707
20230601093002220,6.35,6.34,6.350648118366034
20230601093002230,6.35,6.34,6.3506479099678455
20230601093002240,6.35,6.34,6.3506479099678455
20230601093002260,6.35,6.34,6.3506479099678455
20230601093002270,6.35,6.34,6.3506479099678455
20230601093002290,6.35,6.34,6.3506479099678455
20230601093002300,6.35,6.34,6.350612081397212
20230601093002310,6.35,6.34,6.350612081397212
20230601093002320,6.35,6.34,6.350612081397212
20230601093002330,6.35,6.34,6.350612081397212
20230601093002340,6.35,6.34,6.350534436138062
20230601093002350,6.35,6.34,6.350534436138062
20230601093002360,6.35,6.34,6.350534436138062
20230601093002370,6.35,6.34,6.350534436138062
20230601093002380,6.35,6.34,6.350534436138062
20230601093002390,6.35,6.34,6.350530219346694
20230601093002400,6.35,6.34,6.350529717799149
20230601093002410,6.35,6.34,6.350529717799149
20230601093002420,6.35,6.34,6.350529717799149
20230601093002430,6.35,6.34,6.350529717799149
20230601093002440,6.35,6.34,6.3504801506354935
20230601093002450,6.35,6.34,6.3504801506354935
20230601093002460,6.35,6.34,6.3504801506354935
20230601093002470,6.35,6.34,6.3504801506354935
20230601093002480,6.35,6.34,6.35048
20230601093002490,6.35,6.34,6.35048
20230601093002500,6.35,6.34,6.35048
20230601093002510,6.35,6.34,6.35048
20230601093002520,6.35,6.34,6.35047775175644
20230601093002530,6.35,6.34,6.35047775175644
20230601093002540,6.35,6.34,6.350475524475525
20230601093002560,6.35,6.34,6.350475524475525
20230601093002580,6.35,6.34,6.3504718581341555
20230601093002590,6.35,6.34,6.3504718581341555
20230601093002600,6.35,6.34,6.3504718581341555
20230601093002610,6.35,6.34,6.3504718581341555
20230601093002620,6.35,6.34,6.3504718581341555
20230601093002630,6.35,6.34,6.3504717126560815
20230601093002640,6.35,6.34,6.3504717126560815
20230601093002660,6.35,6.34,6.3504717126560815
20230601093002690,6.35,6.34,6.3504717126560815
20230601093002710,6.35,6.34,6.3504717126560815
20230601093002750,6.35,6.34,6.3504717126560815
20230601093002770,6.35,6.34,6.3504717126560815
20230601093002790,6.35,6.34,6.3504717126560815
20230601093002800,6.35,6.34,6.3504717126560815
20230601093002810,6.35,6.34,6.350470262793914
20230601093002830,6.35,6.34,6.350470262793914
20230601093002840,6.35,6.34,6.350468821817068
20230601093002850,6.35,6.34,6.350468821817068
20230601093002860,6.35,6.34,6.350468821817068
20230601093002870,6.35,6.34,6.350468821817068
20230601093002880,6.35,6.34,6.350468821817068
20230601093002890,6.35,6.34,6.350468821817068
20230601093002910,6.35,6.34,6.350468821817068
20230601093002930,6.35,6.34,6.350467746866402
20230601093002940,6.35,6.34,6.350467746866402
20230601093002950,6.35,6.34,6.350467746866402
20230601093002970,6.35,6.34,6.350467746866402
20230601093003000,6.35,6.34,6.350467746866402
20230601093003020,6.35,6.34,6.350464199029126
20230601093003040,6.35,6.34,6.350463145149084
20230601093003050,6.35,6.32,6.349954398352456
20230601093003060,6.35,6.32,6.349954398352456
20230601093003070,6.35,6.32,6.349954398352456
20230601093003080,6.35,6.32,6.349954398352456
20230601093003090,6.35,6.32,6.3499544050595675
20230601093003100,6.35,6.32,6.3499544050595675
20230601093003110,6.35,6.32,6.3499544050595675
20230601093003120,6.35,6.32,6.3499544050595675
20230601093003130,6.35,6.32,6.3499544050595675
20230601093003140,6.35,6.32,6.349942932396839
20230601093003150,6.35,6.32,6.349942932396839
20230601093003160,6.35,6.32,6.349942932396839
20230601093003200,6.35,6.32,6.349942932396839
20230601093003210,6.34,6.32,6.349942932396839
20230601093003250,6.33,6.32,6.349832654249127
20230601093003260,6.33,6.32,6.349832654249127
20230601093003280,6.33,6.32,6.349746450304259
20230601093003330,6.33,6.32,6.349746450304259
20230601093003350,6.33,6.32,6.349746450304259
20230601093003360,6.33,6.32,6.349746450304259
20230601093003380,6.33,6.32,6.349726443768997
20230601093003400,6.33,6.32,6.349726443768997
20230601093003410,6.33,6.32,6.349726443768997
20230601093003430,6.33,6.32,6.349726443768997
20230601093003440,6.33,6.32,6.349726443768997
20230601093003450,6.33,6.32,6.349675184062365
20230601093003470,6.33,6.32,6.349675184062365
20230601093003510,6.33,6.32,6.349675184062365
20230601093003540,6.33,6.32,6.349675184062365
20230601093003570,6.33,6.32,6.349669504979073
20230601093003580,6.33,6.32,6.349669504979073
20230601093003610,6.33,6.32,6.349669504979073
20230601093003620,6.33,6.32,6.349593156986774
20230601093003630,6.33,6.32,6.349579083465019
20230601093003700,6.33,6.32,6.349579083465019
20230601093003710,6.33,6.32,6.349579083465019
20230601093003720,6.35,6.32,6.349538748030368
20230601093003770,6.35,6.32,6.349454363662334
20230601093003810,6.35,6.32,6.349454363662334
20230601093003820,6.35,6.32,6.349454363662334
20230601093003840,6.35,6.32,6.349454363662334
20230601093003850,6.35,6.32,6.349454441588118
20230601093003920,6.35,6.32,6.349454441588118
20230601093003930,6.35,6.32,6.349441827266238
20230601093003970,6.35,6.32,6.349441827266238
20230601093003980,6.35,6.32,6.349441827266238
20230601093004000,6.35,6.32,6.349441827266238
20230601093004010,6.35,6.32,6.349442463995437
20230601093004020,6.35,6.32,6.349442463995437
20230601093004050,6.35,6.32,6.349443416370106
20230601093004070,6.35,6.32,6.34944420753376
20230601093004080,6.35,6.32,6.3494448388470826
20230601093004100,6.35,6.32,6.349444917660421
20230601093004110,6.35,6.32,6.349444917660421
20230601093004120,6.35,6.32,6.349390675924614
20230601093004260,6.35,6.32,6.349390675924614
20230601093004330,6.35,6.32,6.349391107335032
20230601093004380,6.35,6.32,6.349391107335032
20230601093004400,6.35,6.32,6.349391107335032
20230601093004410,6.35,6.32,6.3493970835670215
20230601093004440,6.35,6.32,6.349401280980229
20230601093004450,6.35,6.34,6.349401280980229
20230601093004470,6.35,6.34,6.349401280980229
20230601093004530,6.35,6.34,6.349401280980229
20230601093004550,6.35,6.34,6.349388209121246
20230601093004580,6.35,6.34,6.349388209121246
20230601093004600,6.35,6.32,6.349377777777778
20230601093004610,6.35,6.32,6.349348308374931
20230601093004630,6.35,6.32,6.349348308374931
20230601093004660,6.35,6.32,6.349348308374931
20230601093004670,6.35,6.32,6.349348308374931
20230601093004720,6.35,6.32,6.349348308374931
20230601093004800,6.35,6.32,6.349349480968858
20230601093004850,6.35,6.32,6.349349480968858
20230601093004880,6.35,6.32,6.349349480968858
20230601093004900,6.35,6.32,6.349349480968858
20230601093004910,6.35,6.32,6.349351276742581
20230601093004970,6.35,6.32,6.349351276742581
20230601093004990,6.35,6.32,6.349351276742581
20230601093005020,6.35,6.32,6.349351276742581
20230601093005030,6.35,6.32,6.349351276742581
20230601093005040,6.35,6.32,6.349351276742581
20230601093005080,6.35,6.32,6.349351366271046
20230601093005160,6.35,6.32,6.349351366271046
20230601093005220,6.35,6.32,6.349351366271046
20230601093005280,6.35,6.32,6.349351366271046
20230601093005300,6.35,6.32,6.349249828884326
20230601093005350,6.35,6.32,6.349249828884326
20230601093005750,6.35,6.32,6.349249828884326
20230601093005850,6.35,6.32,6.349249828884326
20230601093005900,6.35,6.32,6.349249828884326
20230601093006050,6.34,6.32,6.349249828884326
20230601093006280,6.34,6.32,6.349249828884326
20230601093006400,6.34,6.32,6.349249828884326
20230601093006410,6.34,6.32,6.349249828884326
20230601093006620,6.34,6.32,6.349249828884326
20230601093006650,6.34,6.32,6.349249828884326
20230601093006720,6.34,6.32,6.349249828884326
20230601093006730,6.34,6.33,6.349249828884326
20230601093006930,6.34,6.33,6.349249828884326
20230601093007000,6.34,6.33,6.349249828884326
20230601093007100,6.32,6.31,6.348762595727529
20230601093007110,6.32,6.31,6.348762595727529
20230601093007150,6.32,6.31,6.348762595727529
20230601093007200,6.32,6.31,6.348762595727529
20230601093007270,6.32,6.31,6.348727516778523
20230601093007340,6.32,6.31,6.348727516778523
20230601093007480,6.32,6.31,6.348727516778523
20230601093007500,6.32,6.31,6.348727516778523
20230601093007520,6.32,6.31,6.348727516778523
20230601093007710,6.32,6.31,6.348727516778523
20230601093007750,6.32,6.31,6.34857028434121
20230601093007760,6.32,6.31,6.348482832046846
20230601093007940,6.32,6.31,6.348482832046846
20230601093008000,6.32,6.31,6.348482832046846
20230601093008060,6.32,6.31,6.348482832046846
20230601093008210,6.32,6.31,6.3484521276595745
20230601093008400,6.32,6.31,6.348427622841966
20230601093008430,6.32,6.31,6.34842517593945
20230601093008480,6.32,6.31,6.34842517593945
20230601093008580,6.32,6.31,6.34842517593945
20230601093008610,6.32,6.31,6.34842517593945
20230601093008960,6.32,6.31,6.34841783912928
20230601093009110,6.32,6.31,6.34841783912928
20230601093009370,6.32,6.31,6.348413161735438
20230601093009490,6.32,6.31,6.348413161735438
20230601093009510,6.32,6.31,6.348413161735438
20230601093009610,6.32,6.31,6.348413161735438
20230601093009820,6.32,6.31,6.348413161735438
20230601093009870,6.32,6.31,6.348413161735438
20230601093010080,6.32,6.31,6.348413161735438
20230601093010090,6.32,6.31,6.348377518557794
20230601093010100,6.32,6.31,6.348357180710122
20230601093010140,6.32,6.31,6.348357180710122
20230601093010190,6.32,6.31,6.348357180710122
20230601093010500,6.32,6.31,6.348357180710122
20230601093010550,6.32,6.31,6.348357180710122
20230601093010590,6.32,6.31,6.348357180710122
20230601093010610,6.32,6.31,6.348357180710122
20230601093010690,6.32,6.31,6.348357180710122
20230601093010890,6.32,6.31,6.348336861603599
20230601093010910,6.32,6.31,6.348336861603599
20230601093011000,6.32,6.31,6.348336861603599
20230601093011190,6.32,6.31,6.3483317899193015
20230601093011210,6.32,6.31,6.348321650575321
20230601093011250,6.32,6.31,6.348318350079323
20230601093011430,6.32,6.33,6.348318350079323
20230601093011450,6.32,6.33,6.348315928618638
20230601093011490,6.32,6.33,6.348313507798044
20230601093011510,6.32,6.33,6.348311087617286
20230601093011860,6.32,6.33,6.348311087617286
20230601093011990,6.32,6.33,6.348311087617286
20230601093012060,6.32,6.33,6.348311087617286
20230601093012110,6.32,6.33,6.348311087617286
20230601093012710,6.32,6.33,6.348311087617286
20230601093012720,6.32,6.33,6.348311087617286
20230601093012810,6.32,6.33,6.34830866807611
20230601093012870,6.32,6.33,6.34830866807611
20230601093013000,6.32,6.33,6.34830866807611
20230601093013080,6.32,6.33,6.3482349072734445
20230601093013100,6.32,6.33,6.3482325092056815
20230601093013120,6.32,6.33,6.3482325092056815
20230601093013170,6.32,6.33,6.3482325092056815
20230601093013190,6.32,6.33,6.348213347346295
20230601093013200,6.32,6.33,6.348189214013909
20230601093013210,6.32,6.33,6.348189214013909
20230601093013450,6.32,6.33,6.348189214013909
20230601093013750,6.32,6.33,6.348189214013909
20230601093013810,6.32,6.32,6.348182056663169
20230601093014100,6.32,6.32,6.348182056663169
20230601093014180,6.32,6.32,6.348182056663169
20230601093014190,6.32,6.32,6.348182056663169
20230601093014240,6.32,6.32,6.348182056663169
20230601093014400,6.32,6.32,6.348182056663169
20230601093014410,6.32,6.32,6.348182056663169
20230601093014450,6.32,6.32,6.348182056663169
20230601093014700,6.32,6.32,6.348182056663169
20230601093014720,6.32,6.32,6.348182056663169
20230601093014730,6.32,6.32,6.348182056663169
20230601093014800,6.32,6.32,6.348182056663169
20230601093014820,6.32,6.32,6.348182056663169
20230601093014830,6.32,6.31,6.34816037735849
20230601093014950,6.32,6.31,6.34816037735849
20230601093015020,6.32,6.31,6.34816037735849
20230601093015230,6.32,6.31,6.348149312377211
20230601093015330,6.32,6.31,6.348149312377211
20230601093015340,6.32,6.31,6.348149312377211
20230601093015520,6.32,6.31,6.348149312377211
20230601093015690,6.32,6.31,6.348149312377211
20230601093015800,6.32,6.31,6.348149312377211
20230601093015810,6.32,6.31,6.348149312377211
20230601093016020,6.32,6.31,6.348149312377211
20230601093016090,6.32,6.31,6.34813932172319
20230601093016130,6.32,6.31,6.34813932172319
20230601093016260,6.32,6.31,6.34813932172319
20230601093016370,6.32,6.31,6.34803970223325
20230601093016470,6.32,6.31,6.34803970223325
20230601093016710,6.32,6.31,6.34803970223325
20230601093016890,6.32,6.31,6.34803970223325
20230601093017160,6.32,6.31,6.34803970223325
20230601093017440,6.32,6.31,6.34803970223325
20230601093017520,6.32,6.31,6.34803970223325
20230601093017830,6.32,6.31,6.34803970223325
20230601093017840,6.32,6.31,6.34803970223325
20230601093018100,6.32,6.31,6.34803970223325
20230601093018350,6.32,6.31,6.34803970223325
20230601093019080,6.32,6.31,6.348029768899334
20230601093019130,6.32,6.31,6.348029768899334
20230601093019140,6.32,6.31,6.348029768899334
20230601093019150,6.32,6.31,6.348029768899334
20230601093019160,6.32,6.31,6.348029768899334
20230601093019170,6.32,6.31,6.348029768899334
20230601093019200,6.32,6.31,6.348029768899334
20230601093019210,6.32,6.31,6.348029768899334
20230601093019240,6.32,6.31,6.348029768899334
20230601093019260,6.32,6.31,6.348029768899334
20230601093019280,6.32,6.31,6.348007567849687
20230601093019390,6.32,6.31,6.348007567849687
20230601093019480,6.32,6.31,6.348007567849687
20230601093019520,6.32,6.31,6.348007567849687
20230601093019900,6.32,6.31,6.348007567849687
20230601093020120,6.32,6.31,6.347881939929788
20230601093020130,6.32,6.31,6.347881939929788
20230601093020150,6.32,6.31,6.347877015080603
20230601093020190,6.32,6.31,6.347877015080603
20230601093020300,6.32,6.31,6.347700569358178
20230601093020390,6.32,6.32,6.347700569358178
20230601093020400,6.32,6.32,6.347700569358178
20230601093020420,6.32,6.32,6.347700569358178
20230601093020600,6.32,6.32,6.347700569358178
20230601093020880,6.32,6.32,6.347632631986575
20230601093020910,6.32,6.32,6.347632631986575
20230601093021230,6.32,6.32,6.347632631986575
20230601093021390,6.32,6.32,6.347614442295293
20230601093021410,6.32,6.32,6.3475930936734954
20230601093021650,6.32,6.32,6.3475930936734954
20230601093021690,6.32,6.32,6.3475930936734954
20230601093021710,6.32,6.32,6.3475930936734954
20230601093021830,6.32,6.32,6.3475930936734954
20230601093021880,6.32,6.32,6.3475930936734954
20230601093022070,6.32,6.32,6.347585984799691
20230601093022080,6.32,6.32,6.347462169787125
20230601093022100,6.32,6.32,6.3474516087681065
20230601093022140,6.32,6.32,6.347448090233273
20230601093022190,6.32,6.32,6.347377908463309
20230601093022230,6.32,6.32,6.347363915154613
20230601093022240,6.32,6.32,6.347297606924643
20230601093022510,6.32,6.32,6.347297606924643
20230601093022520,6.32,6.32,6.347297606924643
20230601093022920,6.32,6.32,6.347297606924643
20230601093022950,6.32,6.32,6.347297606924643
20230601093023160,6.32,6.32,6.347297606924643
20230601093023170,6.32,6.32,6.347290659200814
20230601093023270,6.32,6.32,6.347290659200814
20230601093023290,6.32,6.32,6.347283715012723
20230601093023580,6.32,6.32,6.347283715012723
20230601093023600,6.32,6.32,6.347277120691848
20230601093023770,6.32,6.32,6.347277120691848
20230601093023820,6.32,6.32,6.347277120691848
20230601093023860,6.32,6.32,6.347277120691848
20230601093024020,6.32,6.32,6.347277120691848
20230601093024240,6.32,6.32,6.347277120691848
20230601093024310,6.32,6.32,6.347277120691848
20230601093024350,6.32,6.32,6.347244224422442
20230601093024360,6.32,6.32,6.347244224422442
20230601093024470,6.32,6.32,6.347144119131752
20230601093024770,6.32,6.32,6.347144119131752
20230601093024870,6.32,6.32,6.347144119131752
20230601093025000,6.32,6.32,6.347126828038326
20230601093025010,6.32,6.32,6.347126828038326
20230601093025100,6.32,6.32,6.347126828038326
20230601093025110,6.32,6.32,6.347126828038326
20230601093025130,6.32,6.32,6.347123408546578
20230601093025400,6.32,6.32,6.347106324011086
20230601093025420,6.32,6.32,6.347079033475962
20230601093025660,6.32,6.32,6.347079033475962
20230601093025740,6.32,6.32,6.347079033475962
20230601093025800,6.33,6.32,6.347040431943747
20230601093026130,6.33,6.32,6.347040431943747
20230601093026210,6.33,6.32,6.347040431943747
20230601093026250,6.33,6.32,6.347040431943747
20230601093026270,6.33,6.32,6.347040431943747
20230601093026300,6.33,6.32,6.347040431943747
20230601093026430,6.33,6.32,6.347040431943747
20230601093026800,6.33,6.32,6.347037037037037
20230601093026830,6.33,6.32,6.347037037037037
20230601093026840,6.33,6.32,6.347030249780344
20230601093027040,6.34,6.32,6.346962120265033
20230601093027080,6.34,6.32,6.346962120265033
20230601093027170,6.34,6.32,6.346953642384106
20230601093027210,6.34,6.32,6.346930087390762
20230601093027220,6.34,6.32,6.346926725752091
20230601093027480,6.34,6.32,6.346926725752091
20230601093027710,6.34,6.32,6.346926725752091
20230601093027820,6.33,6.32,6.346926725752091
20230601093027840,6.33,6.32,6.346926725752091
20230601093027890,6.33,6.32,6.346926725752091
20230601093027900,6.33,6.32,6.346869706028899
20230601093027910,6.33,6.32,6.346866359447005
20230601093027920,6.33,6.32,6.346846297448662
20230601093027940,6.33,6.32,6.346846297448662
20230601093028080,6.33,6.32,6.346839616772428
20230601093028100,6.34,6.33,6.346824962705122
20230601093028120,6.34,6.33,6.346820780512056
20230601093028130,6.34,6.33,6.346820780512056
20230601093028210,6.34,6.33,6.346820780512056
20230601093028220,6.34,6.33,6.346820780512056
20230601093028340,6.34,6.33,6.346818690195104
20230601093028500,6.34,6.33,6.346818690195104
20230601093028870,6.34,6.33,6.346818690195104
20230601093028940,6.34,6.33,6.346797815564106
20230601093029080,6.34,6.33,6.346797815564106
20230601093029140,6.34,6.33,6.346789036338832
20230601093029220,6.34,6.33,6.346789036338832
20230601093029300,6.34,6.33,6.346789036338832
20230601093029370,6.34,6.33,6.346789036338832
20230601093029840,6.34,6.33,6.346789036338832
20230601093029880,6.34,6.33,6.346789036338832
20230601093029910,6.34,6.33,6.346789036338832
20230601093029950,6.34,6.33,6.346789036338832
20230601093030320,6.34,6.33,6.346789036338832
20230601093030330,6.34,6.33,6.346786954365079
20230601093030340,6.34,6.33,6.3467827919662785
20230601093030500,6.34,6.33,6.3467827919662785
20230601093030550,6.34,6.33,6.3467827919662785
20230601093030620,6.34,6.33,6.346767689262741
20230601093030640,6.34,6.33,6.346755654430849
20230601093030660,6.34,6.33,6.346755654430849
20230601093030860,6.34,6.33,6.346755654430849
20230601093030900,6.34,6.33,6.346755654430849
20230601093030920,6.34,6.33,6.346755654430849
20230601093031070,6.34,6.33,6.346751513653775
20230601093031080,6.34,6.33,6.346701983491438
20230601093031090,6.34,6.33,6.346697869195713
20230601093031100,6.34,6.33,6.346697869195713
20230601093031110,6.34,6.33,6.346697869195713
20230601093031120,6.34,6.33,6.346697869195713
20230601093031230,6.34,6.33,6.346697869195713
20230601093031240,6.34,6.33,6.346697869195713
20230601093031310,6.34,6.33,6.346691701551342
20230601093031520,6.34,6.33,6.346691701551342
20230601093032540,6.34,6.33,6.346691701551342
20230601093032790,6.34,6.33,6.346691701551342
20230601093033020,6.34,6.33,6.34668964668226
20230601093033280,6.34,6.33,6.346681421369729
20230601093033330,6.34,6.33,6.346681421369729
20230601093033620,6.34,6.33,6.346681421369729
20230601093033690,6.34,6.33,6.346681421369729
20230601093034100,6.33,6.33,6.346681421369729
20230601093034120,6.33,6.33,6.346681421369729
20230601093034130,6.33,6.33,6.346681421369729
20230601093034280,6.33,6.33,6.346681421369729
20230601093034500,6.33,6.33,6.346681421369729
20230601093034660,6.33,6.33,6.346681421369729
20230601093035030,6.34,6.33,6.346674035863424
20230601093035060,6.34,6.33,6.346674035863424
20230601093035180,6.34,6.33,6.346674035863424
20230601093035480,6.34,6.33,6.346674035863424
20230601093035490,6.34,6.33,6.346674035863424
20230601093035620,6.34,6.33,6.346674035863424
20230601093035770,6.34,6.33,6.346674035863424
20230601093035800,6.34,6.33,6.346674035863424
20230601093035970,6.34,6.33,6.346674035863424
20230601093036030,6.34,6.33,6.346593059936908
20230601093036050,6.34,6.33,6.3465809893307465
20230601093036360,6.34,6.33,6.3465809893307465
20230601093036490,6.34,6.33,6.3465809893307465
20230601093036520,6.34,6.33,6.3465809893307465
20230601093036630,6.34,6.33,6.3465809893307465
20230601093036990,6.34,6.33,6.346574612403101
20230601093037100,6.34,6.33,6.346572605062371
20230601093037190,6.34,6.33,6.346572605062371
20230601093037280,6.34,6.33,6.346572605062371
20230601093037510,6.34,6.33,6.346572605062371
20230601093037630,6.34,6.33,6.346572605062371
20230601093037660,6.34,6.33,6.346572605062371
20230601093037800,6.34,6.33,6.346572605062371
20230601093038040,6.34,6.33,6.346572605062371
20230601093038160,6.34,6.33,6.346568591839206
20230601093038220,6.34,6.33,6.346548554843391
20230601093038370,6.34,6.33,6.346548554843391
20230601093038790,6.34,6.33,6.346548554843391
20230601093038990,6.34,6.33,6.346548554843391
20230601093039090,6.34,6.33,6.346548554843391
20230601093039120,6.34,6.33,6.346546179883946
20230601093039420,6.34,6.33,6.346520168573148
20230601093039440,6.34,6.33,6.346520168573148
20230601093040110,6.34,6.33,6.346508719182201
20230601093040120,6.34,6.33,6.346500781343911
20230601093040330,6.34,6.33,6.346500781343911
20230601093040340,6.34,6.33,6.346500781343911
20230601093040350,6.34,6.33,6.346500781343911
20230601093040390,6.34,6.33,6.346488302339532
20230601093040530,6.34,6.33,6.346476646706587
20230601093040550,6.34,6.33,6.346476646706587
20230601093040700,6.34,6.33,6.346467352308061
20230601093040760,6.34,6.33,6.346467352308061
20230601093040770,6.34,6.33,6.346467352308061
20230601093040850,6.34,6.33,6.346467352308061
20230601093040930,6.34,6.33,6.346467352308061
20230601093041350,6.34,6.33,6.346467352308061
20230601093041380,6.34,6.33,6.346467352308061
20230601093041440,6.34,6.33,6.346467352308061
20230601093041550,6.34,6.33,6.346453578683236
20230601093041710,6.34,6.33,6.346453578683236
20230601093041800,6.34,6.33,6.346453578683236
20230601093042050,6.34,6.33,6.34645049564075
20230601093042270,6.34,6.33,6.346433591423466
20230601093042530,6.34,6.33,6.346433591423466
20230601093042590,6.34,6.33,6.346433591423466
20230601093042630,6.34,6.33,6.346433591423466
20230601093042930,6.34,6.33,6.346433591423466
20230601093042950,6.34,6.33,6.346433591423466
20230601093043090,6.34,6.33,6.346427720885925
20230601093043110,6.35,6.33,6.3463949768984715
20230601093043140,6.34,6.33,6.3463949768984715
20230601093043270,6.34,6.33,6.3463949768984715
20230601093043330,6.34,6.33,6.346393034825871
20230601093043390,6.34,6.33,6.346393034825871
20230601093044160,6.34,6.33,6.346393034825871
20230601093044530,6.34,6.33,6.346390763765542
20230601093044570,6.34,6.33,6.346388494318182
20230601093044580,6.34,6.33,6.346388494318182
20230601093044620,6.34,6.33,6.346388494318182
20230601093044810,6.34,6.33,6.346388494318182
20230601093044850,6.34,6.33,6.346388494318182
20230601093044860,6.34,6.33,6.346388494318182
20230601093044970,6.34,6.33,6.346388494318182
20230601093045330,6.34,6.33,6.346388494318182
20230601093045340,6.34,6.33,6.346388494318182
20230601093045510,6.34,6.33,6.346384715485627
20230601093045610,6.34,6.33,6.346384715485627
20230601093045740,6.34,6.33,6.346380941120833
20230601093045890,6.34,6.33,6.346380941120833
20230601093046070,6.34,6.33,6.346309593878752
20230601093046110,6.34,6.33,6.3463038361967525
20230601093046120,6.34,6.33,6.346301917872691
20230601093046130,6.34,6.33,6.346301917872691
20230601093046200,6.34,6.33,6.346301917872691
20230601093046380,6.34,6.33,6.346301917872691
20230601093046610,6.34,6.33,6.346277020676692
20230601093046670,6.34,6.33,6.346277020676692
20230601093046920,6.34,6.33,6.346277020676692
20230601093047180,6.34,6.33,6.34627319708715
20230601093047190,6.34,6.33,6.3462693752935655
20230601093047580,6.34,6.33,6.346262022050199
20230601093047780,6.34,6.33,6.346262022050199
20230601093047870,6.34,6.33,6.346262022050199
20230601093048010,6.34,6.33,6.346262022050199
20230601093048020,6.34,6.33,6.346262022050199
20230601093048070,6.34,6.33,6.346262022050199
20230601093048230,6.34,6.33,6.346262022050199
20230601093048270,6.34,6.33,6.346262022050199
20230601093048280,6.34,6.33,6.3462543962485345
20230601093048320,6.34,6.33,6.346210710128056
20230601093048330,6.34,6.33,6.346210710128056
20230601093048350,6.34,6.33,6.346210710128056
20230601093048510,6.34,6.33,6.346210710128056
20230601093048540,6.34,6.33,6.346210710128056
20230601093048740,6.34,6.33,6.346203488372093
20230601093048990,6.34,6.33,6.346197723048327
20230601093049060,6.34,6.33,6.346192079897805
20230601093049100,6.34,6.33,6.346177050701938
20230601093049170,6.34,6.33,6.346177050701938
20230601093049410,6.34,6.33,6.346165797101449
20230601093049890,6.34,6.33,6.346165797101449
20230601093049910,6.34,6.33,6.346165797101449
20230601093049920,6.34,6.33,6.346165797101449
20230601093050100,6.34,6.33,6.346163653222067
20230601093050280,6.34,6.33,6.346163653222067
20230601093050300,6.34,6.33,6.346163653222067
20230601093050470,6.35,6.34,6.346041122344655
20230601093050480,6.35,6.33,6.346024014499321
20230601093050530,6.34,6.33,6.346024014499321
20230601093050570,6.34,6.33,6.346024014499321
20230601093050780,6.34,6.33,6.346024014499321
20230601093050900,6.34,6.33,6.346024014499321
20230601093050980,6.34,6.33,6.346024014499321
20230601093051160,6.34,6.33,6.346024014499321
20230601093051190,6.34,6.33,6.346024014499321
20230601093051350,6.34,6.33,6.346024014499321
20230601093051910,6.34,6.33,6.346013796223001
20230601093051920,6.34,6.33,6.346011985526911
20230601093051960,6.34,6.33,6.346011985526911
20230601093052060,6.34,6.33,6.346011985526911
20230601093052090,6.35,6.34,6.346005195391913
20230601093052100,6.35,6.34,6.346005195391913
20230601093052130,6.35,6.34,6.346004517221909
20230601093052150,6.35,6.34,6.345991661032229
20230601093052500,6.35,6.34,6.345991661032229
20230601093052530,6.34,6.33,6.345978187542164
20230601093052630,6.34,6.33,6.34597482863243
20230601093052670,6.34,6.33,6.34597482863243
20230601093052700,6.34,6.33,6.34597482863243
20230601093052710,6.34,6.33,6.34597482863243
20230601093052830,6.34,6.33,6.345944369672499
20230601093052860,6.34,6.33,6.345944369672499
20230601093053060,6.34,6.33,6.345944369672499
20230601093053190,6.34,6.33,6.345937219730942
20230601093053200,6.34,6.33,6.345921155784523
20230601093053670,6.34,6.33,6.345921155784523
20230601093053730,6.34,6.33,6.345921155784523
20230601093053740,6.34,6.33,6.34586961375307
20230601093053800,6.34,6.33,6.34586961375307
20230601093053930,6.34,6.33,6.34586961375307
20230601093053980,6.34,6.33,6.34586961375307
20230601093054000,6.34,6.33,6.34582862210398
20230601093054030,6.34,6.33,6.345817658774065
20230601093054100,6.34,6.33,6.345807377954495
20230601093054340,6.34,6.33,6.345807377954495
20230601093054370,6.34,6.33,6.345806095406361
20230601093054380,6.34,6.33,6.345783106027277
20230601093054440,6.34,6.33,6.345783106027277
20230601093054480,6.34,6.33,6.345783106027277
20230601093054570,6.34,6.33,6.345783106027277
20230601093054660,6.34,6.33,6.345783106027277
20230601093054730,6.34,6.33,6.345783106027277
20230601093054820,6.34,6.33,6.345783106027277
20230601093055000,6.34,6.33,6.345783106027277
20230601093055090,6.34,6.33,6.345777899945025
20230601093055110,6.34,6.33,6.34576230228471
20230601093055140,6.34,6.33,6.34576230228471
20230601093055150,6.34,6.33,6.34576230228471
20230601093055170,6.34,6.33,6.34576230228471
20230601093055190,6.34,6.33,6.34576230228471
20230601093055200,6.34,6.33,6.34576230228471
20230601093055240,6.34,6.33,6.3457536502360306
20230601093055260,6.34,6.33,6.3457536502360306
20230601093055270,6.34,6.33,6.3457536502360306
20230601093055300,6.34,6.33,6.3457536502360306
20230601093055480,6.34,6.33,6.345751755926251
20230601093055760,6.34,6.33,6.345745450559088
20230601093055930,6.34,6.33,6.345745450559088
20230601093056030,6.34,6.33,6.345745450559088
20230601093056050,6.34,6.33,6.345745450559088
20230601093056170,6.34,6.33,6.345745450559088
20230601093056190,6.34,6.33,6.345741999123192
20230601093056610,6.34,6.33,6.3456544959128065
20230601093056670,6.34,6.33,6.3456544959128065
20230601093056690,6.34,6.33,6.3456544959128065
20230601093056990,6.34,6.33,6.3456544959128065
20230601093057250,6.34,6.33,6.3456544959128065
20230601093057330,6.34,6.33,6.3456544959128065
20230601093057490,6.34,6.33,6.3456544959128065
20230601093057760,6.34,6.33,6.3456544959128065
20230601093057880,6.34,6.33,6.3456544959128065
20230601093057890,6.34,6.33,6.3456544959128065
20230601093057980,6.34,6.33,6.345650800566387
20230601093058020,6.34,6.33,6.345650800566387
20230601093058070,6.34,6.33,6.345635473340588
20230601093058100,6.34,6.33,6.345613386939042
20230601093058110,6.34,6.33,6.345611690569318
20230601093058130,6.34,6.33,6.345611080934275
20230601093058150,6.34,6.33,6.345611080934275
20230601093058170,6.34,6.33,6.345611080934275
20230601093058200,6.34,6.33,6.345611080934275
20230601093058350,6.34,6.33,6.345611080934275
20230601093058760,6.34,6.33,6.345611080934275
20230601093058820,6.34,6.33,6.345611080934275
20230601093058880,6.34,6.33,6.345609385183576
20230601093059040,6.34,6.33,6.345579083837511
20230601093059310,6.34,6.33,6.345568255337502
20230601093059360,6.34,6.33,6.345568255337502
20230601093059640,6.34,6.33,6.345568255337502
20230601093100030,6.34,6.33,6.345568255337502
20230601093100050,6.34,6.33,6.345566454672847
20230601093100130,6.34,6.33,6.345566454672847
20230601093100190,6.34,6.33,6.345566454672847
20230601093100300,6.34,6.33,6.345566454672847
20230601093100380,6.34,6.33,6.345565854710067
20230601093100550,6.34,6.33,6.345565854710067
20230601093100710,6.34,6.33,6.345565854710067
20230601093100740,6.34,6.33,6.345565854710067
20230601093100780,6.34,6.33,6.345565854710067
20230601093100880,6.34,6.33,6.345565854710067
20230601093101100,6.34,6.33,6.345557470645265
20230601093101110,6.34,6.33,6.345552444540168
20230601093101130,6.34,6.33,6.345550769893399
20230601093101220,6.34,6.33,6.345550769893399
20230601093101270,6.34,6.33,6.345550769893399
20230601093101290,6.34,6.33,6.345550769893399
20230601093101320,6.34,6.33,6.345550769893399
20230601093101340,6.34,6.33,6.345550769893399
20230601093101520,6.34,6.33,6.345550769893399
20230601093101640,6.34,6.33,6.345539057456423
20230601093101680,6.34,6.33,6.345525693399269
20230601093101700,6.34,6.33,6.345499034127495
20230601093102150,6.34,6.33,6.345465838509317
20230601093102180,6.34,6.33,6.345462526766595
20230601093102220,6.34,6.33,6.345460871427042
20230601093102290,6.34,6.33,6.345460871427042
20230601093102500,6.34,6.33,6.345460871427042
20230601093102520,6.34,6.33,6.345460871427042
20230601093102770,6.34,6.33,6.345460871427042
20230601093102870,6.34,6.33,6.345460871427042
20230601093102950,6.34,6.33,6.345460871427042
20230601093103060,6.34,6.33,6.345460871427042
20230601093103110,6.34,6.33,6.345460871427042
20230601093103130,6.34,6.33,6.345459216441875
20230601093103280,6.34,6.33,6.345459216441875
20230601093103460,6.34,6.33,6.345439384220654
20230601093103500,6.34,6.33,6.345439384220654
20230601093103610,6.34,6.33,6.345431835166008
20230601093103730,6.34,6.33,6.345431835166008
20230601093103750,6.34,6.33,6.345431835166008
20230601093103850,6.34,6.33,6.345431835166008
20230601093104050,6.34,6.33,6.345431835166008
20230601093104090,6.34,6.33,6.345420311499893
20230601093104110,6.34,6.33,6.345418666666666
20230601093104120,6.34,6.33,6.345407162651886
20230601093104140,6.34,6.33,6.345407162651886
20230601093104180,6.34,6.33,6.3454055206224025
20230601093104450,6.34,6.33,6.3454055206224025
20230601093105030,6.34,6.33,6.345397315722199
20230601093105040,6.34,6.33,6.345188609856047
20230601093105050,6.34,6.33,6.345174259920219
20230601093105060,6.34,6.33,6.345159937073938
20230601093105070,6.33,6.33,6.34514564124057
20230601093105080,6.33,6.33,6.345140881952446
20230601093105100,6.33,6.33,6.345140881952446
20230601093105110,6.33,6.33,6.345140881952446
20230601093105190,6.33,6.32,6.34510406861207
20230601093105200,6.33,6.32,6.34510406861207
20230601093105250,6.33,6.32,6.34510406861207
20230601093105280,6.33,6.32,6.34510406861207
20230601093105440,6.33,6.32,6.34510406861207
20230601093105470,6.33,6.32,6.345083559640694
20230601093105660,6.33,6.32,6.345083559640694
20230601093105710,6.33,6.32,6.345083559640694
20230601093105880,6.33,6.32,6.345083559640694
20230601093105980,6.33,6.32,6.345083559640694
20230601093106410,6.33,6.32,6.345083559640694
20230601093106510,6.33,6.32,6.345083559640694
20230601093106630,6.33,6.32,6.345083559640694
20230601093106700,6.33,6.32,6.345083559640694
20230601093106730,6.33,6.32,6.345083559640694
20230601093106750,6.33,6.32,6.345083559640694
20230601093106850,6.33,6.32,6.345083559640694
20230601093106910,6.33,6.32,6.345083559640694
20230601093106950,6.33,6.32,6.345083559640694
20230601093107030,6.33,6.32,6.345075686397328
20230601093107100,6.33,6.32,6.34502343994166
20230601093107110,6.33,6.32,6.34502343994166
20230601093107130,6.33,6.32,6.34502343994166
20230601093107190,6.33,6.32,6.34502343994166
20230601093107230,6.33,6.32,6.34502343994166
20230601093107250,6.33,6.32,6.345010412328197
20230601093107260,6.33,6.32,6.345010412328197
20230601093107440,6.33,6.32,6.345010412328197
20230601093107480,6.33,6.32,6.344992196441577
20230601093107500,6.33,6.32,6.344992196441577
20230601093107640,6.33,6.32,6.344992196441577
20230601093107650,6.33,6.32,6.344987518202621
20230601093107920,6.33,6.32,6.344987518202621
20230601093107960,6.33,6.32,6.344987518202621
20230601093107980,6.33,6.32,6.344987518202621
20230601093108220,6.33,6.32,6.3449797234064675
20230601093108260,6.33,6.32,6.3449797234064675
20230601093108360,6.33,6.32,6.344750669688852
20230601093108470,6.33,6.32,6.344750669688852
20230601093108630,6.33,6.32,6.344750669688852
20230601093108650,6.33,6.32,6.344750669688852
20230601093108850,6.33,6.32,6.344675071750718
20230601093108930,6.33,6.32,6.344675071750718
20230601093109010,6.33,6.32,6.344675071750718
20230601093109030,6.33,6.32,6.344675071750718
20230601093109170,6.33,6.32,6.344675071750718
20230601093109240,6.33,6.32,6.344675071750718
20230601093109290,6.33,6.32,6.344675071750718
20230601093109330,6.33,6.32,6.344675071750718
20230601093109400,6.33,6.32,6.344670014347202
20230601093109420,6.33,6.32,6.344670014347202
20230601093109450,6.33,6.32,6.344670014347202
20230601093109490,6.33,6.32,6.344670014347202
20230601093109510,6.33,6.32,6.344670014347202
20230601093109540,6.33,6.32,6.344670014347202
20230601093109760,6.33,6.32,6.344657379903718
20230601093109770,6.33,6.32,6.344649805447471
20230601093109780,6.33,6.32,6.344649805447471
20230601093109800,6.33,6.32,6.344649805447471
20230601093109930,6.33,6.32,6.344649805447471
20230601093110000,6.33,6.32,6.344649805447471
20230601093110010,6.33,6.32,6.3446220722102895
20230601093110070,6.33,6.32,6.344584354575163
20230601093110100,6.33,6.32,6.34454174737486
20230601093110110,6.33,6.32,6.34454174737486
20230601093110120,6.33,6.32,6.344531743605422
20230601093110130,6.33,6.32,6.344521747988184
20230601093110200,6.33,6.32,6.344521747988184
20230601093110210,6.33,6.32,6.344516753233527
20230601093110340,6.33,6.32,6.344516753233527
20230601093110490,6.33,6.32,6.3445042752443
20230601093110510,6.33,6.32,6.344501781170483
20230601093110520,6.33,6.32,6.34448850925361
20230601093110560,6.33,6.32,6.34448850925361
20230601093110710,6.33,6.32,6.34448850925361
20230601093110870,6.33,6.32,6.344473791141812
20230601093111050,6.33,6.32,6.344453917986196
20230601093111060,6.33,6.32,6.344453917986196
20230601093111130,6.33,6.32,6.344453917986196
20230601093111160,6.33,6.32,6.3444489547391925
20230601093111210,6.33,6.32,6.344443993506493
20230601093111270,6.33,6.32,6.344443993506493
20230601093111300,6.33,6.32,6.344443993506493
20230601093111330,6.33,6.32,6.344442528152582
20230601093111340,6.33,6.32,6.344441063095963
20230601093111360,6.33,6.32,6.344441063095963
20230601093111380,6.33,6.32,6.34441417721519
20230601093111400,6.33,6.32,6.34441417721519
20230601093111410,6.33,6.32,6.3444117051437825
20230601093111870,6.33,6.32,6.344399352292278
20230601093112270,6.33,6.32,6.344399352292278
20230601093112610,6.33,6.32,6.34439688322202
20230601093112850,6.33,6.32,6.344389602508344
20230601093112940,6.33,6.32,6.344389602508344
20230601093113060,6.33,6.32,6.344389602508344
20230601093113070,6.33,6.32,6.3443748104720505
20230601093113080,6.33,6.32,6.344369883779687
20230601093113100,6.33,6.32,6.344323179342344
20230601093113120,6.32,6.32,6.344323179342344
20230601093113160,6.32,6.32,6.344323179342344
20230601093113170,6.32,6.31,6.343528426445955
20230601093113180,6.32,6.31,6.343528426445955
20230601093113190,6.32,6.31,6.343528426445955
20230601093113220,6.32,6.31,6.343528426445955
20230601093113280,6.32,6.31,6.343528426445955
20230601093113300,6.32,6.31,6.343528426445955
20230601093113340,6.32,6.31,6.343528426445955
20230601093113400,6.32,6.31,6.343528426445955
20230601093113430,6.32,6.31,6.343454474020234
20230601093113500,6.32,6.31,6.343454474020234
20230601093113510,6.32,6.31,6.343454474020234
20230601093113550,6.32,6.31,6.343454474020234
20230601093113650,6.32,6.31,6.343454474020234
20230601093114120,6.32,6.31,6.343454474020234
20230601093114170,6.32,6.31,6.343454474020234
20230601093114380,6.32,6.31,6.343454474020234
20230601093114410,6.32,6.31,6.343454474020234
20230601093114430,6.32,6.31,6.343454474020234
20230601093114560,6.32,6.31,6.343454474020234
20230601093114670,6.32,6.31,6.343454474020234
20230601093115060,6.32,6.31,6.3434475648075415
20230601093115300,6.32,6.31,6.3434475648075415
20230601093115320,6.32,6.31,6.3434475648075415
20230601093115490,6.32,6.31,6.3434475648075415
20230601093115540,6.32,6.31,6.3434475648075415
20230601093115580,6.32,6.31,6.3434475648075415
20230601093115650,6.32,6.31,6.3434475648075415
20230601093115750,6.32,6.31,6.3434475648075415
20230601093115760,6.32,6.31,6.3434475648075415
20230601093115880,6.32,6.31,6.3434475648075415
20230601093116100,6.32,6.31,6.343402274063909
20230601093116110,6.32,6.31,6.343379371143109
20230601093116120,6.32,6.31,6.343356499608458
20230601093116170,6.32,6.31,6.343356499608458
20230601093116190,6.32,6.31,6.343356499608458
20230601093116230,6.32,6.31,6.343356499608458
20230601093116250,6.32,6.31,6.343333659395481
20230601093116260,6.32,6.31,6.343333659395481
20230601093116290,6.32,6.31,6.343333659395481
20230601093116380,6.32,6.31,6.343333659395481
20230601093116400,6.32,6.31,6.343333659395481
20230601093116740,6.32,6.31,6.343333659395481
20230601093116790,6.32,6.31,6.343333659395481
20230601093116880,6.32,6.31,6.343333659395481
20230601093116940,6.32,6.31,6.343333659395481
20230601093116980,6.33,6.31,6.343083156473085
20230601093117010,6.33,6.31,6.343083156473085
20230601093117040,6.33,6.31,6.343071807228916
20230601093117130,6.32,6.31,6.343071807228916
20230601093117140,6.32,6.31,6.343071807228916
20230601093117180,6.32,6.31,6.343059061566625
20230601093117210,6.32,6.31,6.343059061566625
20230601093117230,6.32,6.31,6.343059061566625
20230601093117380,6.32,6.31,6.342992602555481
20230601093117490,6.32,6.31,6.342992602555481
20230601093117550,6.32,6.31,6.342992602555481
20230601093117860,6.32,6.31,6.342992602555481
20230601093117900,6.32,6.31,6.342992602555481
20230601093117940,6.32,6.31,6.342992602555481
20230601093117960,6.32,6.31,6.342992602555481
20230601093118050,6.32,6.31,6.342992602555481
20230601093118190,6.32,6.31,6.342992602555481
20230601093118350,6.32,6.31,6.342992602555481
20230601093118360,6.32,6.31,6.342992602555481
20230601093118380,6.32,6.31,6.342992602555481
20230601093118410,6.32,6.31,6.342972739489345
20230601093118420,6.32,6.31,6.342972739489345
20230601093118460,6.32,6.31,6.342972739489345
20230601093118480,6.32,6.31,6.342900200937709
20230601093118530,6.32,6.31,6.342900200937709
20230601093118550,6.32,6.31,6.342900200937709
20230601093118590,6.33,6.31,6.342900200937709
20230601093118710,6.33,6.31,6.342900200937709
20230601093118920,6.33,6.31,6.342900200937709
20230601093119170,6.33,6.31,6.342837360328526
20230601093119210,6.33,6.31,6.34279702970297
20230601093119420,6.33,6.31,6.342487740475292
20230601093119460,6.33,6.31,6.342487740475292
20230601093119640,6.32,6.31,6.342487740475292
20230601093119690,6.32,6.31,6.342487740475292
20230601093119700,6.32,6.31,6.342487740475292
20230601093119710,6.32,6.31,6.342487740475292
20230601093119730,6.32,6.31,6.342487740475292
20230601093119850,6.32,6.31,6.342487740475292
20230601093119920,6.32,6.31,6.342487740475292
20230601093119960,6.32,6.31,6.342487740475292
20230601093120110,6.32,6.31,6.342487740475292
20230601093120150,6.32,6.31,6.342487740475292
20230601093120170,6.32,6.31,6.342487740475292
20230601093120230,6.32,6.31,6.3424785518996885
20230601093120310,6.32,6.31,6.3424764328808445
20230601093120340,6.32,6.31,6.3424764328808445
20230601093120360,6.32,6.31,6.342455264644943
20230601093120560,6.32,6.31,6.342455264644943
20230601093120710,6.32,6.31,6.3424522083058665
20230601093120790,6.32,6.31,6.3424522083058665
20230601093120800,6.32,6.31,6.3424522083058665
20230601093120820,6.32,6.31,6.3424522083058665
20230601093120890,6.32,6.31,6.3424522083058665
20230601093120900,6.32,6.31,6.3424522083058665
20230601093120910,6.32,6.31,6.3424522083058665
20230601093120970,6.32,6.31,6.3424522083058665
20230601093121040,6.32,6.31,6.3424216765453005
20230601093121190,6.32,6.31,6.3424216765453005
20230601093121340,6.32,6.31,6.342391202180656
20230601093121360,6.32,6.31,6.342391202180656
20230601093121380,6.32,6.31,6.342391202180656
20230601093121450,6.32,6.31,6.342391202180656
20230601093121480,6.32,6.31,6.342391202180656
20230601093121820,6.32,6.31,6.342391202180656
20230601093121890,6.32,6.31,6.342391202180656
20230601093122000,6.32,6.31,6.342372276483847
20230601093122020,6.32,6.31,6.342372276483847
20230601093122060,6.32,6.31,6.342372276483847
20230601093122110,6.32,6.31,6.342372276483847
20230601093122140,6.32,6.31,6.342372276483847
20230601093122170,6.32,6.31,6.342372276483847
20230601093122190,6.32,6.31,6.342360120165227
20230601093122200,6.32,6.31,6.342329769274057
20230601093122290,6.32,6.31,6.342329769274057
20230601093122330,6.32,6.31,6.342220975883342
20230601093122520,6.32,6.31,6.342220975883342
20230601093122560,6.32,6.31,6.342220975883342
20230601093123000,6.32,6.31,6.342220975883342
20230601093123030,6.32,6.31,6.342220975883342
20230601093123060,6.32,6.31,6.342220975883342
20230601093123120,6.32,6.31,6.342220975883342
20230601093123180,6.32,6.31,6.34220592357283
20230601093123480,6.32,6.31,6.342197627720183
20230601093123510,6.32,6.31,6.342197627720183
20230601093123660,6.32,6.31,6.342191409897293
20230601093124030,6.32,6.31,6.342191409897293
20230601093124340,6.32,6.31,6.342191409897293
20230601093124730,6.32,6.31,6.342191409897293
20230601093124740,6.32,6.31,6.342185399551904
20230601093125080,6.32,6.31,6.342179188054129
20230601093125100,6.32,6.31,6.342179188054129
20230601093125130,6.32,6.31,6.342167179774233
20230601093125150,6.32,6.31,6.342167179774233
20230601093125230,6.32,6.31,6.342064258519826
20230601093125350,6.32,6.31,6.342064258519826
20230601093125650,6.32,6.31,6.342064258519826
20230601093126000,6.32,6.31,6.342064258519826
20230601093126200,6.32,6.31,6.342064258519826
20230601093126340,6.32,6.31,6.342064258519826
20230601093126410,6.32,6.31,6.342064258519826
20230601093126440,6.32,6.31,6.342064258519826
20230601093126630,6.32,6.31,6.342064258519826
20230601093126840,6.32,6.31,6.342040456527791
20230601093127030,6.32,6.31,6.342040456527791
20230601093127040,6.32,6.31,6.342037483763221
20230601093127080,6.32,6.31,6.342037483763221
20230601093127100,6.32,6.31,6.342037483763221
20230601093127250,6.32,6.31,6.342037483763221
20230601093127280,6.32,6.31,6.342037483763221
20230601093127820,6.32,6.31,6.341960385042577
20230601093127850,6.32,6.31,6.341960385042577
20230601093127890,6.32,6.31,6.341960385042577
20230601093128100,6.32,6.31,6.341951512908301
20230601093128120,6.32,6.31,6.341514100574975
20230601093128130,6.32,6.31,6.3415026001277255
20230601093128450,6.32,6.31,6.3415026001277255
20230601093128520,6.32,6.31,6.3415026001277255
20230601093128830,6.32,6.31,6.3415026001277255
20230601093128840,6.32,6.31,6.3415026001277255
20230601093128980,6.32,6.31,6.341491108071136
20230601093129000,6.32,6.31,6.341485365186468
20230601093129150,6.32,6.31,6.341485365186468
20230601093129350,6.32,6.31,6.341485365186468
20230601093129370,6.32,6.31,6.341485365186468
20230601093129400,6.32,6.31,6.341485365186468
20230601093129430,6.32,6.31,6.341485365186468
20230601093129460,6.32,6.31,6.341485365186468
20230601093129480,6.32,6.31,6.341485365186468
20230601093129500,6.32,6.31,6.341485365186468
20230601093129520,6.32,6.31,6.341485365186468
20230601093130080,6.32,6.31,6.341479489516864
20230601093130360,6.32,6.31,6.341479489516864
20230601093130390,6.32,6.31,6.341479489516864
20230601093130400,6.32,6.31,6.341479489516864
20230601093130430,6.32,6.31,6.341479489516864
20230601093130530,6.32,6.31,6.341473751367117
20230601093130550,6.32,6.31,6.341473751367117
20230601093130590,6.32,6.31,6.3413964905900535
20230601093130610,6.32,6.31,6.3413964905900535
20230601093130670,6.32,6.31,6.341378997093023
20230601093130700,6.32,6.31,6.341378997093023
20230601093130750,6.32,6.31,6.341378997093023
20230601093130760,6.32,6.31,6.341378997093023
20230601093130870,6.32,6.31,6.341378997093023
20230601093130930,6.32,6.31,6.341378997093023
20230601093131090,6.32,6.31,6.341378997093023
20230601093131100,6.32,6.31,6.341359055832955
20230601093131110,6.32,6.31,6.341353362984479
20230601093131250,6.32,6.31,6.341353362984479
20230601093131410,6.32,6.31,6.341353362984479
20230601093131490,6.32,6.31,6.340734051072159
20230601093132000,6.32,6.31,6.340734051072159
20230601093132030,6.32,6.31,6.340734051072159
20230601093132230,6.32,6.31,6.340725849492973
20230601093132420,6.32,6.31,6.340725849492973
20230601093132680,6.32,6.31,6.340725849492973
20230601093132920,6.32,6.31,6.340725849492973
20230601093133020,6.32,6.31,6.340717652289906
20230601093133130,6.32,6.31,6.340717652289906
20230601093133260,6.32,6.31,6.3407149208607505
20230601093133460,6.32,6.31,6.3407149208607505
20230601093133500,6.32,6.31,6.3406983562860955
20230601093134090,6.32,6.31,6.340690175874934
20230601093134100,6.32,6.31,6.340646620542842
20230601093134110,6.32,6.31,6.340641184817311
20230601093134150,6.32,6.31,6.340638467677574
20230601093134160,6.32,6.31,6.340638467677574
20230601093134200,6.32,6.31,6.340638467677574
20230601093134230,6.32,6.31,6.340638467677574
20230601093134360,6.32,6.31,6.340638467677574
20230601093134490,6.32,6.31,6.340614035087719
20230601093134580,6.32,6.31,6.34059578611898
20230601093134700,6.32,6.31,6.34059578611898
20230601093134850,6.32,6.31,6.3405795434436385
20230601093135170,6.32,6.31,6.340571428571429
20230601093135180,6.32,6.31,6.340571428571429
20230601093135390,6.32,6.31,6.340566021048907
20230601093135480,6.32,6.31,6.340298062593145
20230601093135490,6.32,6.31,6.340292751336664
20230601093135520,6.32,6.31,6.34021330535886
20230601093135630,6.32,6.31,6.340208005593428
20230601093135640,6.32,6.31,6.340192173305381
20230601093135750,6.32,6.31,6.340192173305381
20230601093135910,6.32,6.31,6.340192173305381
20230601093135930,6.32,6.31,6.340192173305381
20230601093136100,6.32,6.31,6.340152665096397
20230601093136110,6.32,6.31,6.340147405146097
20230601093136190,6.32,6.31,6.3401158233911
20230601093136380,6.32,6.31,6.3401158233911
20230601093136420,6.32,6.31,6.3401158233911
20230601093136650,6.32,6.31,6.3401158233911
20230601093136880,6.32,6.31,6.3401158233911
20230601093136970,6.32,6.31,6.3401158233911
20230601093136980,6.32,6.31,6.3400739194712585
20230601093137000,6.32,6.31,6.3400739194712585
20230601093137070,6.32,6.31,6.3400739194712585
20230601093137100,6.32,6.31,6.340063461705642
20230601093137110,6.31,6.31,6.340063461705642
20230601093137130,6.31,6.31,6.340053011210568
20230601093137210,6.31,6.31,6.340053011210568
20230601093137370,6.31,6.31,6.340053011210568
20230601093137410,6.31,6.31,6.340053011210568
20230601093137530,6.31,6.31,6.340047788687114
20230601093137540,6.31,6.31,6.340045178105995
20230601093137710,6.31,6.31,6.340045178105995
20230601093137770,6.31,6.31,6.339990460497789
20230601093137890,6.31,6.31,6.339990460497789
20230601093138010,6.31,6.31,6.339990460497789
20230601093138130,6.31,6.31,6.339990460497789
20230601093138160,6.32,6.31,6.339985259689587
20230601093138280,6.32,6.31,6.339967945941263
20230601093138300,6.32,6.31,6.339967945941263
20230601093138800,6.32,6.31,6.339967945941263
20230601093139140,6.32,6.31,6.339916111735708
20230601093139210,6.32,6.31,6.3399040622299045
20230601093139240,6.32,6.31,6.3399040622299045
20230601093139650,6.32,6.31,6.3399014778325125
20230601093139760,6.31,6.3,6.339734444826401
20230601093139780,6.31,6.3,6.339734444826401
20230601093139910,6.31,6.3,6.339734444826401
20230601093139940,6.31,6.3,6.339734444826401
20230601093139990,6.31,6.3,6.339734444826401
20230601093140070,6.31,6.3,6.339734444826401
20230601093140090,6.31,6.3,6.339734444826401
20230601093140100,6.31,6.3,6.339734444826401
20230601093140110,6.31,6.3,6.339734444826401
20230601093140130,6.31,6.3,6.339734444826401
20230601093140260,6.31,6.3,6.339734444826401
20230601093140300,6.31,6.3,6.339734444826401
20230601093140390,6.31,6.3,6.339734444826401
20230601093140430,6.31,6.3,6.339731889662284
20230601093140530,6.31,6.3,6.339731889662284
20230601093140550,6.31,6.3,6.339731889662284
20230601093140590,6.31,6.3,6.339724226804123
20230601093140620,6.31,6.3,6.339724226804123
20230601093141000,6.31,6.3,6.339724226804123
20230601093141040,6.31,6.3,6.339724226804123
20230601093141050,6.28,6.3,6.339686722169771
20230601093141090,6.28,6.3,6.339686722169771
20230601093141100,6.28,6.3,6.339686722169771
20230601093141280,6.31,6.3,6.339615549276479
20230601093141610,6.31,6.31,6.339607943845232
20230601093141640,6.31,6.31,6.339595276803285
20230601093141740,6.31,6.31,6.339577561142466
20230601093141800,6.31,6.31,6.339577561142466
20230601093141810,6.31,6.31,6.339577561142466
20230601093142080,6.31,6.31,6.339559866678061
20230601093142100,6.31,6.31,6.339499360341152
20230601093142120,6.31,6.31,6.339499360341152
20230601093142130,6.31,6.31,6.339454142893639
20230601093142150,6.31,6.31,6.339454142893639
20230601093142430,6.31,6.31,6.339454142893639
20230601093142680,6.31,6.31,6.339454142893639
20230601093142740,6.31,6.31,6.339454142893639
20230601093142800,6.31,6.31,6.339454142893639
20230601093142980,6.31,6.31,6.339454142893639
20230601093143000,6.31,6.31,6.339454142893639
20230601093143010,6.31,6.31,6.339454142893639
20230601093143070,6.31,6.31,6.339436595744681
20230601093143080,6.31,6.31,6.3394215719632525
20230601093143100,6.31,6.31,6.339398112726346
20230601093143130,6.31,6.31,6.339398112726346
20230601093143140,6.31,6.3,6.339385622025833
20230601093143150,6.31,6.3,6.339360672440143
20230601093143170,6.31,6.3,6.339360672440143
20230601093143200,6.31,6.3,6.339360672440143
20230601093143260,6.31,6.3,6.339360672440143
20230601093143380,6.31,6.3,6.339360672440143
20230601093143510,6.31,6.3,6.339360672440143
20230601093143690,6.31,6.3,6.339360672440143
20230601093143780,6.31,6.3,6.339360672440143
20230601093143900,6.31,6.3,6.339343970126453
20230601093144070,6.31,6.3,6.339329035541606
20230601093144160,6.31,6.3,6.3393190298507465
20230601093144190,6.31,6.3,6.3393190298507465
20230601093144210,6.31,6.3,6.3393190298507465
20230601093144640,6.31,6.3,6.339306603373739
20230601093144670,6.31,6.3,6.339306603373739
20230601093144730,6.31,6.3,6.339306603373739
20230601093144740,6.31,6.3,6.33929418742586
20230601093144970,6.31,6.3,6.33929418742586
20230601093145030,6.31,6.3,6.33929418742586
20230601093145040,6.31,6.3,6.33929418742586
20230601093145070,6.31,6.3,6.339269387064003
20230601093145140,6.31,6.3,6.339269387064003
20230601093145160,6.31,6.3,6.339259415996614
20230601093145240,6.31,6.3,6.339259415996614
20230601093145330,6.31,6.3,6.339259415996614
20230601093145340,6.31,6.3,6.339259415996614
20230601093145350,6.31,6.3,6.339259415996614
20230601093145360,6.31,6.3,6.339259415996614
20230601093145390,6.31,6.3,6.339259415996614
20230601093145670,6.31,6.3,6.339259415996614
20230601093145750,6.31,6.3,6.339259415996614
20230601093145770,6.31,6.3,6.339259415996614
20230601093145860,6.31,6.3,6.339259415996614
20230601093145910,6.31,6.3,6.339251988492131
20230601093146110,6.3,6.3,6.339251988492131
20230601093146120,6.3,6.3,6.339251988492131
20230601093146130,6.3,6.3,6.339242026901277
20230601093146590,6.3,6.3,6.339242026901277
20230601093146870,6.31,6.3,6.339118861090052
20230601093146910,6.31,6.3,6.339047899159664
20230601093146960,6.31,6.3,6.339047899159664
20230601093146970,6.31,6.3,6.339047899159664
20230601093147160,6.31,6.31,6.338967568926506
20230601093147190,6.31,6.3,6.33874355562947
20230601093147390,6.31,6.3,6.338722060656419
20230601093147410,6.31,6.3,6.338722060656419
20230601093147520,6.31,6.3,6.338722060656419
20230601093147800,6.31,6.3,6.338722060656419
20230601093148400,6.31,6.3,6.338722060656419
20230601093148430,6.31,6.3,6.338722060656419
20230601093148460,6.31,6.3,6.338722060656419
20230601093148750,6.31,6.3,6.338722060656419
20230601093148900,6.31,6.3,6.338722060656419
20230601093149100,6.31,6.3,6.338722060656419
20230601093149200,6.31,6.3,6.338494765476877
20230601093149650,6.31,6.3,6.338494765476877
20230601093149680,6.31,6.3,6.338494765476877
20230601093149800,6.31,6.3,6.338494765476877
20230601093149880,6.31,6.3,6.338494765476877
20230601093150020,6.31,6.3,6.338475986489827
20230601093150200,6.31,6.3,6.338466479986822
20230601093150280,6.31,6.3,6.338466479986822
20230601093150470,6.31,6.3,6.338161614510989
20230601093150500,6.31,6.3,6.338161614510989
20230601093150570,6.31,6.3,6.338161614510989
20230601093150590,6.31,6.3,6.338161614510989
20230601093150670,6.31,6.3,6.338161614510989
20230601093150760,6.31,6.3,6.338161614510989
20230601093150800,6.31,6.3,6.338161614510989
20230601093150940,6.31,6.3,6.338154713282144
20230601093151060,6.31,6.3,6.338108791388028
20230601093151220,6.31,6.3,6.338108791388028
20230601093151310,6.31,6.3,6.338108791388028
20230601093151420,6.31,6.3,6.338108791388028
20230601093151590,6.31,6.3,6.338108791388028
20230601093151630,6.31,6.3,6.338108791388028
20230601093151790,6.31,6.3,6.338056166056166
20230601093152010,6.31,6.3,6.338056166056166
20230601093152080,6.31,6.3,6.338056166056166
20230601093152250,6.31,6.31,6.337744506157933
20230601093152380,6.31,6.31,6.337706591639871
20230601093152720,6.31,6.31,6.337706591639871
20230601093153040,6.31,6.31,6.337699911596882
20230601093153170,6.31,6.31,6.337695460024106
20230601093153610,6.31,6.31,6.337695460024106
20230601093153800,6.31,6.31,6.337695460024106
20230601093153820,6.31,6.31,6.337695460024106
20230601093154100,6.31,6.31,6.337695460024106
20230601093154120,6.31,6.31,6.337695460024106
20230601093154210,6.31,6.31,6.337695460024106
20230601093154420,6.31,6.31,6.337695460024106
20230601093154580,6.31,6.31,6.337695460024106
20230601093154610,6.31,6.31,6.337695460024106
20230601093154730,6.31,6.31,6.337695460024106
20230601093154950,6.31,6.31,6.337695460024106
20230601093155070,6.31,6.31,6.337666559640391
20230601093155100,6.31,6.31,6.3376576793452095
20230601093155210,6.31,6.31,6.3376576793452095
20230601093155500,6.31,6.31,6.3376576793452095
20230601093155610,6.32,6.31,6.337595676541233
20230601093155630,6.32,6.31,6.337525155725922
20230601093155680,6.32,6.31,6.337525155725922
20230601093155730,6.32,6.31,6.337525155725922
20230601093155970,6.32,6.31,6.337520958083832
20230601093156130,6.32,6.31,6.337520958083832
20230601093156160,6.32,6.31,6.337516564221282
20230601093156480,6.32,6.31,6.337516564221282
20230601093156500,6.32,6.31,6.337516564221282
20230601093156760,6.32,6.31,6.337516564221282
20230601093156850,6.32,6.31,6.337516564221282
20230601093157020,6.32,6.31,6.337516564221282
20230601093157090,6.32,6.31,6.337492423033977
20230601093157540,6.32,6.31,6.337486844203476
20230601093157560,6.32,6.31,6.337486844203476
20230601093157610,6.32,6.31,6.337486844203476
20230601093157650,6.32,6.31,6.337481268930336
20230601093157710,6.32,6.31,6.337481268930336
20230601093157880,6.32,6.31,6.337481268930336
20230601093157980,6.32,6.31,6.337481268930336
20230601093158070,6.32,6.31,6.337428798727128
20230601093158080,6.32,6.31,6.337413532638944
20230601093158100,6.31,6.31,6.3374113531563045
20230601093158110,6.31,6.31,6.3374113531563045
20230601093158120,6.31,6.31,6.337409174020192
20230601093158140,6.31,6.31,6.337409174020192
20230601093158240,6.32,6.31,6.337309306930693
20230601093158250,6.32,6.31,6.337302819132088
20230601093158400,6.32,6.31,6.337302819132088
20230601093158420,6.32,6.31,6.337302819132088
20230601093158480,6.32,6.31,6.337296334415328
20230601093158490,6.32,6.31,6.337296334415328
20230601093158530,6.32,6.31,6.337292012981873
20230601093158650,6.32,6.31,6.337292012981873
20230601093158860,6.32,6.31,6.337292012981873
20230601093159020,6.32,6.31,6.337292012981873
20230601093159080,6.32,6.31,6.337259645793801
20230601093159100,6.32,6.31,6.337255335968379
20230601093159300,6.32,6.31,6.337255335968379
20230601093159420,6.32,6.31,6.337255335968379
20230601093159540,6.32,6.31,6.337255335968379
20230601093159760,6.32,6.31,6.337255335968379
20230601093159840,6.32,6.31,6.337255335968379
20230601093159990,6.32,6.31,6.3372430681728416
20230601093200240,6.32,6.31,6.3372430681728416
20230601093200290,6.32,6.31,6.3372430681728416
20230601093200770,6.32,6.31,6.337228012000631
20230601093201110,6.32,6.31,6.337223713293337
20230601093201250,6.32,6.31,6.337223713293337
20230601093201310,6.32,6.31,6.337223713293337
20230601093201380,6.32,6.31,6.337219635387894
20230601093201480,6.32,6.31,6.337206752386211
20230601093201630,6.32,6.31,6.337163896983539
20230601093201640,6.32,6.31,6.337155342099047
20230601093201750,6.32,6.31,6.337146792601338
20230601093202040,6.32,6.31,6.337146792601338
20230601093202230,6.32,6.31,6.3371425198709375
20230601093202420,6.32,6.31,6.3371425198709375
20230601093202570,6.32,6.31,6.3371425198709375
20230601093202810,6.32,6.31,6.337095608453138
20230601093202820,6.32,6.31,6.337091351818396
20230601093202840,6.32,6.31,6.337091351818396
20230601093203050,6.32,6.31,6.337091351818396
20230601093203060,6.32,6.31,6.337085983510012
20230601093203100,6.32,6.31,6.337085983510012
20230601093203150,6.32,6.31,6.337085983510012
20230601093203210,6.32,6.31,6.337085983510012
20230601093203320,6.32,6.31,6.337085983510012
20230601093203370,6.32,6.31,6.337085983510012
20230601093203380,6.32,6.31,6.337085983510012
20230601093203540,6.32,6.31,6.337026561153334
20230601093203570,6.32,6.31,6.337003287928605
20230601093203700,6.32,6.31,6.337003287928605
20230601093203880,6.32,6.31,6.337003287928605
20230601093204110,6.32,6.31,6.3370011741682974
20230601093204660,6.32,6.31,6.336965290806754
20230601093204670,6.32,6.31,6.336961075504143
20230601093204730,6.32,6.31,6.336961075504143
20230601093205080,6.32,6.31,6.336961075504143
20230601093205100,6.32,6.31,6.336950543011173
20230601093205120,6.32,6.31,6.336946332317788
20230601093205330,6.32,6.31,6.336926498127341
20230601093205360,6.32,6.31,6.336926498127341
20230601093205540,6.32,6.31,6.336922296770167
20230601093205570,6.32,6.31,6.336922296770167
20230601093205640,6.32,6.31,6.336922296770167
20230601093205650,6.32,6.31,6.336922296770167
20230601093205720,6.32,6.31,6.336922296770167
20230601093205830,6.32,6.31,6.336922296770167
20230601093205990,6.32,6.31,6.336922296770167
20230601093206050,6.32,6.31,6.33691833710319
20230601093206190,6.32,6.31,6.33691833710319
20230601093206330,6.32,6.31,6.33691833710319
20230601093206340,6.32,6.31,6.33691833710319
20230601093206370,6.32,6.31,6.33691833710319
20230601093206970,6.32,6.31,6.3368946179609
20230601093206990,6.32,6.31,6.33683400683867
20230601093207050,6.32,6.31,6.33683400683867
20230601093207070,6.32,6.31,6.336804843968328
20230601093207090,6.32,6.31,6.336804843968328
20230601093207100,6.32,6.31,6.336763292512789
20230601093207240,6.32,6.31,6.336763292512789
20230601093207250,6.32,6.31,6.336752904725019
20230601093207390,6.32,6.31,6.336752904725019
20230601093207550,6.32,6.31,6.336752904725019
20230601093208010,6.32,6.31,6.336752904725019
20230601093208340,6.32,6.31,6.336748760842627
20230601093208660,6.32,6.31,6.336748760842627
20230601093208670,6.32,6.31,6.336748760842627
20230601093208750,6.32,6.31,6.3367435738618765
20230601093208930,6.32,6.31,6.3367435738618765
20230601093209150,6.32,6.31,6.336730620454897
20230601093209320,6.32,6.31,6.336730620454897
20230601093209450,6.32,6.31,6.3367267383401655
20230601093209680,6.32,6.31,6.336662300639494
20230601093209800,6.32,6.31,6.336662300639494
20230601093209950,6.32,6.31,6.336662300639494
20230601093210040,6.32,6.31,6.336564031862745
20230601093210130,6.32,6.31,6.336564031862745
20230601093210860,6.32,6.31,6.336564031862745
20230601093211020,6.32,6.31,6.336564031862745
20230601093211030,6.32,6.31,6.336560226663604
20230601093211070,6.32,6.31,6.336560226663604
20230601093211180,6.32,6.31,6.336466915403944
20230601093211330,6.32,6.31,6.336466915403944
20230601093211400,6.32,6.31,6.336450802830835
20230601093211540,6.32,6.31,6.336450802830835
20230601093211660,6.32,6.31,6.336450802830835
20230601093211800,6.31,6.3,6.336213423831071
20230601093211810,6.31,6.3,6.336213423831071
20230601093211820,6.31,6.3,6.336213423831071
20230601093211890,6.31,6.3,6.336213423831071
20230601093211980,6.31,6.3,6.336213423831071
20230601093212090,6.31,6.3,6.336213423831071
20230601093212100,6.31,6.3,6.336213423831071
20230601093212110,6.31,6.3,6.336213423831071
20230601093212140,6.31,6.3,6.336213423831071
20230601093212150,6.31,6.3,6.336213423831071
20230601093212160,6.31,6.3,6.336213423831071
20230601093212190,6.31,6.3,6.336213423831071
20230601093212200,6.31,6.3,6.336213423831071
20230601093212300,6.31,6.3,6.336213423831071
20230601093212330,6.31,6.3,6.336213423831071
20230601093212340,6.31,6.3,6.3361542513167795
20230601093212580,6.31,6.3,6.336136551620423
20230601093212900,6.31,6.3,6.336136551620423
20230601093212980,6.31,6.3,6.336116913366895
20230601093213080,6.32,6.31,6.33608163877842
20230601093213090,6.32,6.31,6.33607772526071
20230601093213100,6.32,6.31,6.3360738129172605
20230601093213120,6.32,6.31,6.3360738129172605
20230601093213170,6.32,6.31,6.3360738129172605
20230601093213180,6.32,6.31,6.3360738129172605
20230601093213190,6.32,6.31,6.33606794660267
20230601093213200,6.32,6.31,6.336060128954866
20230601093213210,6.32,6.31,6.336060128954866
20230601093213230,6.32,6.31,6.336048411270983
20230601093213240,6.32,6.31,6.336044507717668
20230601093213270,6.32,6.31,6.336042556379711
20230601093213370,6.32,6.31,6.336032804074296
20230601093213460,6.32,6.31,6.336032804074296
20230601093213610,6.32,6.31,6.336032804074296
20230601093213630,6.32,6.31,6.336028905196945
20230601093213680,6.32,6.31,6.336028905196945
20230601093213730,6.32,6.31,6.336026504941599
20230601093213790,6.32,6.31,6.336026504941599
20230601093214080,6.32,6.31,6.336024556412368
20230601093214090,6.31,6.3,6.335968175705961
20230601093214100,6.31,6.3,6.335968175705961
20230601093214170,6.31,6.3,6.3359574309185955
20230601093214230,6.31,6.3,6.3359574309185955
20230601093214250,6.31,6.3,6.3359574309185955
20230601093214690,6.31,6.3,6.3359090570257175
20230601093214910,6.31,6.3,6.3359090570257175
20230601093214940,6.31,6.3,6.3359090570257175
20230601093215170,6.31,6.3,6.3359090570257175
20230601093215540,6.31,6.3,6.3359090570257175
20230601093215580,6.32,6.31,6.335768831553974
20230601093215600,6.31,6.3,6.335755464987032
20230601093215610,6.31,6.3,6.335752815649081
20230601093215680,6.31,6.3,6.335752815649081
20230601093215700,6.31,6.3,6.335752815649081
20230601093215720,6.31,6.3,6.335752815649081
20230601093215730,6.31,6.3,6.335752815649081
20230601093215750,6.31,6.3,6.335752815649081
20230601093215790,6.31,6.3,6.335752815649081
20230601093216030,6.31,6.3,6.335718514133491
20230601093216050,6.31,6.3,6.335712806096027
20230601093216100,6.31,6.3,6.335650184501845
20230601093216120,6.31,6.3,6.335650184501845
20230601093216130,6.31,6.3,6.335650184501845
20230601093216160,6.31,6.3,6.335650184501845
20230601093216180,6.31,6.3,6.335650184501845
20230601093216310,6.31,6.3,6.335650184501845
20230601093216760,6.31,6.3,6.335650184501845
20230601093216900,6.31,6.3,6.335650184501845
20230601093217200,6.31,6.3,6.33564492325856
20230601093217240,6.31,6.3,6.33564492325856
20230601093217380,6.31,6.3,6.33564492325856
20230601093217460,6.31,6.3,6.335626013862262
20230601093217480,6.31,6.3,6.335626013862262
20230601093217720,6.31,6.3,6.335626013862262
20230601093218230,6.31,6.3,6.335560050011032
20230601093218440,6.31,6.3,6.33550377926176
20230601093218760,6.31,6.3,6.33550377926176
20230601093218790,6.31,6.3,6.33550377926176
20230601093218880,6.31,6.3,6.33550377926176
20230601093218930,6.31,6.3,6.33550377926176
20230601093219090,6.31,6.3,6.33550377926176
20230601093219350,6.31,6.3,6.33550377926176
20230601093219470,6.31,6.3,6.33550377926176
20230601093219500,6.31,6.3,6.33550377926176
20230601093219690,6.31,6.3,6.335466402872426
20230601093219990,6.31,6.3,6.33541730670763
20230601093220070,6.31,6.3,6.33541730670763
20230601093220210,6.31,6.3,6.335409872029251
20230601093220250,6.31,6.3,6.335409872029251
20230601093220330,6.31,6.3,6.335409872029251
20230601093220510,6.31,6.3,6.335372425879948
20230601093220520,6.31,6.3,6.335372425879948
20230601093220680,6.31,6.3,6.335372425879948
20230601093220820,6.31,6.3,6.335372425879948
20230601093220830,6.31,6.3,6.335372425879948
20230601093221030,6.31,6.3,6.335372425879948
20230601093221070,6.31,6.3,6.335372425879948
20230601093221100,6.31,6.31,6.335370573201899
20230601093221110,6.31,6.31,6.3353668686573705
20230601093221120,6.31,6.31,6.3353668686573705
20230601093221160,6.31,6.31,6.3353668686573705
20230601093221260,6.31,6.31,6.33536316519454
20230601093221300,6.31,6.3,6.335345104333868
20230601093221370,6.31,6.3,6.335345104333868
20230601093221380,6.31,6.3,6.335345104333868
20230601093221500,6.31,6.3,6.335345104333868
20230601093221630,6.31,6.3,6.335345104333868
20230601093221840,6.31,6.3,6.335345104333868
20230601093222150,6.31,6.3,6.335345104333868
20230601093222490,6.32,6.3,6.335321288066443
20230601093222570,6.32,6.31,6.335321288066443
20230601093222580,6.32,6.31,6.335319443432651
20230601093222680,6.32,6.31,6.335319443432651
20230601093222730,6.32,6.3,6.334734244223478
20230601093222760,6.31,6.3,6.334734244223478
20230601093222780,6.31,6.3,6.334734244223478
20230601093222790,6.31,6.3,6.3347243080883935
20230601093222930,6.31,6.3,6.3347243080883935
20230601093222970,6.31,6.3,6.3347243080883935
20230601093223060,6.31,6.3,6.3347190047190045
20230601093223120,6.31,6.3,6.3347190047190045
20230601093223130,6.31,6.3,6.3347190047190045
20230601093223140,6.31,6.3,6.334714040606234
20230601093223160,6.31,6.3,6.334714040606234
20230601093223170,6.31,6.3,6.334701636532552
20230601093223580,6.31,6.3,6.334699871373446
20230601093223630,6.31,6.3,6.334647033656589
20230601093223740,6.31,6.3,6.334647033656589
20230601093223860,6.31,6.3,6.334647033656589
20230601093223960,6.31,6.3,6.334629471284025
20230601093224140,6.31,6.3,6.334629471284025
20230601093224150,6.31,6.3,6.334629471284025
20230601093224180,6.31,6.3,6.334629471284025
20230601093224500,6.31,6.3,6.334629471284025
20230601093224510,6.31,6.3,6.334629471284025
20230601093224670,6.31,6.3,6.334629471284025
20230601093224740,6.31,6.3,6.33462069948002
20230601093224820,6.31,6.3,6.33462069948002
20230601093224920,6.31,6.3,6.33462069948002
20230601093224930,6.31,6.3,6.33462069948002
20230601093224980,6.31,6.3,6.33462069948002
20230601093225030,6.31,6.3,6.334604925968109
20230601093225100,6.31,6.3,6.334604925968109
20230601093225150,6.31,6.3,6.334604925968109
20230601093225530,6.31,6.3,6.334604925968109
20230601093225630,6.31,6.3,6.334597922003986
20230601093225820,6.31,6.3,6.334597922003986
20230601093225850,6.31,6.3,6.334597922003986
20230601093225980,6.31,6.3,6.334597922003986
20230601093226160,6.31,6.3,6.334588076266363
20230601093226290,6.31,6.3,6.334514411472384
20230601093226490,6.31,6.3,6.334514411472384
20230601093226650,6.31,6.3,6.334514411472384
20230601093226700,6.31,6.3,6.334427702320317
20230601093226930,6.31,6.3,6.334427702320317
20230601093227070,6.31,6.3,6.33442526702978
20230601093227260,6.31,6.3,6.33442526702978
20230601093227640,6.31,6.3,6.33442526702978
20230601093227730,6.31,6.3,6.33442526702978
20230601093227940,6.31,6.3,6.33441490489995
20230601093228010,6.31,6.3,6.33441490489995
20230601093228230,6.31,6.3,6.33441490489995
20230601093228270,6.31,6.3,6.334405174241889
20230601093228340,6.31,6.3,6.334405174241889
20230601093228430,6.32,6.31,6.334346661025315
20230601093228440,6.32,6.31,6.334343227807939
20230601093228450,6.32,6.31,6.334334648999154
20230601093228460,6.32,6.31,6.334334648999154
20230601093228870,6.32,6.31,6.334334648999154
20230601093228910,6.32,6.3,6.334165205806045
20230601093228920,6.32,6.3,6.334165205806045
20230601093229050,6.32,6.3,6.3341058585294325
20230601093229480,6.32,6.3,6.334088151196039
20230601093229560,6.32,6.3,6.334088151196039
20230601093229770,6.32,6.31,6.334088151196039
20230601093229780,6.32,6.31,6.3340831125366055
20230601093229790,6.31,6.3,6.334079754601227
20230601093229850,6.31,6.3,6.3339354390836515
20230601093229920,6.31,6.3,6.3339354390836515
20230601093230030,6.31,6.3,6.3339354390836515
20230601093230080,6.31,6.3,6.333932116332338
20230601093230250,6.31,6.3,6.333932116332338
20230601093230330,6.31,6.3,6.333932116332338
20230601093230790,6.31,6.3,6.333932116332338
20230601093231080,6.31,6.3,6.333932116332338
20230601093231440,6.31,6.3,6.333932116332338
20230601093231620,6.31,6.3,6.333932116332338
20230601093231650,6.31,6.3,6.333925473596558
20230601093231740,6.31,6.3,6.333925473596558
20230601093231960,6.31,6.3,6.333887849171692
20230601093232150,6.31,6.3,6.333880803880804
20230601093232270,6.31,6.3,6.333880803880804
20230601093233040,6.31,6.3,6.333873761518742
20230601093233100,6.31,6.3,6.333873761518742
20230601093233230,6.31,6.3,6.333857340720222
20230601093233340,6.31,6.3,6.333857340720222
20230601093233370,6.31,6.3,6.333852385238524
20230601093233400,6.31,6.3,6.333852385238524
20230601093233410,6.31,6.3,6.333852385238524
20230601093233620,6.31,6.3,6.333852385238524
20230601093233950,6.31,6.3,6.333852385238524
20230601093234030,6.31,6.3,6.333852385238524
20230601093234260,6.31,6.3,6.333852385238524
20230601093234680,6.31,6.3,6.333852385238524
20230601093235260,6.31,6.3,6.333852385238524
20230601093235540,6.31,6.3,6.333852385238524
20230601093235630,6.31,6.3,6.333837531137559
20230601093235970,6.31,6.3,6.33383258388101
20230601093236230,6.31,6.3,6.33383258388101
20230601093236400,6.31,6.3,6.3338276386775485
20230601093236490,6.31,6.3,6.3338276386775485
20230601093236530,6.31,6.3,6.333804257672104
20230601093236790,6.31,6.3,6.333804257672104
20230601093236800,6.31,6.3,6.333804257672104
20230601093236860,6.31,6.3,6.333797249671758
20230601093236870,6.31,6.3,6.333797249671758
20230601093236880,6.31,6.3,6.333797249671758
20230601093237090,6.31,6.3,6.333797249671758
20230601093237170,6.31,6.3,6.3337906735751295
20230601093237200,6.31,6.3,6.3337906735751295
20230601093237260,6.31,6.3,6.3337906735751295
20230601093237450,6.32,6.31,6.333779174147217
20230601093237840,6.32,6.31,6.333779174147217
20230601093238090,6.32,6.31,6.333752931438819
20230601093238100,6.32,6.31,6.33373983179374
20230601093238150,6.32,6.3,6.333632681084793
20230601093238280,6.32,6.3,6.333632681084793
20230601093238360,6.32,6.3,6.333632681084793
20230601093238530,6.32,6.3,6.333632681084793
20230601093238670,6.32,6.3,6.333632681084793
20230601093238910,6.31,6.3,6.333632681084793
20230601093238960,6.31,6.3,6.333630372099409
20230601093239140,6.31,6.3,6.333630372099409
20230601093239190,6.31,6.3,6.333630372099409
20230601093239310,6.31,6.3,6.333630372099409
20230601093239530,6.31,6.3,6.333630372099409
20230601093239910,6.31,6.3,6.333630372099409
20230601093240040,6.31,6.3,6.333630372099409
20230601093240080,6.31,6.3,6.333609605488851
20230601093240200,6.31,6.3,6.333609605488851
20230601093240380,6.31,6.3,6.333609605488851
20230601093240590,6.31,6.3,6.333609605488851
20230601093240620,6.31,6.3,6.333609605488851
20230601093240710,6.31,6.3,6.333568149112589
20230601093240780,6.31,6.3,6.333568149112589
20230601093240870,6.31,6.3,6.333568149112589
20230601093241000,6.31,6.3,6.333563305015073
20230601093241010,6.31,6.3,6.333549513765238
20230601093241100,6.31,6.3,6.333549513765238
20230601093241160,6.31,6.3,6.333544919200219
20230601093241350,6.31,6.3,6.333544919200219
20230601093241440,6.31,6.3,6.333544919200219
20230601093241520,6.31,6.3,6.333544919200219
20230601093242060,6.31,6.3,6.333544919200219
20230601093242100,6.31,6.3,6.333544919200219
20230601093242110,6.31,6.3,6.333544919200219
20230601093242120,6.31,6.3,6.333521965238812
20230601093242140,6.31,6.3,6.333521965238812
20230601093242200,6.31,6.3,6.333441762138571
20230601093242260,6.31,6.3,6.333409833832743
20230601093242320,6.31,6.3,6.333409833832743
20230601093242330,6.31,6.3,6.333355316834376
20230601093242510,6.31,6.3,6.333355316834376
20230601093242540,6.31,6.3,6.333355316834376
20230601093242560,6.31,6.3,6.3333507817811014
20230601093242780,6.31,6.3,6.333344433872503
20230601093243080,6.31,6.3,6.333324050804863
20230601093243100,6.31,6.3,6.333324050804863
20230601093243150,6.31,6.3,6.333324050804863
20230601093243400,6.31,6.3,6.333324050804863
20230601093243480,6.31,6.3,6.3332112637920535
20230601093243490,6.31,6.3,6.3332112637920535
20230601093243550,6.31,6.3,6.3332112637920535
20230601093243660,6.31,6.3,6.3332112637920535
20230601093243870,6.31,6.3,6.3332112637920535
20230601093244020,6.31,6.3,6.333168604651163
20230601093244220,6.31,6.3,6.333168604651163
20230601093244420,6.31,6.3,6.333168604651163
20230601093244530,6.31,6.3,6.333093665768194
20230601093244790,6.31,6.3,6.333093665768194
20230601093245200,6.31,6.3,6.333093665768194
20230601093245250,6.31,6.3,6.333064700733859
20230601093245920,6.31,6.3,6.333060043080237
20230601093245990,6.31,6.3,6.332931473783023
20230601093246000,6.31,6.3,6.332931473783023
20230601093246020,6.31,6.3,6.3329299363057325
20230601093246510,6.31,6.3,6.3329299363057325
20230601093246620,6.31,6.3,6.3329299363057325
20230601093246640,6.31,6.3,6.3329299363057325
20230601093246780,6.31,6.3,6.332819913130638
20230601093246800,6.31,6.3,6.332819913130638
20230601093246820,6.31,6.3,6.332819913130638
20230601093246850,6.31,6.3,6.332819913130638
20230601093246880,6.31,6.3,6.332819913130638
20230601093247190,6.31,6.3,6.332813335114912
20230601093247640,6.31,6.3,6.332813335114912
20230601093248080,6.31,6.3,6.332813335114912
20230601093248130,6.31,6.3,6.332813335114912
20230601093248240,6.31,6.3,6.332791427426892
20230601093248400,6.31,6.3,6.332791427426892
20230601093248560,6.31,6.3,6.33275648290114
20230601093248630,6.31,6.3,6.33275648290114
20230601093248700,6.31,6.3,6.332750416527824
20230601093249090,6.31,6.3,6.332750416527824
20230601093249100,6.31,6.3,6.332750416527824
20230601093249190,6.31,6.3,6.332750416527824
20230601093249600,6.31,6.3,6.332750416527824
20230601093249870,6.31,6.3,6.332750416527824
20230601093249890,6.31,6.3,6.3327395069953365
20230601093250180,6.31,6.3,6.3327395069953365
20230601093250210,6.31,6.3,6.3327395069953365
20230601093250250,6.32,6.31,6.332436074410044
20230601093250450,6.32,6.31,6.332422809092104
20230601093250880,6.32,6.31,6.332422809092104
20230601093251010,6.32,6.31,6.332371370518451
20230601093251020,6.32,6.31,6.332355252816348
20230601093251030,6.32,6.31,6.332352324819908
20230601093251040,6.32,6.31,6.332340620500066
20230601093251090,6.32,6.31,6.332340620500066
20230601093251100,6.32,6.31,6.332336234539625
20230601093251230,6.32,6.31,6.332336234539625
20230601093251240,6.32,6.31,6.332336234539625
20230601093251320,6.32,6.31,6.332336234539625
20230601093251330,6.32,6.31,6.332328928431244
20230601093251340,6.32,6.31,6.332328928431244
20230601093251590,6.32,6.31,6.332328928431244
20230601093251600,6.32,6.31,6.332324547059978
20230601093251920,6.32,6.31,6.332315789473684
20230601093251970,6.32,6.31,6.332312871804929
20230601093252070,6.31,6.3,6.3322837370242215
20230601093252080,6.31,6.3,6.3322837370242215
20230601093252170,6.31,6.3,6.3322837370242215
20230601093252230,6.31,6.3,6.332281629455543
20230601093252280,6.31,6.3,6.332275308400235
20230601093252410,6.31,6.3,6.332275308400235
20230601093252490,6.31,6.3,6.332275308400235
20230601093253150,6.31,6.3,6.3322647788072555
20230601093253230,6.31,6.3,6.3322647788072555
20230601093253800,6.31,6.3,6.332235761762023
20230601093253940,6.31,6.3,6.332235761762023
20230601093254060,6.31,6.3,6.332235761762023
20230601093254220,6.31,6.3,6.33222996742671
20230601093254320,6.31,6.3,6.33222996742671
20230601093254510,6.31,6.3,6.33222996742671
20230601093254750,6.31,6.3,6.33222996742671
20230601093255050,6.31,6.3,6.33222996742671
20230601093255080,6.31,6.3,6.33222996742671
20230601093255180,6.31,6.3,6.33222996742671
20230601093255220,6.31,6.3,6.33222996742671
20230601093255340,6.31,6.3,6.33222996742671
20230601093255450,6.31,6.3,6.33222996742671
20230601093255540,6.31,6.3,6.33222996742671
20230601093255740,6.31,6.3,6.33222996742671
20230601093255930,6.31,6.3,6.332221570926143
20230601093255980,6.31,6.3,6.33221722992772
20230601093256040,6.31,6.3,6.33221722992772
20230601093256680,6.31,6.3,6.33221722992772
20230601093256700,6.31,6.3,6.33221722992772
20230601093256970,6.31,6.3,6.33221722992772
20230601093257550,6.31,6.3,6.33221722992772
20230601093257560,6.31,6.3,6.33221722992772
20230601093257680,6.31,6.3,6.33221722992772
20230601093257890,6.31,6.3,6.33221722992772
20230601093258090,6.31,6.3,6.33221722992772
20230601093258180,6.31,6.3,6.33221722992772
20230601093258190,6.31,6.3,6.33221722992772
20230601093258210,6.31,6.3,6.33221722992772
20230601093258280,6.31,6.3,6.332204217102694
20230601093258700,6.31,6.3,6.332204217102694
20230601093258830,6.31,6.3,6.332204217102694
20230601093258930,6.31,6.3,6.332204217102694
20230601093259170,6.31,6.3,6.332178237129485
20230601093259190,6.31,6.3,6.332178237129485
20230601093259210,6.31,6.3,6.332178237129485
20230601093259710,6.31,6.3,6.332178237129485
20230601093259820,6.31,6.3,6.332172472056148
20230601093300410,6.31,6.3,6.332172472056148
20230601093300430,6.31,6.3,6.332172472056148
20230601093300640,6.31,6.3,6.332172472056148
20230601093300670,6.31,6.3,6.332157843455668
20230601093300750,6.31,6.3,6.3320861120103595
20230601093301040,6.31,6.3,6.332081822889695
20230601093301080,6.31,6.3,6.332081822889695
20230601093301160,6.31,6.3,6.332081822889695
20230601093301200,6.31,6.3,6.332081822889695
20230601093301290,6.31,6.3,6.332076106652861
20230601093301890,6.31,6.3,6.332074678056041
20230601093302070,6.31,6.3,6.332072602562444
20230601093302100,6.31,6.3,6.332072602562444
20230601093302220,6.31,6.3,6.332072602562444
20230601093302370,6.31,6.3,6.332072602562444
20230601093302600,6.31,6.3,6.332072602562444
20230601093302820,6.31,6.3,6.332072602562444
20230601093303150,6.31,6.3,6.332072602562444
20230601093303420,6.32,6.31,6.331653653272393
20230601093303440,6.32,6.31,6.3316481563749445
20230601093303450,6.32,6.31,6.331639916259595
20230601093303480,6.31,6.3,6.331630310716551
20230601093303540,6.31,6.3,6.331630310716551
20230601093303600,6.31,6.31,6.331630310716551
20230601093303650,6.31,6.31,6.331630310716551
20230601093303710,6.31,6.31,6.331630310716551
20230601093304060,6.31,6.31,6.331630310716551
20230601093304190,6.31,6.31,6.331630310716551
20230601093304250,6.31,6.31,6.331630310716551
20230601093304570,6.31,6.31,6.331630310716551
20230601093304930,6.31,6.31,6.331630310716551
20230601093305240,6.31,6.31,6.331605649860654
20230601093305370,6.31,6.31,6.331605649860654
20230601093305530,6.31,6.31,6.331605649860654
20230601093305760,6.31,6.31,6.331600177304964
20230601093305980,6.31,6.31,6.331600177304964
20230601093305990,6.31,6.31,6.3315960747071856
20230601093306030,6.31,6.31,6.3315960747071856
20230601093306050,6.31,6.31,6.3315960747071856
20230601093306080,6.31,6.31,6.3315960747071856
20230601093306800,6.31,6.31,6.331541521945058
20230601093307270,6.31,6.3,6.331531565656566
20230601093307290,6.31,6.3,6.331528847367757
20230601093307390,6.31,6.3,6.331528847367757
20230601093307520,6.31,6.3,6.331528847367757
20230601093307750,6.31,6.3,6.331528847367757
20230601093307970,6.31,6.3,6.331528847367757
20230601093307990,6.31,6.3,6.331528847367757
20230601093308310,6.31,6.3,6.331518899476242
20230601093308340,6.31,6.3,6.331518899476242
20230601093308570,6.31,6.3,6.331386200829458
20230601093308690,6.31,6.3,6.331386200829458
20230601093308720,6.31,6.3,6.331386200829458
20230601093308750,6.31,6.3,6.331386200829458
20230601093308790,6.31,6.3,6.331386200829458
20230601093309060,6.31,6.3,6.331386200829458
20230601093309080,6.31,6.3,6.331386200829458
20230601093309910,6.31,6.3,6.331386200829458
20230601093309930,6.31,6.3,6.331386200829458
20230601093309940,6.31,6.3,6.331386200829458
20230601093309960,6.31,6.3,6.331386200829458
20230601093309970,6.31,6.3,6.331386200829458
20230601093309990,6.31,6.3,6.331375455344806
20230601093310160,6.31,6.3,6.331375455344806
20230601093310230,6.31,6.3,6.331373484896062
20230601093310250,6.31,6.3,6.331373484896062
20230601093310260,6.31,6.3,6.331373484896062
20230601093310290,6.31,6.3,6.331373484896062
20230601093310320,6.31,6.3,6.331373484896062
20230601093310530,6.31,6.3,6.331373484896062
20230601093310770,6.31,6.3,6.331061369147547
20230601093310810,6.31,6.3,6.331061369147547
20230601093310870,6.31,6.3,6.331061369147547
20230601093310880,6.31,6.3,6.331061369147547
20230601093310930,6.31,6.3,6.331061369147547
20230601093310970,6.31,6.3,6.331061369147547
20230601093311200,6.31,6.3,6.331061369147547
20230601093311280,6.31,6.3,6.3310561322807235
20230601093311330,6.31,6.3,6.3310561322807235
20230601093311410,6.31,6.3,6.3310561322807235
20230601093311570,6.31,6.3,6.331052206339341
20230601093311580,6.31,6.3,6.331052206339341
20230601093311710,6.31,6.3,6.331052206339341
20230601093311920,6.31,6.3,6.331052206339341
20230601093311930,6.31,6.3,6.331052206339341
20230601093312010,6.31,6.3,6.331042559801181
20230601093312730,6.31,6.3,6.331042559801181
20230601093313080,6.31,6.3,6.331004033509153
20230601093313100,6.31,6.3,6.331004033509153
20230601093313110,6.31,6.3,6.331004033509153
20230601093313460,6.31,6.3,6.331004033509153
20230601093313520,6.31,6.3,6.331004033509153
20230601093313680,6.31,6.3,6.330980598772702
20230601093313750,6.31,6.3,6.330932664933779
20230601093313910,6.31,6.3,6.330932664933779
20230601093314100,6.31,6.3,6.330932664933779
20230601093314200,6.31,6.3,6.330926922838933
20230601093314640,6.31,6.3,6.3309139818193065
20230601093314730,6.31,6.3,6.3309139818193065
20230601093314950,6.31,6.3,6.330901056795007
20230601093315030,6.31,6.3,6.330901056795007
20230601093315100,6.31,6.3,6.330901056795007
20230601093315710,6.31,6.3,6.330895328719723
20230601093316390,6.31,6.3,6.330891456106753
20230601093316420,6.31,6.3,6.330891456106753
20230601093316730,6.31,6.3,6.3308682505399565
20230601093316740,6.31,6.3,6.3308682505399565
20230601093316830,6.31,6.3,6.330863100746499
20230601093316900,6.31,6.3,6.330863100746499
20230601093317100,6.31,6.3,6.330863100746499
20230601093317350,6.31,6.3,6.330843811637081
20230601093317640,6.31,6.3,6.330838673896968
20230601093317820,6.31,6.3,6.330838673896968
20230601093317840,6.31,6.3,6.330668586836622
20230601093318030,6.31,6.3,6.330667320301489
20230601093318170,6.31,6.3,6.330667320301489
20230601093318660,6.31,6.3,6.33066544117647
20230601093318700,6.31,6.3,6.33066544117647
20230601093318760,6.31,6.3,6.33066544117647
20230601093318930,6.31,6.3,6.33066544117647
20230601093318970,6.31,6.3,6.33066544117647
20230601093319100,6.31,6.3,6.33066544117647
20230601093319150,6.31,6.3,6.33066544117647
20230601093319160,6.31,6.3,6.33066544117647
20230601093319600,6.31,6.3,6.330604838709678
20230601093319610,6.31,6.3,6.330604838709678
20230601093320150,6.31,6.3,6.330601099572388
20230601093320240,6.31,6.3,6.330601099572388
20230601093320660,6.31,6.3,6.330601099572388
20230601093320680,6.31,6.3,6.330599841182579
20230601093320830,6.31,6.3,6.330599841182579
20230601093320920,6.31,6.3,6.330596066935385
20230601093321000,6.31,6.3,6.330596066935385
20230601093321030,6.31,6.3,6.330596066935385
20230601093321120,6.31,6.3,6.330596066935385
20230601093321290,6.31,6.3,6.330596066935385
20230601093321300,6.31,6.3,6.330596066935385
20230601093321580,6.31,6.3,6.330596066935385
20230601093321590,6.31,6.3,6.330582992491301
20230601093322230,6.31,6.3,6.330582992491301
20230601093322520,6.31,6.3,6.330560400024392
20230601093322550,6.31,6.3,6.330560400024392
20230601093322810,6.31,6.3,6.330560400024392
20230601093322820,6.31,6.3,6.33055538620984
20230601093322850,6.31,6.3,6.33055538620984
20230601093322930,6.31,6.3,6.33055538620984
20230601093323140,6.31,6.3,6.33055538620984
20230601093323260,6.31,6.3,6.33055538620984
20230601093323590,6.31,6.3,6.33055538620984
20230601093323850,6.31,6.3,6.33055538620984
20230601093324170,6.31,6.3,6.330544114062881
20230601093324330,6.31,6.3,6.330544114062881
20230601093324570,6.31,6.3,6.330544114062881
20230601093324660,6.31,6.3,6.330544114062881
20230601093324970,6.31,6.3,6.330544114062881
20230601093325780,6.31,6.3,6.330544114062881
20230601093326030,6.31,6.3,6.330539108187135
20230601093326160,6.31,6.3,6.330539108187135
20230601093326630,6.31,6.3,6.330539108187135
20230601093326910,6.31,6.3,6.330539108187135
20230601093327030,6.31,6.3,6.33053724797466
20230601093327100,6.31,6.3,6.33053724797466
20230601093327360,6.31,6.3,6.33053724797466
20230601093327400,6.31,6.3,6.33053724797466
20230601093328090,6.31,6.3,6.330509371957157
20230601093328190,6.31,6.3,6.330484439581814
20230601093328210,6.31,6.3,6.330484439581814
20230601093328340,6.31,6.3,6.33044742593492
20230601093328350,6.31,6.3,6.330442461762564
20230601093328900,6.31,6.3,6.330442461762564
20230601093329390,6.31,6.3,6.330442461762564
20230601093329480,6.31,6.3,6.3304003634161115
20230601093329890,6.31,6.3,6.3304003634161115
20230601093330390,6.31,6.3,6.3304003634161115
20230601093330690,6.31,6.3,6.3304003634161115
20230601093331030,6.31,6.3,6.3304003634161115
20230601093331050,6.31,6.3,6.330394840428753
20230601093331110,6.31,6.3,6.330391135868249
20230601093331130,6.31,6.3,6.330308556246603
20230601093331350,6.31,6.3,6.330306726240792
20230601093331930,6.31,6.3,6.330306726240792
20230601093331990,6.31,6.3,6.330306726240792
20230601093332100,6.31,6.31,6.330254140319181
20230601093332180,6.31,6.31,6.330250496778467
20230601093332200,6.31,6.31,6.330250496778467
20230601093332380,6.31,6.31,6.330250496778467
20230601093332490,6.31,6.31,6.330178807152286
20230601093332530,6.31,6.31,6.330178807152286
20230601093332640,6.31,6.31,6.330178807152286
20230601093332810,6.31,6.31,6.330178807152286
20230601093332860,6.31,6.31,6.330178807152286
20230601093332920,6.31,6.31,6.330178807152286
20230601093333000,6.31,6.31,6.330178807152286
20230601093333030,6.31,6.31,6.330178807152286
20230601093333060,6.31,6.31,6.330178807152286
20230601093333070,6.31,6.31,6.330175185985121
20230601093333150,6.31,6.31,6.330175185985121
20230601093333180,6.31,6.31,6.330175185985121
20230601093333850,6.31,6.31,6.330175185985121
20230601093333860,6.31,6.31,6.330170345489443
20230601093333910,6.31,6.31,6.330169135728423
20230601093333990,6.31,6.3,6.330123966942149
20230601093334060,6.31,6.3,6.330051915503043
20230601093334130,6.31,6.3,6.330051915503043
20230601093334160,6.31,6.3,6.330051915503043
20230601093334300,6.31,6.3,6.330051915503043
20230601093334480,6.31,6.3,6.330051915503043
20230601093334610,6.31,6.3,6.330051915503043
20230601093334760,6.31,6.3,6.330051915503043
20230601093335150,6.31,6.3,6.330050122322334
20230601093335160,6.31,6.3,6.33003936773039
20230601093335190,6.31,6.3,6.330035784576848
20230601093335280,6.31,6.3,6.330035784576848
20230601093335420,6.31,6.3,6.330035784576848
20230601093335820,6.31,6.3,6.330035784576848
20230601093336070,6.31,6.3,6.330032200357782
20230601093336190,6.31,6.3,6.330032200357782
20230601093336540,6.31,6.3,6.330032200357782
20230601093336670,6.31,6.3,6.330032200357782
20230601093336820,6.31,6.3,6.329964302712994
20230601093336950,6.31,6.3,6.329964302712994
20230601093337170,6.31,6.3,6.329964302712994
20230601093337200,6.31,6.3,6.329964302712994
20230601093337230,6.31,6.3,6.329964302712994
20230601093337240,6.31,6.3,6.329964302712994
20230601093337320,6.31,6.3,6.329964302712994
20230601093337390,6.31,6.3,6.329964302712994
20230601093337480,6.31,6.3,6.329964302712994
20230601093337570,6.31,6.3,6.329964302712994
20230601093337640,6.31,6.3,6.329964302712994
20230601093337690,6.31,6.3,6.329964302712994
20230601093337710,6.31,6.3,6.329964302712994
20230601093337830,6.31,6.3,6.329958955445839
20230601093338250,6.31,6.3,6.329958955445839
20230601093338580,6.31,6.3,6.329958955445839
20230601093338720,6.31,6.3,6.329958955445839
20230601093339110,6.31,6.3,6.329958955445839
20230601093339170,6.31,6.3,6.329958955445839
20230601093339680,6.31,6.3,6.329958955445839
20230601093339880,6.31,6.3,6.32995420755278
20230601093339920,6.31,6.3,6.32995420755278
20230601093340550,6.31,6.3,6.329895048917877
20230601093340610,6.31,6.3,6.329895048917877
20230601093340640,6.31,6.3,6.329895048917877
20230601093341070,6.31,6.3,6.3298915105525255
20230601093341080,6.31,6.3,6.3298879668049794
20230601093341090,6.31,6.3,6.329886195246281
20230601093341130,6.31,6.3,6.329845507280691
20230601093341140,6.31,6.3,6.329843740751702
20230601093341150,6.31,6.3,6.329822558703496
20230601093341210,6.31,6.3,6.329822558703496
20230601093341230,6.31,6.3,6.329820214087173
20230601093341320,6.31,6.3,6.329820214087173
20230601093341620,6.31,6.3,6.329816687363254
20230601093341800,6.31,6.3,6.329816687363254
20230601093341900,6.31,6.3,6.329816687363254
20230601093341970,6.31,6.3,6.329816687363254
20230601093342030,6.31,6.3,6.329816687363254
20230601093342190,6.31,6.3,6.329816687363254
20230601093342230,6.31,6.3,6.329816687363254
20230601093342260,6.31,6.3,6.329816687363254
20230601093342270,6.31,6.3,6.329816687363254
20230601093342330,6.31,6.3,6.329814343995743
20230601093342570,6.31,6.3,6.329802635466525
20230601093342750,6.31,6.3,6.329802635466525
20230601093343150,6.31,6.3,6.329802635466525
20230601093343200,6.31,6.3,6.329802635466525
20230601093343260,6.31,6.3,6.329802635466525
20230601093343310,6.31,6.3,6.329802635466525
20230601093343450,6.31,6.3,6.329802635466525
20230601093343470,6.31,6.3,6.329802635466525
20230601093343620,6.31,6.3,6.329802635466525
20230601093343670,6.31,6.3,6.329774484916465
20230601093343720,6.31,6.3,6.329669392317195
20230601093343790,6.31,6.3,6.329516591560836
20230601093343850,6.31,6.3,6.329516591560836
20230601093344190,6.31,6.3,6.329516591560836
20230601093344200,6.31,6.3,6.3295131371057405
20230601093344240,6.31,6.3,6.3295131371057405
20230601093344250,6.31,6.3,6.3295131371057405
20230601093344610,6.31,6.3,6.3295131371057405
20230601093345240,6.31,6.3,6.3295131371057405
20230601093345400,6.31,6.3,6.32950857075996
20230601093345420,6.31,6.3,6.329506844506844
20230601093345540,6.31,6.3,6.329505703422053
20230601093345570,6.31,6.31,6.328807106598985
20230601093345580,6.31,6.31,6.328753163489117
20230601093345590,6.31,6.31,6.328676487061723
20230601093345600,6.31,6.31,6.328671258189148
20230601093345610,6.31,6.31,6.3286014727211874
20230601093345620,6.31,6.31,6.328592138277112
20230601093345630,6.31,6.31,6.328584884628246
20230601093345640,6.31,6.31,6.328579706914804
20230601093345650,6.31,6.31,6.328576601671309
20230601093345660,6.31,6.31,6.3285724629609
20230601093345670,6.31,6.31,6.3285724629609
20230601093345680,6.31,6.31,6.3285724629609
20230601093345690,6.31,6.31,6.3285724629609
20230601093345700,6.31,6.31,6.3285724629609
20230601093345720,6.31,6.31,6.3285724629609
20230601093345730,6.31,6.31,6.32856832609422
