Timestamp,ask1,bid1,VWAP
20230602093000020,6.37,6.36,6.379875340864823
20230602093000030,6.37,6.36,6.379863813229572
20230602093000040,6.36,6.35,6.379719122739515
20230602093000050,6.36,6.35,6.379719122739515
20230602093000060,6.36,6.35,6.379696387394312
20230602093000070,6.36,6.35,6.379688820591625
20230602093000080,6.37,6.35,6.379338842975207
20230602093000090,6.37,6.35,6.379338842975207
20230602093000100,6.37,6.35,6.379338842975207
20230602093000110,6.37,6.35,6.379269202087994
20230602093000120,6.37,6.35,6.379269202087994
20230602093000130,6.37,6.35,6.379269202087994
20230602093000140,6.37,6.35,6.3792622950819675
20230602093000150,6.37,6.35,6.3791195891416
20230602093000160,6.37,6.35,6.3791195891416
20230602093000170,6.37,6.36,6.379066374908826
20230602093000180,6.37,6.36,6.379000724112962
20230602093000190,6.37,6.36,6.379000724112962
20230602093000200,6.37,6.36,6.378806234502303
20230602093000210,6.37,6.36,6.3787729844413015
20230602093000220,6.37,6.36,6.378578838174274
20230602093000230,6.37,6.36,6.378578838174274
20230602093000240,6.37,6.36,6.378578838174274
20230602093000250,6.36,6.35,6.378385220663701
20230602093000260,6.36,6.35,6.378347558893821
20230602093000280,6.36,6.35,6.378241683638833
20230602093000290,6.36,6.35,6.378241683638833
20230602093000300,6.36,6.35,6.378235493722429
20230602093000310,6.36,6.35,6.378235493722429
20230602093000320,6.36,6.35,6.377637020019692
20230602093000330,6.36,6.35,6.377637020019692
20230602093000340,6.36,6.35,6.377637020019692
20230602093000350,6.36,6.35,6.377637020019692
20230602093000360,6.36,6.35,6.377637020019692
20230602093000370,6.36,6.35,6.377391585760518
20230602093000380,6.36,6.35,6.377391585760518
20230602093000390,6.36,6.35,6.377385959236493
20230602093000400,6.36,6.35,6.377363489499192
20230602093000410,6.36,6.35,6.377357881136951
20230602093000440,6.36,6.35,6.377357881136951
20230602093000450,6.37,6.35,6.376780821917809
20230602093000470,6.37,6.35,6.376776602364655
20230602093000480,6.37,6.35,6.376776602364655
20230602093000490,6.37,6.35,6.376776602364655
20230602093000500,6.37,6.35,6.376776602364655
20230602093000510,6.37,6.35,6.376776602364655
20230602093000520,6.37,6.35,6.376776602364655
20230602093000530,6.37,6.35,6.376722222222222
20230602093000540,6.37,6.35,6.376416986139782
20230602093000550,6.37,6.35,6.376416986139782
20230602093000560,6.37,6.35,6.376386603995299
20230602093000570,6.37,6.35,6.376377236726313
20230602093000580,6.37,6.35,6.3763548669979535
20230602093000590,6.37,6.35,6.3763548669979535
20230602093000600,6.37,6.35,6.3763548669979535
20230602093000610,6.37,6.36,6.3763548669979535
20230602093000620,6.37,6.36,6.3763548669979535
20230602093000630,6.37,6.35,6.376250360542255
20230602093000640,6.37,6.35,6.376250360542255
20230602093000650,6.37,6.35,6.376250360542255
20230602093000660,6.36,6.35,6.376250360542255
20230602093000670,6.37,6.35,6.37609602743641
20230602093000680,6.37,6.35,6.37609602743641
20230602093000690,6.37,6.35,6.375991573033708
20230602093000710,6.37,6.35,6.375991573033708
20230602093000720,6.37,6.35,6.375991573033708
20230602093000730,6.37,6.36,6.375991573033708
20230602093000740,6.37,6.36,6.375991573033708
20230602093000750,6.37,6.36,6.375958100558659
20230602093000760,6.37,6.36,6.375958100558659
20230602093000770,6.37,6.36,6.3759415041782725
20230602093000780,6.37,6.36,6.3759415041782725
20230602093000790,6.37,6.36,6.3759415041782725
20230602093000800,6.37,6.36,6.3759415041782725
20230602093000810,6.37,6.36,6.3759415041782725
20230602093000820,6.37,6.36,6.3759415041782725
20230602093000830,6.37,6.36,6.3759415041782725
20230602093000850,6.37,6.36,6.37589226519337
20230602093000860,6.37,6.36,6.375890637945319
20230602093000870,6.37,6.36,6.375890637945319
20230602093000880,6.37,6.36,6.375864723673357
20230602093000890,6.37,6.36,6.375864723673357
20230602093000900,6.37,6.36,6.375864723673357
20230602093000910,6.37,6.36,6.375864723673357
20230602093000920,6.37,6.36,6.375864723673357
20230602093000940,6.37,6.36,6.375864723673357
20230602093000950,6.37,6.36,6.375864723673357
20230602093000970,6.37,6.36,6.375864723673357
20230602093000980,6.37,6.36,6.375861500412201
20230602093000990,6.37,6.36,6.3758534577387485
20230602093001000,6.37,6.36,6.375845437106056
20230602093001010,6.37,6.36,6.375845437106056
20230602093001030,6.37,6.36,6.375834245076587
20230602093001040,6.37,6.36,6.375807242036482
20230602093001050,6.37,6.36,6.375807242036482
20230602093001060,6.37,6.36,6.375807242036482
20230602093001070,6.37,6.36,6.375807242036482
20230602093001080,6.37,6.36,6.375807242036482
20230602093001090,6.37,6.36,6.375794341675735
20230602093001100,6.37,6.36,6.375755201296947
20230602093001120,6.37,6.36,6.375755201296947
20230602093001130,6.37,6.36,6.375755201296947
20230602093001140,6.37,6.36,6.375755201296947
20230602093001150,6.37,6.36,6.375755201296947
20230602093001160,6.37,6.36,6.375755201296947
20230602093001180,6.37,6.36,6.375755201296947
20230602093001190,6.37,6.36,6.375755201296947
20230602093001210,6.37,6.36,6.375755201296947
20230602093001220,6.37,6.36,6.375755201296947
20230602093001230,6.37,6.36,6.375750539956804
20230602093001240,6.37,6.36,6.375750539956804
20230602093001260,6.37,6.36,6.375750539956804
20230602093001270,6.37,6.36,6.375735056542811
20230602093001280,6.37,6.36,6.375735056542811
20230602093001300,6.37,6.36,6.375711987127916
20230602093001310,6.37,6.36,6.375711987127916
20230602093001330,6.37,6.36,6.375675459632294
20230602093001350,6.37,6.36,6.375667908461947
20230602093001360,6.37,6.36,6.375666400638468
20230602093001370,6.37,6.36,6.375654366870188
20230602093001380,6.37,6.36,6.375646059962855
20230602093001420,6.37,6.36,6.375646059962855
20230602093001470,6.37,6.36,6.375646059962855
20230602093001500,6.37,6.36,6.375646059962855
20230602093001510,6.37,6.36,6.375646059962855
20230602093001520,6.37,6.36,6.375646059962855
20230602093001530,6.37,6.36,6.375644562334218
20230602093001540,6.37,6.36,6.375644562334218
20230602093001570,6.37,6.36,6.375643065499867
20230602093001610,6.37,6.36,6.375643065499867
20230602093001630,6.37,6.36,6.375628140703518
20230602093001640,6.37,6.36,6.375628140703518
20230602093001650,6.37,6.36,6.375628140703518
20230602093001660,6.37,6.36,6.3756266525647804
20230602093001670,6.37,6.36,6.3756266525647804
20230602093001680,6.37,6.36,6.3756266525647804
20230602093001700,6.37,6.36,6.3756266525647804
20230602093001710,6.37,6.36,6.3756266525647804
20230602093001750,6.37,6.36,6.3756266525647804
20230602093001760,6.37,6.36,6.3756266525647804
20230602093001770,6.37,6.36,6.3756266525647804
20230602093001800,6.37,6.36,6.3756266525647804
20230602093001810,6.37,6.36,6.3756266525647804
20230602093001830,6.37,6.36,6.3756266525647804
20230602093001840,6.37,6.36,6.3756266525647804
20230602093001860,6.37,6.36,6.3756266525647804
20230602093001870,6.37,6.36,6.3756266525647804
20230602093001880,6.37,6.36,6.3756266525647804
20230602093001900,6.37,6.36,6.3756266525647804
20230602093001910,6.37,6.36,6.3756266525647804
20230602093001930,6.37,6.36,6.3756266525647804
20230602093001940,6.37,6.36,6.3756266525647804
20230602093001960,6.37,6.36,6.3756266525647804
20230602093001980,6.37,6.36,6.375614266842801
20230602093001990,6.37,6.36,6.375584756898817
20230602093002000,6.37,6.36,6.375584756898817
20230602093002080,6.37,6.36,6.375583289542827
20230602093002100,6.37,6.36,6.375583289542827
20230602093002130,6.37,6.36,6.375583289542827
20230602093002150,6.37,6.36,6.375575964313828
20230602093002220,6.37,6.36,6.375575964313828
20230602093002300,6.37,6.38,6.375570117955439
20230602093002350,6.37,6.38,6.375570117955439
20230602093002380,6.37,6.38,6.375570117955439
20230602093002400,6.37,6.38,6.375570117955439
20230602093002430,6.37,6.38,6.375570117955439
20230602093002450,6.37,6.38,6.375570117955439
20230602093002460,6.37,6.38,6.375570117955439
20230602093002470,6.37,6.38,6.375570117955439
20230602093002500,6.37,6.38,6.375570117955439
20230602093002510,6.37,6.38,6.375570117955439
20230602093002560,6.37,6.38,6.375570117955439
20230602093002570,6.37,6.38,6.375570117955439
20230602093002640,6.37,6.38,6.375570117955439
20230602093002680,6.37,6.38,6.375570117955439
20230602093002700,6.37,6.38,6.375570117955439
20230602093002720,6.37,6.38,6.375570117955439
20230602093002730,6.37,6.38,6.375570117955439
20230602093002740,6.37,6.38,6.375570117955439
20230602093002800,6.37,6.38,6.375570117955439
20230602093002820,6.37,6.38,6.375570117955439
20230602093002830,6.37,6.38,6.375570117955439
20230602093002900,6.37,6.38,6.375570117955439
20230602093002910,6.37,6.38,6.375570117955439
20230602093002920,6.37,6.38,6.375570117955439
20230602093002930,6.37,6.38,6.375570117955439
20230602093002960,6.37,6.38,6.375570117955439
20230602093002970,6.37,6.38,6.375570117955439
20230602093002990,6.37,6.38,6.375570117955439
20230602093003000,6.37,6.38,6.375570117955439
20230602093003010,6.37,6.38,6.375570117955439
20230602093003020,6.37,6.38,6.375570117955439
20230602093003030,6.37,6.38,6.375570117955439
20230602093003050,6.37,6.38,6.375570117955439
20230602093003060,6.37,6.38,6.375570117955439
20230602093003070,6.37,6.38,6.375570117955439
20230602093003100,6.37,6.38,6.375570117955439
20230602093003120,6.37,6.38,6.375570117955439
20230602093003130,6.37,6.38,6.375570117955439
20230602093003170,6.37,6.38,6.375570117955439
20230602093003210,6.37,6.38,6.375570117955439
20230602093003220,6.37,6.38,6.375570117955439
20230602093003230,6.37,6.38,6.375570117955439
20230602093003250,6.37,6.38,6.375570117955439
20230602093003270,6.37,6.38,6.375570117955439
20230602093003280,6.37,6.38,6.375570117955439
20230602093003290,6.37,6.38,6.375570117955439
20230602093003300,6.37,6.38,6.375570117955439
20230602093003320,6.37,6.38,6.375570117955439
20230602093003330,6.37,6.38,6.375570117955439
20230602093003370,6.37,6.38,6.375570117955439
20230602093003390,6.37,6.38,6.375570117955439
20230602093003400,6.37,6.38,6.375570117955439
20230602093003410,6.37,6.38,6.375570117955439
20230602093003470,6.37,6.38,6.375570117955439
20230602093003490,6.37,6.38,6.375570117955439
20230602093003500,6.37,6.38,6.375570117955439
20230602093003510,6.37,6.38,6.375570117955439
20230602093003540,6.37,6.38,6.375570117955439
20230602093003560,6.37,6.38,6.375570117955439
20230602093003580,6.37,6.36,6.375570117955439
20230602093003590,6.37,6.36,6.375570117955439
20230602093003600,6.37,6.36,6.375570117955439
20230602093003690,6.37,6.36,6.375570117955439
20230602093003700,6.37,6.36,6.375570117955439
20230602093003710,6.37,6.36,6.375570117955439
20230602093003750,6.37,6.36,6.375570117955439
20230602093003780,6.37,6.36,6.375570117955439
20230602093003800,6.37,6.36,6.375570117955439
20230602093003810,6.37,6.36,6.375570117955439
20230602093003820,6.37,6.36,6.375570117955439
20230602093003830,6.37,6.36,6.375570117955439
20230602093003840,6.37,6.36,6.375570117955439
20230602093003870,6.37,6.36,6.375570117955439
20230602093003930,6.37,6.36,6.375570117955439
20230602093003940,6.37,6.36,6.375570117955439
20230602093003950,6.37,6.36,6.375570117955439
20230602093003960,6.37,6.36,6.375570117955439
20230602093003970,6.37,6.36,6.375570117955439
20230602093003990,6.37,6.36,6.375570117955439
20230602093004000,6.37,6.36,6.375570117955439
20230602093004010,6.37,6.36,6.375570117955439
20230602093004020,6.37,6.36,6.375570117955439
20230602093004040,6.37,6.36,6.375570117955439
20230602093004050,6.37,6.36,6.375570117955439
20230602093004090,6.37,6.36,6.375570117955439
20230602093004130,6.37,6.36,6.375570117955439
20230602093004140,6.37,6.36,6.37505772005772
20230602093004160,6.37,6.36,6.37505772005772
20230602093004200,6.37,6.36,6.37505772005772
20230602093004210,6.37,6.36,6.37505772005772
20230602093004390,6.37,6.36,6.37505772005772
20230602093004440,6.37,6.36,6.37505772005772
20230602093004460,6.37,6.36,6.37505772005772
20230602093004470,6.37,6.36,6.374979776350226
20230602093004480,6.37,6.36,6.374979776350226
20230602093004680,6.37,6.36,6.374979776350226
20230602093004740,6.37,6.36,6.374979776350226
20230602093004770,6.37,6.36,6.374979776350226
20230602093004780,6.37,6.36,6.374979776350226
20230602093004790,6.37,6.36,6.374979776350226
20230602093004800,6.37,6.36,6.374979776350226
20230602093004820,6.37,6.36,6.374979776350226
20230602093004910,6.37,6.36,6.374979776350226
20230602093004920,6.37,6.36,6.374979776350226
20230602093004930,6.37,6.36,6.374979776350226
20230602093004940,6.37,6.36,6.374921232071479
20230602093004980,6.37,6.36,6.374921232071479
20230602093005000,6.37,6.36,6.374918918918919
20230602093005020,6.37,6.36,6.374918918918919
20230602093005070,6.37,6.36,6.374918918918919
20230602093005090,6.37,6.36,6.374907385697538
20230602093005100,6.37,6.36,6.374907385697538
20230602093005130,6.37,6.36,6.374907385697538
20230602093005160,6.37,6.36,6.374907385697538
20230602093005260,6.37,6.36,6.374907385697538
20230602093005350,6.37,6.36,6.374907385697538
20230602093005460,6.37,6.36,6.374907385697538
20230602093005480,6.37,6.36,6.374907385697538
20230602093005490,6.37,6.36,6.374966396292004
20230602093005590,6.37,6.36,6.374966396292004
20230602093005790,6.37,6.36,6.374966396292004
20230602093005900,6.37,6.36,6.374966396292004
20230602093006000,6.37,6.36,6.374984991918725
20230602093006030,6.37,6.36,6.374984991918725
20230602093006160,6.37,6.36,6.374984991918725
20230602093006170,6.37,6.36,6.374984991918725
20230602093006200,6.37,6.36,6.374988463313336
20230602093006220,6.37,6.36,6.374988463313336
20230602093006260,6.37,6.37,6.374988463313336
20230602093006390,6.37,6.37,6.374988463313336
20230602093006460,6.37,6.36,6.3749861623616235
20230602093006490,6.37,6.36,6.3749861623616235
20230602093006590,6.37,6.36,6.3749861623616235
20230602093006630,6.37,6.36,6.3749861623616235
20230602093006660,6.37,6.36,6.3749861623616235
20230602093006680,6.37,6.36,6.3749861623616235
20230602093006790,6.37,6.36,6.3749861623616235
20230602093006810,6.37,6.36,6.3749861623616235
20230602093006910,6.37,6.36,6.3749861623616235
20230602093006950,6.37,6.36,6.3749861623616235
20230602093006960,6.37,6.36,6.3749861623616235
20230602093006990,6.37,6.36,6.3749861623616235
20230602093007000,6.37,6.36,6.3749861623616235
20230602093007010,6.37,6.36,6.3749861623616235
20230602093007020,6.37,6.36,6.3749861623616235
20230602093007070,6.37,6.36,6.3749861623616235
20230602093007110,6.37,6.36,6.3749861623616235
20230602093007130,6.37,6.36,6.3749861623616235
20230602093007150,6.37,6.36,6.3749769585253455
20230602093007160,6.37,6.37,6.3749769585253455
20230602093007220,6.37,6.37,6.3749769585253455
20230602093007320,6.37,6.37,6.3749769585253455
20230602093007360,6.37,6.37,6.3749769585253455
20230602093007420,6.37,6.37,6.374982738780207
20230602093007430,6.37,6.37,6.374982738780207
20230602093007440,6.37,6.37,6.374982738780207
20230602093007450,6.36,6.36,6.3749689583812374
20230602093007550,6.36,6.36,6.3749689583812374
20230602093007580,6.36,6.36,6.3749689583812374
20230602093007590,6.36,6.36,6.3749689583812374
20230602093007620,6.36,6.36,6.3749689583812374
20230602093007700,6.36,6.36,6.3749689583812374
20230602093007750,6.36,6.36,6.3749689583812374
20230602093007760,6.36,6.36,6.3749689583812374
20230602093007850,6.36,6.36,6.3749689583812374
20230602093007940,6.36,6.36,6.3749689583812374
20230602093008020,6.36,6.36,6.3749689583812374
20230602093008040,6.36,6.36,6.3749689583812374
20230602093008050,6.36,6.36,6.3749689583812374
20230602093008080,6.36,6.36,6.3749689583812374
20230602093008130,6.36,6.36,6.3749689583812374
20230602093008140,6.36,6.36,6.3749689583812374
20230602093008180,6.36,6.36,6.3749689583812374
20230602093008190,6.36,6.36,6.3749689583812374
20230602093008250,6.36,6.36,6.3749689583812374
20230602093008260,6.36,6.36,6.3749689583812374
20230602093008310,6.36,6.36,6.3749689583812374
20230602093008340,6.36,6.36,6.3749689583812374
20230602093008350,6.36,6.36,6.3749689583812374
20230602093008380,6.36,6.36,6.3749689583812374
20230602093008400,6.36,6.36,6.3749689583812374
20230602093008420,6.36,6.36,6.3749689583812374
20230602093008470,6.36,6.36,6.3749689583812374
20230602093008480,6.36,6.36,6.3749689583812374
20230602093008520,6.36,6.36,6.3749689583812374
20230602093008570,6.36,6.36,6.3749689583812374
20230602093008590,6.36,6.36,6.3749689583812374
20230602093008610,6.36,6.36,6.3749689583812374
20230602093008630,6.36,6.36,6.3749689583812374
20230602093008720,6.36,6.36,6.3749689583812374
20230602093008750,6.36,6.36,6.3749689583812374
20230602093008810,6.37,6.36,6.374957559073182
20230602093008850,6.37,6.36,6.374957559073182
20230602093008880,6.37,6.36,6.374957559073182
20230602093008890,6.37,6.36,6.374957559073182
20230602093009250,6.37,6.37,6.374904675442578
20230602093009610,6.37,6.37,6.374904675442578
20230602093009780,6.37,6.37,6.374904675442578
20230602093009830,6.37,6.37,6.374904675442578
20230602093010200,6.37,6.37,6.374904675442578
20230602093010220,6.37,6.37,6.374904675442578
20230602093010290,6.37,6.37,6.374904675442578
20230602093010430,6.37,6.37,6.374904675442578
20230602093010540,6.37,6.37,6.374903562514182
20230602093010640,6.37,6.37,6.374903562514182
20230602093010650,6.37,6.37,6.374903562514182
20230602093010700,6.37,6.37,6.374903562514182
20230602093010710,6.37,6.37,6.374902450090744
20230602093011500,6.37,6.37,6.374904761904762
20230602093011710,6.37,6.37,6.374904761904762
20230602093012850,6.37,6.37,6.374904761904762
20230602093013070,6.37,6.37,6.374904761904762
20230602093013120,6.37,6.37,6.374904761904762
20230602093013140,6.37,6.37,6.374960753532182
20230602093013230,6.37,6.37,6.374960753532182
20230602093013290,6.37,6.37,6.374960753532182
20230602093013740,6.39,6.38,6.37596298957959
20230602093014020,6.39,6.38,6.37596298957959
20230602093014550,6.39,6.38,6.375974561089215
20230602093014720,6.39,6.38,6.375974561089215
20230602093014820,6.39,6.38,6.375974561089215
20230602093014880,6.39,6.38,6.375974561089215
20230602093015370,6.39,6.38,6.375974561089215
20230602093015420,6.39,6.38,6.3759921273930935
20230602093015820,6.39,6.38,6.3759921273930935
20230602093016080,6.39,6.38,6.375994277539342
20230602093016650,6.39,6.38,6.375994277539342
20230602093016670,6.39,6.38,6.375994277539342
20230602093016700,6.39,6.38,6.376002141709798
20230602093017630,6.39,6.38,6.376002141709798
20230602093017640,6.39,6.38,6.376002141709798
20230602093017820,6.39,6.38,6.376002141709798
20230602093017830,6.39,6.38,6.376002141709798
20230602093017950,6.39,6.38,6.376002141709798
20230602093018330,6.39,6.38,6.376002141709798
20230602093018690,6.39,6.38,6.376002141709798
20230602093018870,6.39,6.38,6.376002141709798
20230602093018880,6.39,6.38,6.376004281127363
20230602093019060,6.39,6.38,6.376004281127363
20230602093019090,6.39,6.38,6.376004281127363
20230602093019120,6.39,6.38,6.376004281127363
20230602093019490,6.39,6.38,6.376004281127363
20230602093019520,6.39,6.38,6.376067574739077
20230602093020040,6.39,6.38,6.376067574739077
20230602093020160,6.39,6.38,6.376067574739077
20230602093020230,6.39,6.38,6.376067574739077
20230602093020590,6.39,6.38,6.37607489842784
20230602093020600,6.39,6.38,6.37607489842784
20230602093022000,6.39,6.38,6.37607489842784
20230602093022070,6.39,6.38,6.37607489842784
20230602093022080,6.39,6.38,6.37607489842784
20230602093022100,6.39,6.38,6.37607489842784
20230602093022110,6.39,6.38,6.37607489842784
20230602093022120,6.39,6.38,6.37607489842784
20230602093022130,6.39,6.38,6.37607489842784
20230602093022170,6.39,6.38,6.37607489842784
20230602093022750,6.39,6.38,6.37607489842784
20230602093022760,6.39,6.38,6.37607489842784
20230602093022810,6.39,6.38,6.37607489842784
20230602093023390,6.39,6.38,6.37607489842784
20230602093023690,6.39,6.38,6.37607489842784
20230602093023880,6.39,6.38,6.37607489842784
20230602093024070,6.39,6.38,6.37607489842784
20230602093024310,6.39,6.38,6.37607489842784
20230602093024770,6.39,6.38,6.37607489842784
20230602093024790,6.39,6.38,6.37607489842784
20230602093024900,6.39,6.38,6.37607489842784
20230602093025340,6.39,6.38,6.37607489842784
20230602093025530,6.39,6.38,6.37607489842784
20230602093025620,6.39,6.38,6.37607489842784
20230602093025640,6.39,6.38,6.37607489842784
20230602093025830,6.39,6.38,6.37607489842784
20230602093025880,6.39,6.38,6.37607489842784
20230602093026040,6.39,6.38,6.37607489842784
20230602093026300,6.39,6.38,6.37607489842784
20230602093026340,6.39,6.38,6.37607489842784
20230602093026520,6.39,6.38,6.37607489842784
20230602093026830,6.39,6.38,6.3761554476058295
20230602093026960,6.39,6.38,6.3761554476058295
20230602093027160,6.38,6.37,6.376416869424169
20230602093027170,6.38,6.37,6.376435371954171
20230602093027200,6.38,6.37,6.376468425259792
20230602093027360,6.38,6.37,6.376468425259792
20230602093027460,6.38,6.37,6.376496431403648
20230602093027540,6.38,6.37,6.376496431403648
20230602093027630,6.38,6.37,6.376496431403648
20230602093027810,6.38,6.37,6.376517420778812
20230602093027820,6.38,6.37,6.376517420778812
20230602093027900,6.38,6.37,6.376522902565717
20230602093027930,6.38,6.37,6.376522902565717
20230602093028070,6.38,6.37,6.376522902565717
20230602093028100,6.38,6.37,6.376522902565717
20230602093028140,6.38,6.37,6.376554897067997
20230602093028340,6.38,6.37,6.376554897067997
20230602093028380,6.38,6.37,6.376557581424342
20230602093028630,6.38,6.37,6.376557581424342
20230602093028750,6.38,6.37,6.376578906612978
20230602093028790,6.38,6.37,6.3765815536985455
20230602093028820,6.38,6.37,6.3765815536985455
20230602093028860,6.38,6.37,6.3765815536985455
20230602093029010,6.38,6.37,6.3765815536985455
20230602093029040,6.38,6.37,6.376594202898551
20230602093029280,6.38,6.37,6.376594202898551
20230602093029580,6.38,6.37,6.376631594998475
20230602093029590,6.38,6.37,6.3766321085531334
20230602093029880,6.38,6.37,6.3766321085531334
20230602093029910,6.38,6.37,6.3766321085531334
20230602093029940,6.38,6.37,6.3766321085531334
20230602093029980,6.38,6.37,6.376651508261331
20230602093030290,6.38,6.37,6.376664149803685
20230602093030300,6.38,6.38,6.376664149803685
20230602093030340,6.38,6.38,6.376664149803685
20230602093030960,6.38,6.38,6.376664149803685
20230602093030980,6.38,6.38,6.376664149803685
20230602093031030,6.38,6.38,6.376664149803685
20230602093031070,6.38,6.38,6.376677215189874
20230602093031080,6.38,6.38,6.376677215189874
20230602093031100,6.38,6.38,6.376677215189874
20230602093031110,6.38,6.38,6.376678716674198
20230602093031170,6.38,6.38,6.376678716674198
20230602093031210,6.38,6.38,6.376678716674198
20230602093031330,6.38,6.38,6.376678716674198
20230602093031740,6.38,6.38,6.376678716674198
20230602093031750,6.38,6.38,6.376678716674198
20230602093031770,6.38,6.38,6.376678716674198
20230602093031780,6.38,6.38,6.376678716674198
20230602093031800,6.38,6.38,6.376678716674198
20230602093031810,6.38,6.38,6.376678716674198
20230602093031840,6.38,6.38,6.376678716674198
20230602093031880,6.38,6.38,6.376678716674198
20230602093031910,6.38,6.38,6.376678716674198
20230602093031920,6.38,6.38,6.376678716674198
20230602093031930,6.38,6.38,6.376678716674198
20230602093031980,6.38,6.38,6.376678716674198
20230602093032000,6.38,6.38,6.376694648478489
20230602093032010,6.38,6.38,6.376694648478489
20230602093032020,6.38,6.38,6.376694648478489
20230602093032050,6.38,6.38,6.376694648478489
20230602093032070,6.38,6.38,6.376694648478489
20230602093032120,6.38,6.38,6.376694648478489
20230602093032160,6.38,6.38,6.376694648478489
20230602093032170,6.38,6.38,6.376694648478489
20230602093032190,6.38,6.38,6.376694648478489
20230602093032230,6.38,6.38,6.376694648478489
20230602093032240,6.38,6.38,6.376694648478489
20230602093032260,6.38,6.38,6.376694648478489
20230602093032280,6.38,6.38,6.376694648478489
20230602093032290,6.38,6.38,6.376694648478489
20230602093032300,6.38,6.38,6.376694648478489
20230602093032340,6.38,6.38,6.376694648478489
20230602093032420,6.38,6.38,6.376694648478489
20230602093032440,6.38,6.38,6.376694648478489
20230602093032450,6.38,6.38,6.376694648478489
20230602093032470,6.38,6.38,6.376694648478489
20230602093032480,6.38,6.38,6.376694648478489
20230602093032510,6.38,6.38,6.376694648478489
20230602093032540,6.38,6.38,6.376694648478489
20230602093032570,6.38,6.38,6.376694648478489
20230602093032580,6.38,6.38,6.376694648478489
20230602093032610,6.38,6.38,6.376694648478489
20230602093032620,6.38,6.38,6.376694648478489
20230602093032630,6.38,6.38,6.376694648478489
20230602093032640,6.38,6.38,6.376694648478489
20230602093032670,6.38,6.38,6.376694648478489
20230602093032680,6.38,6.38,6.376694648478489
20230602093032710,6.38,6.38,6.376694648478489
20230602093032730,6.38,6.38,6.376694648478489
20230602093032740,6.38,6.38,6.376694648478489
20230602093032760,6.38,6.38,6.376694648478489
20230602093032780,6.38,6.38,6.376694648478489
20230602093032790,6.38,6.38,6.376694648478489
20230602093032800,6.38,6.38,6.376694648478489
20230602093032810,6.38,6.38,6.376694648478489
20230602093032820,6.38,6.38,6.376694648478489
20230602093032830,6.38,6.38,6.376694648478489
20230602093032840,6.38,6.38,6.376694648478489
20230602093032860,6.38,6.38,6.376694648478489
20230602093032870,6.38,6.38,6.376694648478489
20230602093032900,6.39,6.38,6.376694648478489
20230602093032920,6.39,6.38,6.376694648478489
20230602093032940,6.39,6.38,6.376694648478489
20230602093032950,6.39,6.38,6.376694648478489
20230602093032990,6.39,6.38,6.376694648478489
20230602093033010,6.39,6.38,6.376694648478489
20230602093033030,6.39,6.38,6.376866400355082
20230602093033050,6.39,6.38,6.376866400355082
20230602093033230,6.39,6.38,6.376866400355082
20230602093033330,6.39,6.38,6.376866400355082
20230602093033400,6.39,6.38,6.376866400355082
20230602093033820,6.39,6.38,6.376866400355082
20230602093033870,6.39,6.38,6.376866400355082
20230602093034030,6.39,6.38,6.376866400355082
20230602093034060,6.39,6.38,6.376866400355082
20230602093034070,6.39,6.38,6.376866400355082
20230602093034080,6.39,6.38,6.376866400355082
20230602093034150,6.39,6.38,6.376866400355082
20230602093034170,6.39,6.38,6.376866400355082
20230602093034270,6.39,6.38,6.376866400355082
20230602093034310,6.39,6.38,6.376866400355082
20230602093034350,6.39,6.38,6.376940645912133
20230602093034370,6.39,6.38,6.376940645912133
20230602093034440,6.39,6.38,6.376940645912133
20230602093034470,6.39,6.38,6.376940645912133
20230602093034480,6.4,6.38,6.378117802779616
20230602093034490,6.4,6.38,6.378225341028331
20230602093034500,6.4,6.39,6.378225341028331
20230602093034520,6.4,6.39,6.378225341028331
20230602093034560,6.4,6.39,6.378225341028331
20230602093034600,6.4,6.39,6.378225341028331
20230602093034670,6.4,6.39,6.378225341028331
20230602093034920,6.4,6.39,6.378225341028331
20230602093034940,6.4,6.39,6.378225341028331
20230602093034960,6.4,6.39,6.378226885245901
20230602093034990,6.4,6.39,6.378257684761282
20230602093035010,6.4,6.39,6.378257684761282
20230602093035210,6.4,6.39,6.378257684761282
20230602093035330,6.4,6.39,6.378257684761282
20230602093035380,6.4,6.39,6.378257684761282
20230602093035840,6.4,6.39,6.378257684761282
20230602093036000,6.4,6.39,6.378260755851968
20230602093036010,6.4,6.39,6.378283737927434
20230602093036390,6.4,6.39,6.378283737927434
20230602093036400,6.4,6.39,6.378283737927434
20230602093036580,6.4,6.39,6.378283737927434
20230602093037070,6.4,6.39,6.378283737927434
20230602093037080,6.4,6.39,6.378283737927434
20230602093037090,6.4,6.39,6.378283737927434
20230602093037110,6.4,6.39,6.378283737927434
20230602093037470,6.4,6.39,6.378283737927434
20230602093037480,6.4,6.39,6.378379677754678
20230602093037540,6.4,6.39,6.378379677754678
20230602093037590,6.4,6.39,6.378557989690722
20230602093037720,6.4,6.39,6.378557989690722
20230602093037790,6.4,6.39,6.378557989690722
20230602093037880,6.4,6.39,6.378557989690722
20230602093038010,6.4,6.39,6.378557989690722
20230602093038020,6.4,6.39,6.378557989690722
20230602093038160,6.4,6.39,6.378557989690722
20230602093038190,6.4,6.39,6.378557989690722
20230602093038460,6.4,6.39,6.378557989690722
20230602093038640,6.4,6.39,6.378557989690722
20230602093038750,6.4,6.39,6.378594733461785
20230602093038870,6.4,6.39,6.378594733461785
20230602093039030,6.4,6.39,6.378594733461785
20230602093039130,6.4,6.39,6.378594733461785
20230602093039210,6.4,6.39,6.378594733461785
20230602093039820,6.4,6.39,6.378594733461785
20230602093039920,6.4,6.39,6.378594733461785
20230602093040060,6.4,6.39,6.378594733461785
20230602093040070,6.4,6.39,6.378594733461785
20230602093040090,6.4,6.39,6.378594733461785
20230602093040100,6.4,6.39,6.378594733461785
20230602093040110,6.4,6.39,6.378594733461785
20230602093040130,6.4,6.39,6.378649583600256
20230602093040140,6.4,6.39,6.378649583600256
20230602093040160,6.4,6.39,6.378649583600256
20230602093040510,6.4,6.39,6.378835538752363
20230602093040840,6.4,6.39,6.378835538752363
20230602093041850,6.4,6.39,6.378835538752363
20230602093042010,6.4,6.39,6.3793963930806035
20230602093042040,6.4,6.39,6.3793963930806035
20230602093042170,6.4,6.39,6.3793963930806035
20230602093042250,6.4,6.39,6.3793963930806035
20230602093042310,6.4,6.39,6.3793963930806035
20230602093042410,6.4,6.39,6.3793963930806035
20230602093042660,6.4,6.39,6.3793963930806035
20230602093043070,6.4,6.39,6.3793963930806035
20230602093043140,6.4,6.39,6.379469437652812
20230602093043250,6.4,6.39,6.379469437652812
20230602093043270,6.4,6.39,6.379469437652812
20230602093043290,6.4,6.39,6.379469437652812
20230602093043310,6.4,6.39,6.379469437652812
20230602093043320,6.4,6.39,6.379469437652812
20230602093043480,6.4,6.39,6.379469437652812
20230602093043690,6.4,6.39,6.379469437652812
20230602093043850,6.4,6.39,6.379469437652812
20230602093043900,6.4,6.39,6.379469437652812
20230602093044250,6.4,6.39,6.37947194719472
20230602093044260,6.4,6.39,6.379474456123197
20230602093044300,6.4,6.39,6.379474456123197
20230602093044640,6.4,6.39,6.379474456123197
20230602093044780,6.4,6.39,6.379482169027845
20230602093045210,6.4,6.39,6.379482169027845
20230602093045380,6.4,6.39,6.379482169027845
20230602093045720,6.4,6.39,6.379482169027845
20230602093045980,6.4,6.39,6.379527175237631
20230602093046130,6.4,6.39,6.379697885196375
20230602093046290,6.4,6.39,6.379697885196375
20230602093046300,6.4,6.39,6.379697885196375
20230602093046330,6.4,6.39,6.379697885196375
20230602093046350,6.4,6.39,6.379697885196375
20230602093046440,6.4,6.39,6.379697885196375
20230602093046480,6.4,6.39,6.379697885196375
20230602093046730,6.4,6.39,6.379727283697357
20230602093046860,6.4,6.39,6.379727283697357
20230602093046890,6.4,6.39,6.379727283697357
20230602093046940,6.4,6.39,6.379729729729729
20230602093046950,6.4,6.39,6.379729729729729
20230602093046970,6.4,6.39,6.379729729729729
20230602093047210,6.4,6.39,6.380075901328273
20230602093047230,6.4,6.39,6.380075901328273
20230602093047280,6.4,6.39,6.380625072079345
20230602093047290,6.4,6.39,6.380654076462459
20230602093047300,6.4,6.39,6.380843785632839
20230602093047310,6.4,6.39,6.380843785632839
20230602093047320,6.41,6.4,6.381180687801053
20230602093047470,6.41,6.4,6.381180687801053
20230602093047480,6.41,6.4,6.381180687801053
20230602093047510,6.41,6.4,6.381180687801053
20230602093047550,6.41,6.4,6.381180687801053
20230602093047600,6.41,6.4,6.381180687801053
20230602093047950,6.41,6.4,6.381180687801053
20230602093047980,6.41,6.4,6.381180687801053
20230602093047990,6.41,6.4,6.381382978723404
20230602093048160,6.41,6.4,6.381382978723404
20230602093048330,6.41,6.4,6.381382978723404
20230602093048370,6.41,6.4,6.381382978723404
20230602093048450,6.41,6.4,6.381387103922003
20230602093048580,6.41,6.4,6.381387103922003
20230602093048610,6.41,6.4,6.381387103922003
20230602093048700,6.41,6.4,6.381387103922003
20230602093049070,6.41,6.4,6.381387103922003
20230602093049080,6.41,6.4,6.381387103922003
20230602093049240,6.41,6.4,6.381387103922003
20230602093049300,6.41,6.4,6.381387103922003
20230602093049330,6.41,6.4,6.381387103922003
20230602093049410,6.41,6.39,6.381880213903743
20230602093049430,6.41,6.4,6.381880213903743
20230602093049440,6.41,6.39,6.381884088964927
20230602093049660,6.4,6.39,6.381884088964927
20230602093049860,6.4,6.39,6.381884088964927
20230602093050020,6.4,6.39,6.381884088964927
20230602093050060,6.4,6.39,6.381884088964927
20230602093050380,6.4,6.39,6.38194778902504
20230602093050390,6.41,6.39,6.381970841758008
20230602093050500,6.41,6.39,6.381970841758008
20230602093050550,6.41,6.39,6.381970841758008
20230602093051100,6.41,6.4,6.381970841758008
20230602093051140,6.41,6.4,6.381970841758008
20230602093051290,6.41,6.4,6.381970841758008
20230602093052050,6.41,6.4,6.381970841758008
20230602093052090,6.41,6.4,6.381970841758008
20230602093052190,6.41,6.4,6.381970841758008
20230602093052200,6.41,6.4,6.381970841758008
20230602093052450,6.41,6.4,6.381970841758008
20230602093053110,6.41,6.4,6.381970841758008
20230602093053130,6.41,6.4,6.382009132420091
20230602093053670,6.41,6.4,6.382009132420091
20230602093053920,6.41,6.39,6.382018679685841
20230602093054160,6.41,6.4,6.382018679685841
20230602093054370,6.41,6.4,6.382018679685841
20230602093054400,6.41,6.4,6.382018679685841
20230602093054560,6.41,6.4,6.382018679685841
20230602093054580,6.41,6.4,6.382018679685841
20230602093054650,6.41,6.4,6.382018679685841
20230602093054710,6.41,6.4,6.382018679685841
20230602093054800,6.41,6.4,6.382018679685841
20230602093054820,6.41,6.4,6.382018679685841
20230602093054840,6.41,6.4,6.382018679685841
20230602093055000,6.41,6.4,6.382018679685841
20230602093055110,6.41,6.4,6.382018679685841
20230602093055220,6.41,6.4,6.382018679685841
20230602093055320,6.41,6.4,6.382018679685841
20230602093055600,6.41,6.4,6.382018679685841
20230602093055650,6.41,6.4,6.382018679685841
20230602093055970,6.41,6.4,6.382018679685841
20230602093055990,6.41,6.4,6.382018679685841
20230602093056020,6.41,6.4,6.382018679685841
20230602093056340,6.41,6.4,6.382018679685841
20230602093056370,6.41,6.4,6.382018679685841
20230602093056390,6.41,6.4,6.382018679685841
20230602093056410,6.41,6.4,6.382018679685841
20230602093056470,6.41,6.4,6.382018679685841
20230602093056620,6.41,6.4,6.382121148163782
20230602093056740,6.41,6.4,6.382121148163782
20230602093056810,6.41,6.4,6.382121148163782
20230602093056940,6.41,6.4,6.382121148163782
20230602093056960,6.41,6.4,6.382121148163782
20230602093056990,6.41,6.4,6.382121148163782
20230602093057080,6.41,6.4,6.382124089901867
20230602093057190,6.41,6.4,6.382124089901867
20230602093057230,6.41,6.4,6.382124089901867
20230602093057330,6.41,6.4,6.382124089901867
20230602093057560,6.41,6.4,6.382124089901867
20230602093057620,6.4,6.4,6.382124089901867
20230602093057980,6.4,6.4,6.382124089901867
20230602093058020,6.4,6.4,6.382125975944292
20230602093058040,6.4,6.4,6.382125975944292
20230602093058100,6.4,6.4,6.382125975944292
20230602093058230,6.4,6.4,6.382125975944292
20230602093058240,6.4,6.4,6.382125975944292
20230602093058430,6.4,6.4,6.382125975944292
20230602093058500,6.4,6.4,6.382125975944292
20230602093058730,6.4,6.4,6.382125975944292
20230602093058810,6.4,6.4,6.382125975944292
20230602093058870,6.4,6.4,6.382125975944292
20230602093058920,6.41,6.4,6.3821406727828744
20230602093058930,6.41,6.4,6.3821406727828744
20230602093059320,6.41,6.4,6.382231448391844
20230602093059420,6.41,6.4,6.382231448391844
20230602093059720,6.41,6.4,6.382231448391844
20230602093059910,6.41,6.4,6.382231448391844
20230602093059950,6.41,6.4,6.382231448391844
20230602093059980,6.41,6.4,6.382231448391844
20230602093100090,6.41,6.4,6.382231448391844
20230602093100130,6.41,6.4,6.382231448391844
20230602093100800,6.41,6.4,6.382231448391844
20230602093100840,6.41,6.4,6.3822693397711765
20230602093100890,6.41,6.4,6.3822693397711765
20230602093100950,6.41,6.4,6.3822693397711765
20230602093100960,6.41,6.4,6.3822693397711765
20230602093101020,6.41,6.4,6.3822693397711765
20230602093101080,6.41,6.4,6.3822693397711765
20230602093101100,6.41,6.4,6.3822693397711765
20230602093101160,6.41,6.4,6.3822693397711765
20230602093101180,6.41,6.4,6.3822693397711765
20230602093101190,6.41,6.4,6.3822693397711765
20230602093101420,6.41,6.4,6.3822693397711765
20230602093101480,6.41,6.4,6.3822693397711765
20230602093101670,6.41,6.4,6.3822693397711765
20230602093101980,6.41,6.4,6.3822693397711765
20230602093101990,6.41,6.4,6.3822693397711765
20230602093102000,6.41,6.4,6.3822693397711765
20230602093102020,6.41,6.4,6.3822693397711765
20230602093102030,6.41,6.4,6.3822693397711765
20230602093102080,6.41,6.4,6.3822693397711765
20230602093102110,6.41,6.4,6.3822693397711765
20230602093102120,6.41,6.4,6.3822693397711765
20230602093102130,6.41,6.4,6.3822693397711765
20230602093102150,6.41,6.4,6.3822693397711765
20230602093102170,6.41,6.4,6.3822693397711765
20230602093102180,6.41,6.4,6.3822693397711765
20230602093102190,6.41,6.4,6.3822693397711765
20230602093102200,6.41,6.4,6.3822693397711765
20230602093102230,6.41,6.4,6.3822693397711765
20230602093102250,6.41,6.4,6.3822693397711765
20230602093102280,6.41,6.4,6.3822693397711765
20230602093102320,6.41,6.4,6.3822693397711765
20230602093102330,6.41,6.4,6.3822693397711765
20230602093102350,6.41,6.4,6.3822693397711765
20230602093102360,6.41,6.4,6.3822693397711765
20230602093102390,6.41,6.4,6.3822693397711765
20230602093102450,6.41,6.4,6.3822693397711765
20230602093102470,6.41,6.4,6.3822693397711765
20230602093102590,6.41,6.4,6.3822693397711765
20230602093102620,6.41,6.4,6.3822693397711765
20230602093102630,6.41,6.4,6.3822693397711765
20230602093102650,6.41,6.4,6.3822693397711765
20230602093102680,6.41,6.4,6.3822693397711765
20230602093102710,6.41,6.4,6.382741619391439
20230602093102720,6.41,6.4,6.382741619391439
20230602093102760,6.41,6.4,6.382741619391439
20230602093102790,6.41,6.4,6.382741619391439
20230602093102800,6.41,6.4,6.382741619391439
20230602093102810,6.41,6.4,6.382741619391439
20230602093102820,6.41,6.4,6.382741619391439
20230602093102830,6.41,6.4,6.382741619391439
20230602093102840,6.41,6.4,6.382741619391439
20230602093102860,6.41,6.4,6.382741619391439
20230602093102890,6.41,6.4,6.382741619391439
20230602093102900,6.41,6.4,6.382741619391439
20230602093102910,6.41,6.4,6.382741619391439
20230602093102920,6.41,6.4,6.382741619391439
20230602093102930,6.41,6.4,6.382741619391439
20230602093102940,6.41,6.4,6.382741619391439
20230602093102950,6.41,6.4,6.382741619391439
20230602093102970,6.41,6.4,6.382741619391439
20230602093103000,6.41,6.4,6.382741619391439
20230602093103010,6.41,6.4,6.382741619391439
20230602093103040,6.41,6.4,6.382741619391439
20230602093103070,6.41,6.4,6.382741619391439
20230602093103100,6.41,6.4,6.382741619391439
20230602093103110,6.41,6.4,6.382741619391439
20230602093103130,6.41,6.4,6.382741619391439
20230602093103170,6.41,6.4,6.382741619391439
20230602093103200,6.41,6.4,6.382741619391439
20230602093103210,6.41,6.4,6.382741619391439
20230602093103260,6.41,6.4,6.382741619391439
20230602093103310,6.41,6.4,6.382741619391439
20230602093103350,6.41,6.4,6.382741619391439
20230602093103370,6.41,6.4,6.382741619391439
20230602093103500,6.41,6.4,6.382741619391439
20230602093103520,6.41,6.4,6.382741619391439
20230602093103770,6.41,6.4,6.382927678754354
20230602093103800,6.41,6.4,6.382927678754354
20230602093103970,6.41,6.4,6.382927678754354
20230602093104030,6.41,6.4,6.382927678754354
20230602093104060,6.41,6.4,6.382927678754354
20230602093104200,6.41,6.4,6.382927678754354
20230602093104230,6.41,6.4,6.382927678754354
20230602093104260,6.41,6.4,6.382927678754354
20230602093104280,6.41,6.4,6.382927678754354
20230602093104400,6.41,6.4,6.382927678754354
20230602093104450,6.41,6.4,6.382927678754354
20230602093104490,6.41,6.4,6.382927678754354
20230602093104580,6.41,6.4,6.382927678754354
20230602093104650,6.41,6.4,6.382927678754354
20230602093104760,6.41,6.4,6.382927678754354
20230602093104790,6.41,6.4,6.382927678754354
20230602093104830,6.41,6.4,6.382927678754354
20230602093105020,6.41,6.4,6.382927678754354
20230602093105110,6.41,6.4,6.382927678754354
20230602093105120,6.41,6.4,6.382927678754354
20230602093105340,6.41,6.4,6.382927678754354
20230602093105490,6.41,6.4,6.382927678754354
20230602093105520,6.41,6.4,6.382927678754354
20230602093105550,6.41,6.4,6.382927678754354
20230602093105580,6.41,6.4,6.382927678754354
20230602093105690,6.41,6.4,6.382927678754354
20230602093105740,6.41,6.4,6.382927678754354
20230602093105880,6.41,6.4,6.382927678754354
20230602093106040,6.41,6.4,6.382927678754354
20230602093106130,6.41,6.4,6.382927678754354
20230602093106240,6.41,6.4,6.382927678754354
20230602093106640,6.41,6.4,6.382927678754354
20230602093106720,6.41,6.4,6.382927678754354
20230602093106810,6.41,6.4,6.382927678754354
20230602093106860,6.41,6.4,6.382927678754354
20230602093106870,6.41,6.4,6.382927678754354
20230602093106890,6.41,6.4,6.382927678754354
20230602093106910,6.41,6.4,6.382927678754354
20230602093106990,6.41,6.4,6.382927678754354
20230602093107180,6.41,6.4,6.382927678754354
20230602093107230,6.41,6.4,6.382927678754354
20230602093107250,6.41,6.4,6.382927678754354
20230602093107260,6.41,6.4,6.382927678754354
20230602093107500,6.41,6.4,6.382927678754354
20230602093107620,6.41,6.4,6.382927678754354
20230602093107730,6.41,6.4,6.382927678754354
20230602093107760,6.41,6.4,6.382927678754354
20230602093107890,6.41,6.4,6.382927678754354
20230602093107920,6.41,6.4,6.382927678754354
20230602093108150,6.41,6.4,6.382927678754354
20230602093108310,6.41,6.4,6.383703446221075
20230602093108320,6.41,6.4,6.383703446221075
20230602093108400,6.41,6.4,6.383703446221075
20230602093108430,6.41,6.4,6.383703446221075
20230602093108550,6.41,6.4,6.383703446221075
20230602093108710,6.41,6.4,6.383703446221075
20230602093108720,6.41,6.4,6.383703446221075
20230602093108780,6.41,6.4,6.383703446221075
20230602093108850,6.41,6.4,6.383703446221075
20230602093108870,6.41,6.4,6.383703446221075
20230602093108880,6.41,6.4,6.383703446221075
20230602093108890,6.41,6.4,6.383703446221075
20230602093109060,6.41,6.4,6.383703446221075
20230602093109410,6.41,6.4,6.383703446221075
20230602093109510,6.41,6.4,6.383703446221075
20230602093109570,6.41,6.4,6.383703446221075
20230602093109680,6.41,6.4,6.383703446221075
20230602093109760,6.41,6.4,6.383703446221075
20230602093109950,6.41,6.4,6.383703446221075
20230602093109980,6.41,6.4,6.383703446221075
20230602093110280,6.41,6.4,6.383703446221075
20230602093110370,6.41,6.4,6.383703446221075
20230602093110380,6.41,6.4,6.383703446221075
20230602093110420,6.41,6.4,6.383703446221075
20230602093110530,6.41,6.4,6.383703446221075
20230602093110920,6.41,6.4,6.383703446221075
20230602093111000,6.41,6.4,6.383703446221075
20230602093111070,6.41,6.4,6.383703446221075
20230602093111400,6.41,6.4,6.383703446221075
20230602093111580,6.41,6.4,6.383703446221075
20230602093111630,6.41,6.4,6.383703446221075
20230602093112010,6.41,6.4,6.383703446221075
20230602093112160,6.41,6.4,6.383703446221075
20230602093112410,6.41,6.4,6.383703446221075
20230602093112640,6.41,6.4,6.383703446221075
20230602093112760,6.41,6.4,6.383703446221075
20230602093112800,6.41,6.4,6.383703446221075
20230602093112900,6.41,6.4,6.383703446221075
20230602093112920,6.41,6.4,6.383703446221075
20230602093113030,6.41,6.4,6.383703446221075
20230602093113050,6.41,6.4,6.383703446221075
20230602093113310,6.41,6.4,6.383703446221075
20230602093113880,6.41,6.4,6.383703446221075
20230602093113990,6.41,6.4,6.383703446221075
20230602093114000,6.41,6.4,6.383703446221075
20230602093114020,6.41,6.4,6.383703446221075
20230602093114550,6.41,6.4,6.383703446221075
20230602093114800,6.41,6.4,6.383703446221075
20230602093114950,6.41,6.4,6.383703446221075
20230602093115260,6.41,6.4,6.383703446221075
20230602093115270,6.41,6.4,6.383703446221075
20230602093115390,6.41,6.4,6.383703446221075
20230602093115500,6.41,6.4,6.383703446221075
20230602093115510,6.41,6.4,6.383703446221075
20230602093115630,6.41,6.4,6.384635571305431
20230602093115740,6.41,6.4,6.38463851383702
20230602093115760,6.41,6.4,6.38463851383702
20230602093115770,6.41,6.4,6.38463851383702
20230602093115790,6.41,6.4,6.38463851383702
20230602093115920,6.41,6.4,6.38463851383702
20230602093115950,6.41,6.4,6.38463851383702
20230602093116330,6.41,6.4,6.38463851383702
20230602093116340,6.41,6.4,6.38463851383702
20230602093116390,6.41,6.4,6.38463851383702
20230602093116630,6.41,6.4,6.38463851383702
20230602093117020,6.41,6.4,6.38463851383702
20230602093117430,6.41,6.4,6.38463851383702
20230602093117540,6.41,6.4,6.38463851383702
20230602093117800,6.41,6.4,6.38463851383702
20230602093117860,6.41,6.4,6.38463851383702
20230602093117900,6.41,6.4,6.38466787728185
20230602093117930,6.41,6.4,6.38466787728185
20230602093118100,6.41,6.4,6.38467959125203
20230602093118200,6.41,6.4,6.38467959125203
20230602093118300,6.41,6.4,6.38467959125203
20230602093118380,6.41,6.4,6.384759642789284
20230602093118540,6.41,6.4,6.384759642789284
20230602093118720,6.41,6.4,6.384759642789284
20230602093118830,6.41,6.4,6.384759642789284
20230602093118960,6.41,6.4,6.384759642789284
20230602093119000,6.41,6.4,6.384759642789284
20230602093119130,6.41,6.4,6.384759642789284
20230602093119450,6.41,6.4,6.384759642789284
20230602093119590,6.41,6.4,6.384759642789284
20230602093119600,6.41,6.4,6.384865708341215
20230602093119680,6.41,6.4,6.384865708341215
20230602093119710,6.41,6.4,6.384865708341215
20230602093119770,6.41,6.4,6.384865708341215
20230602093120010,6.41,6.4,6.384865708341215
20230602093120030,6.41,6.4,6.385297668802823
20230602093120050,6.41,6.4,6.3853466629639914
20230602093120200,6.41,6.4,6.3853466629639914
20230602093120260,6.41,6.4,6.3853466629639914
20230602093120510,6.41,6.4,6.3853466629639914
20230602093120590,6.41,6.4,6.3853466629639914
20230602093120700,6.41,6.4,6.3853466629639914
20230602093120820,6.41,6.4,6.3853466629639914
20230602093121020,6.41,6.4,6.3853466629639914
20230602093121340,6.41,6.4,6.3853466629639914
20230602093121360,6.42,6.4,6.3853466629639914
20230602093121440,6.42,6.4,6.386030060300603
20230602093121480,6.42,6.4,6.386030060300603
20230602093121640,6.42,6.4,6.386030060300603
20230602093121650,6.42,6.4,6.386030060300603
20230602093121660,6.41,6.4,6.386030060300603
20230602093121690,6.41,6.4,6.386030060300603
20230602093121750,6.41,6.4,6.386030060300603
20230602093121840,6.41,6.4,6.386030060300603
20230602093122090,6.41,6.4,6.386030060300603
20230602093122140,6.41,6.4,6.38603653050207
20230602093122170,6.41,6.4,6.386040842029507
20230602093122230,6.41,6.4,6.386040842029507
20230602093122530,6.41,6.4,6.386040842029507
20230602093122570,6.41,6.4,6.386040842029507
20230602093122640,6.41,6.4,6.386040842029507
20230602093122850,6.41,6.4,6.386040842029507
20230602093122860,6.41,6.4,6.386040842029507
20230602093122890,6.41,6.4,6.386040842029507
20230602093123130,6.41,6.4,6.386040842029507
20230602093123190,6.41,6.4,6.386040842029507
20230602093123300,6.41,6.4,6.386040842029507
20230602093123310,6.41,6.4,6.386040842029507
20230602093123340,6.41,6.4,6.386040842029507
20230602093123590,6.42,6.4,6.386060224719101
20230602093123770,6.42,6.4,6.386060224719101
20230602093123870,6.42,6.4,6.386377371749824
20230602093123880,6.42,6.4,6.386377371749824
20230602093123890,6.42,6.4,6.386377371749824
20230602093123910,6.42,6.4,6.386377371749824
20230602093123930,6.42,6.4,6.386377371749824
20230602093123940,6.42,6.4,6.386377371749824
20230602093123950,6.42,6.4,6.386377371749824
20230602093123960,6.42,6.4,6.386377371749824
20230602093123970,6.42,6.4,6.386377371749824
20230602093123980,6.42,6.4,6.386377371749824
20230602093123990,6.42,6.4,6.386377371749824
20230602093124020,6.42,6.4,6.386377371749824
20230602093124250,6.42,6.4,6.386377371749824
20230602093124390,6.42,6.4,6.386377371749824
20230602093124730,6.42,6.4,6.386377371749824
20230602093124940,6.42,6.4,6.386377371749824
20230602093124980,6.41,6.4,6.386377371749824
20230602093124990,6.41,6.4,6.386398104265403
20230602093125080,6.41,6.4,6.386398104265403
20230602093125130,6.41,6.4,6.3864063870854535
20230602093125140,6.41,6.4,6.386408456882183
20230602093125170,6.41,6.4,6.38641052631579
20230602093125220,6.41,6.4,6.386460084033613
20230602093125430,6.41,6.4,6.386478614536867
20230602093125610,6.41,6.4,6.386478614536867
20230602093125760,6.42,6.4,6.386540172729652
20230602093125780,6.42,6.4,6.386540172729652
20230602093125810,6.42,6.4,6.386572970150553
20230602093126040,6.42,6.4,6.386572970150553
20230602093126150,6.42,6.4,6.386572970150553
20230602093126160,6.42,6.4,6.3866114196459565
20230602093126350,6.42,6.4,6.3866114196459565
20230602093126520,6.42,6.4,6.386618386816999
20230602093126650,6.42,6.4,6.386618386816999
20230602093126690,6.42,6.4,6.386618386816999
20230602093126700,6.42,6.4,6.386618386816999
20230602093126940,6.42,6.4,6.386618386816999
20230602093126960,6.42,6.4,6.386618386816999
20230602093127110,6.42,6.4,6.386683099809722
20230602093127360,6.42,6.4,6.386683099809722
20230602093127440,6.42,6.4,6.386705262248337
20230602093127490,6.41,6.4,6.386705262248337
20230602093127590,6.41,6.4,6.386705262248337
20230602093127650,6.41,6.4,6.386705262248337
20230602093127750,6.41,6.4,6.386705262248337
20230602093127810,6.41,6.4,6.386705262248337
20230602093127970,6.41,6.4,6.386705262248337
20230602093128130,6.42,6.4,6.386715322162722
20230602093128160,6.42,6.4,6.386717333103031
20230602093128180,6.42,6.4,6.38672537339204
20230602093128210,6.42,6.4,6.3867273825966855
20230602093128220,6.42,6.4,6.3867659464577775
20230602093128230,6.42,6.4,6.386822662209651
20230602093128660,6.42,6.4,6.386832590815627
20230602093128800,6.42,6.4,6.386832590815627
20230602093128850,6.42,6.4,6.386832590815627
20230602093128930,6.42,6.4,6.386840527577938
20230602093129110,6.42,6.4,6.3868464765818995
20230602093129140,6.42,6.4,6.3868464765818995
20230602093129150,6.41,6.4,6.3868464765818995
20230602093129160,6.41,6.4,6.3868464765818995
20230602093129380,6.41,6.4,6.3868464765818995
20230602093129420,6.41,6.4,6.3868464765818995
20230602093129520,6.41,6.4,6.3868464765818995
20230602093129780,6.41,6.4,6.3868464765818995
20230602093129870,6.41,6.4,6.3868464765818995
20230602093129890,6.42,6.4,6.387009862268322
20230602093130060,6.41,6.4,6.387009862268322
20230602093130150,6.41,6.4,6.387009862268322
20230602093130160,6.42,6.4,6.38727837996807
20230602093130370,6.42,6.4,6.38727837996807
20230602093130430,6.42,6.4,6.387297456132987
20230602093130480,6.42,6.4,6.387297456132987
20230602093130540,6.42,6.4,6.387350699388558
20230602093130620,6.42,6.4,6.387350699388558
20230602093130630,6.42,6.4,6.387356389214537
20230602093130710,6.42,6.4,6.387356389214537
20230602093130740,6.42,6.4,6.387356389214537
20230602093130880,6.42,6.4,6.387356389214537
20230602093130950,6.42,6.4,6.387382903981265
20230602093131100,6.42,6.4,6.387590950526229
20230602093131140,6.42,6.4,6.387590950526229
20230602093131210,6.42,6.4,6.387600231941684
20230602093131230,6.42,6.4,6.387600231941684
20230602093131320,6.42,6.4,6.387607651540245
20230602093131340,6.42,6.4,6.387609505671938
20230602093131350,6.42,6.4,6.38843620414673
20230602093131360,6.41,6.4,6.38843620414673
20230602093131380,6.42,6.4,6.3884379236105575
20230602093131540,6.42,6.41,6.3884379236105575
20230602093131570,6.42,6.41,6.3884379236105575
20230602093131590,6.42,6.41,6.3884379236105575
20230602093131600,6.42,6.41,6.3884379236105575
20230602093131610,6.42,6.41,6.3884379236105575
20230602093131770,6.42,6.41,6.3884379236105575
20230602093131780,6.42,6.41,6.3884379236105575
20230602093132150,6.42,6.41,6.3884379236105575
20230602093132200,6.42,6.41,6.3884379236105575
20230602093132280,6.42,6.41,6.388472255393679
20230602093132380,6.42,6.41,6.388487308028965
20230602093132410,6.42,6.41,6.388487308028965
20230602093132430,6.42,6.41,6.388487308028965
20230602093132500,6.42,6.41,6.388512363838753
20230602093132750,6.42,6.41,6.388512363838753
20230602093133020,6.42,6.41,6.388515780268702
20230602093133260,6.42,6.41,6.388515780268702
20230602093133300,6.42,6.41,6.388515780268702
20230602093133380,6.42,6.41,6.388525788762617
20230602093133410,6.42,6.41,6.388536701620591
20230602093133510,6.42,6.41,6.388536701620591
20230602093133540,6.42,6.41,6.388536701620591
20230602093133620,6.42,6.41,6.388536701620591
20230602093133700,6.42,6.41,6.388536701620591
20230602093133750,6.42,6.41,6.388536701620591
20230602093133760,6.42,6.41,6.388536701620591
20230602093133820,6.42,6.41,6.388536701620591
20230602093133960,6.42,6.41,6.388536701620591
20230602093134020,6.42,6.41,6.388536701620591
20230602093134100,6.42,6.41,6.388536701620591
20230602093134110,6.42,6.41,6.388536701620591
20230602093134140,6.42,6.41,6.388536701620591
20230602093134180,6.42,6.41,6.388536701620591
20230602093134190,6.42,6.41,6.388536701620591
20230602093134220,6.42,6.41,6.388556684661798
20230602093134280,6.42,6.41,6.388556684661798
20230602093134360,6.42,6.41,6.388587283970192
20230602093134480,6.42,6.41,6.388587283970192
20230602093134540,6.42,6.41,6.388587283970192
20230602093134600,6.42,6.41,6.388587283970192
20230602093134780,6.42,6.41,6.388587283970192
20230602093134830,6.42,6.41,6.388587283970192
20230602093134890,6.42,6.41,6.3885922637920105
20230602093134910,6.42,6.41,6.3885922637920105
20230602093134920,6.42,6.41,6.3885922637920105
20230602093135070,6.42,6.41,6.3885922637920105
20230602093135250,6.42,6.41,6.3885922637920105
20230602093135640,6.42,6.41,6.3885922637920105
20230602093135650,6.42,6.41,6.3885922637920105
20230602093135740,6.42,6.41,6.388602218700475
20230602093135790,6.42,6.41,6.388602218700475
20230602093135820,6.42,6.41,6.388602218700475
20230602093136080,6.42,6.41,6.388602218700475
20230602093136220,6.42,6.41,6.388602218700475
20230602093136250,6.42,6.41,6.388912192831429
20230602093136280,6.42,6.41,6.388912192831429
20230602093136290,6.42,6.41,6.388912192831429
20230602093136420,6.42,6.41,6.388912192831429
20230602093136610,6.42,6.41,6.388928683140445
20230602093136650,6.42,6.41,6.388928683140445
20230602093136860,6.42,6.41,6.388945147679325
20230602093136950,6.42,6.41,6.388945147679325
20230602093137090,6.42,6.41,6.388945147679325
20230602093137110,6.42,6.41,6.388945147679325
20230602093137160,6.42,6.41,6.388945147679325
20230602093137170,6.42,6.41,6.388945147679325
20230602093137220,6.42,6.41,6.389025017535656
20230602093137230,6.42,6.41,6.389029844931037
20230602093137250,6.42,6.41,6.389032258064516
20230602093137370,6.42,6.41,6.389032258064516
20230602093137430,6.42,6.41,6.389032258064516
20230602093137490,6.42,6.41,6.389032258064516
20230602093137500,6.42,6.41,6.389032258064516
20230602093138190,6.42,6.41,6.389032258064516
20230602093138250,6.42,6.41,6.389032258064516
20230602093138470,6.42,6.41,6.389032258064516
20230602093138950,6.42,6.41,6.389032258064516
20230602093139020,6.42,6.41,6.389032258064516
20230602093139070,6.42,6.41,6.389032258064516
20230602093139260,6.42,6.41,6.389032258064516
20230602093139480,6.42,6.41,6.389032258064516
20230602093139540,6.42,6.41,6.389032258064516
20230602093139670,6.42,6.41,6.389032258064516
20230602093140340,6.42,6.41,6.389032258064516
20230602093140380,6.42,6.41,6.389032258064516
20230602093140420,6.42,6.41,6.389034670821971
20230602093140490,6.42,6.41,6.389034670821971
20230602093140500,6.42,6.41,6.389034670821971
20230602093140540,6.42,6.41,6.389034670821971
20230602093140550,6.42,6.41,6.389354614850798
20230602093140610,6.42,6.41,6.389354614850798
20230602093140630,6.42,6.41,6.389354614850798
20230602093140750,6.42,6.41,6.389364063824867
20230602093140900,6.42,6.41,6.389364063824867
20230602093141020,6.42,6.41,6.389364063824867
20230602093141500,6.42,6.41,6.389364063824867
20230602093141630,6.42,6.41,6.389364063824867
20230602093141640,6.42,6.41,6.389364063824867
20230602093141710,6.42,6.41,6.389364063824867
20230602093141810,6.42,6.41,6.389364063824867
20230602093142030,6.42,6.41,6.389380585516179
20230602093142130,6.42,6.41,6.389380585516179
20230602093142160,6.42,6.41,6.3899591836734695
20230602093142230,6.42,6.41,6.389962212817412
20230602093142370,6.42,6.41,6.390094594594594
20230602093142380,6.42,6.41,6.390099084221588
20230602093142690,6.42,6.41,6.390099084221588
20230602093142730,6.42,6.41,6.390099084221588
20230602093142800,6.42,6.41,6.390099084221588
20230602093142860,6.42,6.41,6.390099084221588
20230602093142940,6.42,6.41,6.390099084221588
20230602093143170,6.42,6.41,6.390099084221588
20230602093143220,6.42,6.41,6.390105816135084
20230602093143240,6.42,6.41,6.390108059432688
20230602093143260,6.42,6.41,6.390110302393637
20230602093143410,6.42,6.41,6.390110302393637
20230602093143580,6.42,6.41,6.390110302393637
20230602093143620,6.42,6.41,6.390110302393637
20230602093143650,6.42,6.41,6.390146144045567
20230602093143670,6.42,6.41,6.390146144045567
20230602093143750,6.42,6.41,6.390146144045567
20230602093143830,6.42,6.41,6.390146144045567
20230602093144220,6.42,6.41,6.390146144045567
20230602093144230,6.42,6.41,6.390146144045567
20230602093144300,6.42,6.41,6.390166267225884
20230602093144330,6.42,6.41,6.390166267225884
20230602093144350,6.42,6.41,6.390166267225884
20230602093144360,6.42,6.41,6.390166267225884
20230602093144370,6.42,6.41,6.390166267225884
20230602093144500,6.42,6.41,6.390166267225884
20230602093144580,6.42,6.41,6.390166267225884
20230602093144610,6.42,6.41,6.390277570511864
20230602093144660,6.42,6.41,6.390277570511864
20230602093144670,6.42,6.41,6.390277570511864
20230602093144750,6.42,6.41,6.390277570511864
20230602093144880,6.42,6.41,6.390277570511864
20230602093144980,6.42,6.41,6.390346162435792
20230602093145000,6.42,6.41,6.390346162435792
20230602093145010,6.42,6.41,6.390346162435792
20230602093145170,6.42,6.41,6.390346162435792
20230602093145210,6.42,6.41,6.390346162435792
20230602093145300,6.42,6.41,6.390346162435792
20230602093145670,6.42,6.41,6.3903490882024565
20230602093145700,6.42,6.41,6.3903490882024565
20230602093145710,6.42,6.41,6.3903490882024565
20230602093145920,6.42,6.41,6.3903490882024565
20230602093145960,6.42,6.41,6.3903490882024565
20230602093146010,6.42,6.41,6.3903490882024565
20230602093146090,6.42,6.41,6.3903490882024565
20230602093146130,6.42,6.41,6.3903490882024565
20230602093146150,6.42,6.41,6.390355707694598
20230602093146180,6.42,6.41,6.390357913535233
20230602093146190,6.42,6.41,6.390360119047619
20230602093146340,6.42,6.41,6.390410755403699
20230602093146380,6.42,6.41,6.390410755403699
20230602093146420,6.42,6.41,6.390410755403699
20230602093146520,6.42,6.41,6.390574678682228
20230602093146640,6.42,6.41,6.390574678682228
20230602093146800,6.42,6.41,6.390574678682228
20230602093146970,6.42,6.41,6.390574678682228
20230602093147430,6.42,6.41,6.390574678682228
20230602093147770,6.42,6.41,6.390574678682228
20230602093147870,6.42,6.41,6.390574678682228
20230602093148240,6.42,6.41,6.390574678682228
20230602093148270,6.42,6.41,6.390574678682228
20230602093148610,6.42,6.41,6.390574678682228
20230602093148630,6.42,6.41,6.390574678682228
20230602093148660,6.42,6.41,6.390574678682228
20230602093148710,6.42,6.41,6.390574678682228
20230602093148870,6.42,6.41,6.390574678682228
20230602093149040,6.42,6.41,6.390574678682228
20230602093149230,6.42,6.41,6.390574678682228
20230602093149320,6.42,6.41,6.390574678682228
20230602093149450,6.42,6.41,6.390574678682228
20230602093149720,6.42,6.41,6.390574678682228
20230602093150010,6.42,6.41,6.390574678682228
20230602093150020,6.42,6.41,6.390574678682228
20230602093150060,6.42,6.41,6.390574678682228
20230602093150230,6.42,6.41,6.390574678682228
20230602093150400,6.42,6.41,6.390574678682228
20230602093150620,6.42,6.41,6.390574678682228
20230602093150660,6.42,6.41,6.390574678682228
20230602093150670,6.42,6.41,6.390574678682228
20230602093150860,6.42,6.41,6.390574678682228
20230602093150890,6.42,6.41,6.390574678682228
20230602093150930,6.42,6.41,6.390574678682228
20230602093150960,6.42,6.41,6.390574678682228
20230602093151110,6.42,6.41,6.390574678682228
20230602093151130,6.42,6.41,6.390574678682228
20230602093151160,6.42,6.41,6.390574678682228
20230602093151180,6.42,6.41,6.390574678682228
20230602093151370,6.42,6.41,6.390574678682228
20230602093151390,6.42,6.41,6.390574678682228
20230602093151430,6.42,6.41,6.390574678682228
20230602093151470,6.42,6.41,6.390574678682228
20230602093151490,6.42,6.41,6.390574678682228
20230602093151890,6.42,6.41,6.390574678682228
20230602093152050,6.42,6.41,6.390574678682228
20230602093152070,6.42,6.41,6.390574678682228
20230602093152100,6.42,6.41,6.390574678682228
20230602093152130,6.42,6.41,6.390574678682228
20230602093152140,6.42,6.41,6.390574678682228
20230602093152190,6.42,6.41,6.391095631983747
20230602093152250,6.42,6.41,6.391095631983747
20230602093152590,6.42,6.41,6.391095631983747
20230602093152640,6.42,6.41,6.391095631983747
20230602093152700,6.42,6.41,6.391095631983747
20230602093152740,6.42,6.41,6.391095631983747
20230602093153290,6.42,6.41,6.391145878603505
20230602093153420,6.42,6.41,6.391145878603505
20230602093153430,6.42,6.41,6.391166763173133
20230602093153620,6.42,6.41,6.391166763173133
20230602093153660,6.42,6.41,6.391166763173133
20230602093153690,6.42,6.41,6.391166763173133
20230602093154120,6.42,6.41,6.391166763173133
20230602093154130,6.42,6.41,6.391166763173133
20230602093154150,6.42,6.41,6.391166763173133
20230602093154160,6.42,6.41,6.391166763173133
20230602093154170,6.42,6.41,6.391166763173133
20230602093154190,6.42,6.41,6.391166763173133
20230602093154210,6.42,6.41,6.391166763173133
20230602093154220,6.42,6.41,6.391166763173133
20230602093154230,6.42,6.41,6.391166763173133
20230602093154240,6.42,6.41,6.391166763173133
20230602093154250,6.42,6.41,6.391166763173133
20230602093154260,6.42,6.41,6.391166763173133
20230602093154270,6.42,6.41,6.391166763173133
20230602093154290,6.42,6.41,6.391166763173133
20230602093154370,6.42,6.41,6.391166763173133
20230602093154430,6.42,6.41,6.391166763173133
20230602093154530,6.42,6.41,6.391166763173133
20230602093154570,6.42,6.41,6.391166763173133
20230602093154610,6.42,6.41,6.391166763173133
20230602093154650,6.42,6.41,6.391166763173133
20230602093154710,6.43,6.41,6.391791530944626
20230602093154800,6.43,6.41,6.391791530944626
20230602093154980,6.43,6.41,6.391791530944626
20230602093155220,6.43,6.41,6.391795525346927
20230602093155230,6.43,6.41,6.391795525346927
20230602093155240,6.43,6.41,6.392116987740805
20230602093155380,6.43,6.42,6.392116987740805
20230602093155390,6.43,6.42,6.392123546715227
20230602093155400,6.43,6.42,6.392123546715227
20230602093155430,6.43,6.42,6.392123546715227
20230602093155450,6.43,6.42,6.392123546715227
20230602093155460,6.42,6.41,6.392156698146205
20230602093155470,6.42,6.41,6.392156698146205
20230602093155480,6.43,6.42,6.3921625402154145
20230602093155570,6.43,6.41,6.3923903995560485
20230602093155680,6.43,6.41,6.3923903995560485
20230602093155750,6.43,6.42,6.3923903995560485
20230602093155760,6.43,6.42,6.392403799486931
20230602093155790,6.43,6.42,6.392403799486931
20230602093155840,6.43,6.42,6.392403799486931
20230602093155850,6.43,6.42,6.392403799486931
20230602093156010,6.43,6.41,6.392550344827586
20230602093156060,6.43,6.41,6.392574380165289
20230602093156080,6.42,6.41,6.392574380165289
20230602093156210,6.42,6.41,6.392574380165289
20230602093156400,6.42,6.41,6.392574380165289
20230602093156420,6.42,6.41,6.392574380165289
20230602093156630,6.42,6.41,6.392581933351694
20230602093156720,6.42,6.41,6.392610220785474
20230602093156850,6.42,6.41,6.392619636963697
20230602093156880,6.43,6.42,6.392625283563621
20230602093156890,6.43,6.42,6.392625283563621
20230602093156900,6.43,6.42,6.392625283563621
20230602093156940,6.43,6.42,6.392625283563621
20230602093157150,6.43,6.42,6.392625283563621
20230602093157170,6.43,6.42,6.392625283563621
20230602093157250,6.43,6.42,6.392625283563621
20230602093157400,6.43,6.42,6.392625283563621
20230602093157480,6.43,6.42,6.392625283563621
20230602093157490,6.43,6.42,6.392637438152831
20230602093157680,6.43,6.42,6.392637438152831
20230602093157780,6.42,6.41,6.392652472527472
20230602093157930,6.42,6.41,6.392652472527472
20230602093158020,6.42,6.41,6.392652472527472
20230602093158030,6.42,6.41,6.392652472527472
20230602093158060,6.42,6.41,6.392652472527472
20230602093158130,6.42,6.41,6.392652472527472
20230602093158140,6.42,6.41,6.392652472527472
20230602093158190,6.42,6.41,6.392658106159445
20230602093158200,6.42,6.41,6.392658106159445
20230602093158220,6.42,6.41,6.392669366463038
20230602093158240,6.42,6.41,6.392671242278655
20230602093158440,6.42,6.41,6.392725529145832
20230602093158450,6.42,6.41,6.392725529145832
20230602093158470,6.42,6.41,6.392774017094017
20230602093158570,6.42,6.41,6.392774017094017
20230602093158630,6.42,6.41,6.392774017094017
20230602093158730,6.42,6.41,6.392774017094017
20230602093158770,6.43,6.42,6.392788901797307
20230602093158780,6.43,6.42,6.392788901797307
20230602093158820,6.43,6.42,6.392788901797307
20230602093158880,6.43,6.42,6.392788901797307
20230602093158950,6.43,6.42,6.392788901797307
20230602093159000,6.43,6.42,6.392788901797307
20230602093159230,6.43,6.42,6.392788901797307
20230602093159480,6.43,6.42,6.392788901797307
20230602093159510,6.43,6.42,6.392788901797307
20230602093159610,6.43,6.42,6.392788901797307
20230602093159730,6.43,6.42,6.392833458415774
20230602093159740,6.43,6.42,6.392833458415774
20230602093159860,6.43,6.42,6.392833458415774
20230602093159870,6.43,6.42,6.392833458415774
20230602093159930,6.43,6.42,6.392833458415774
20230602093159950,6.43,6.42,6.392833458415774
20230602093159990,6.43,6.42,6.392833458415774
20230602093200040,6.43,6.42,6.392861232279171
20230602093200070,6.43,6.42,6.392861232279171
20230602093200080,6.43,6.42,6.392861232279171
20230602093200150,6.43,6.42,6.392861232279171
20230602093200180,6.43,6.42,6.392861232279171
20230602093200410,6.43,6.42,6.392861232279171
20230602093200430,6.43,6.42,6.392861232279171
20230602093200450,6.43,6.42,6.392861232279171
20230602093200560,6.43,6.42,6.392861232279171
20230602093200670,6.43,6.42,6.392861232279171
20230602093200680,6.43,6.42,6.392877869354948
20230602093200830,6.43,6.42,6.392877869354948
20230602093200860,6.43,6.42,6.392877869354948
20230602093201010,6.43,6.42,6.392877869354948
20230602093201060,6.43,6.42,6.392877869354948
20230602093201070,6.43,6.42,6.392877869354948
20230602093201100,6.43,6.42,6.392877869354948
20230602093201110,6.43,6.42,6.392877869354948
20230602093201200,6.43,6.42,6.392877869354948
20230602093201210,6.43,6.42,6.392877869354948
20230602093201240,6.43,6.42,6.392877869354948
20230602093201260,6.43,6.42,6.392877869354948
20230602093201300,6.43,6.42,6.392877869354948
20230602093201320,6.43,6.42,6.392877869354948
20230602093201350,6.43,6.42,6.392877869354948
20230602093201360,6.43,6.42,6.392877869354948
20230602093201420,6.43,6.42,6.392908954817638
20230602093201440,6.43,6.42,6.392908954817638
20230602093201450,6.43,6.42,6.392908954817638
20230602093201480,6.43,6.42,6.392908954817638
20230602093201700,6.43,6.42,6.392908954817638
20230602093201830,6.43,6.42,6.392908954817638
20230602093201920,6.43,6.42,6.392908954817638
20230602093202110,6.43,6.42,6.392908954817638
20230602093202280,6.43,6.42,6.392908954817638
20230602093202400,6.43,6.42,6.392908954817638
20230602093202570,6.43,6.42,6.392908954817638
20230602093202680,6.43,6.42,6.393027939780279
20230602093202760,6.43,6.42,6.393027939780279
20230602093202860,6.43,6.42,6.393027939780279
20230602093202940,6.43,6.42,6.393027939780279
20230602093203080,6.43,6.42,6.393027939780279
20230602093203120,6.43,6.42,6.393027939780279
20230602093203130,6.43,6.42,6.393027939780279
20230602093203140,6.43,6.42,6.393027939780279
20230602093203270,6.43,6.42,6.393027939780279
20230602093203480,6.43,6.42,6.393027939780279
20230602093203750,6.43,6.42,6.393027939780279
20230602093203780,6.43,6.42,6.393027939780279
20230602093203890,6.43,6.42,6.39324163969795
20230602093203960,6.43,6.42,6.39324163969795
20230602093203980,6.43,6.42,6.39324163969795
20230602093204030,6.43,6.42,6.39324163969795
20230602093204090,6.43,6.42,6.39324163969795
20230602093204130,6.43,6.42,6.39324163969795
20230602093204140,6.43,6.42,6.39324163969795
20230602093204160,6.43,6.42,6.39324163969795
20230602093204170,6.43,6.42,6.39324163969795
20230602093204180,6.43,6.42,6.39324163969795
20230602093204240,6.43,6.42,6.39324163969795
20230602093204280,6.43,6.42,6.393260561956741
20230602093204350,6.43,6.42,6.393260561956741
20230602093204380,6.43,6.42,6.393264164926228
20230602093204430,6.43,6.42,6.393264164926228
20230602093204470,6.43,6.42,6.393264164926228
20230602093204520,6.43,6.42,6.393264164926228
20230602093204580,6.43,6.42,6.393359291084855
20230602093204810,6.43,6.42,6.393359291084855
20230602093205030,6.43,6.42,6.393359291084855
20230602093205420,6.43,6.42,6.393359291084855
20230602093205450,6.43,6.42,6.393421528568558
20230602093205460,6.43,6.42,6.393421528568558
20230602093205480,6.43,6.42,6.393421528568558
20230602093205610,6.43,6.42,6.393421528568558
20230602093205620,6.43,6.42,6.39348192207445
20230602093205670,6.43,6.42,6.39348192207445
20230602093205810,6.43,6.42,6.39348192207445
20230602093205870,6.43,6.42,6.39348192207445
20230602093205900,6.43,6.42,6.39348192207445
20230602093205950,6.43,6.42,6.39348192207445
20230602093206130,6.43,6.42,6.393587831990947
20230602093206150,6.43,6.42,6.393596619643333
20230602093206240,6.43,6.42,6.393596619643333
20230602093206340,6.43,6.42,6.393596619643333
20230602093206430,6.43,6.42,6.393596619643333
20230602093206440,6.43,6.42,6.393596619643333
20230602093206540,6.43,6.42,6.393596619643333
20230602093206580,6.43,6.42,6.393596619643333
20230602093206640,6.43,6.42,6.393596619643333
20230602093206710,6.43,6.42,6.393596619643333
20230602093206850,6.43,6.42,6.393605401450143
20230602093206890,6.43,6.42,6.393605401450143
20230602093206900,6.43,6.42,6.393621193990161
20230602093207000,6.43,6.42,6.393621193990161
20230602093207010,6.43,6.42,6.393621193990161
20230602093207030,6.43,6.42,6.393621193990161
20230602093207080,6.43,6.42,6.39367624610075
20230602093207110,6.43,6.42,6.393677993097956
20230602093207120,6.43,6.42,6.393677993097956
20230602093207150,6.43,6.42,6.393677993097956
20230602093207200,6.43,6.42,6.393677993097956
20230602093207210,6.43,6.42,6.393677993097956
20230602093207220,6.43,6.42,6.393677993097956
20230602093207250,6.43,6.42,6.393677993097956
20230602093207280,6.43,6.42,6.394226528348666
20230602093207330,6.43,6.42,6.394226528348666
20230602093207370,6.43,6.42,6.394226528348666
20230602093207410,6.43,6.42,6.394226528348666
20230602093207420,6.43,6.42,6.394226528348666
20230602093207510,6.43,6.42,6.394226528348666
20230602093207530,6.43,6.42,6.394538869486483
20230602093207590,6.43,6.42,6.394538869486483
20230602093207730,6.43,6.42,6.394538869486483
20230602093207750,6.43,6.42,6.3946531717380095
20230602093207810,6.43,6.42,6.394915536217046
20230602093207870,6.43,6.42,6.394915536217046
20230602093208000,6.43,6.42,6.394989464274312
20230602093208100,6.43,6.42,6.394989464274312
20230602093208210,6.43,6.42,6.394989464274312
20230602093208260,6.43,6.42,6.394989464274312
20230602093208330,6.43,6.42,6.394989464274312
20230602093208360,6.43,6.42,6.394989464274312
20230602093208570,6.43,6.42,6.394989464274312
20230602093208680,6.43,6.42,6.394989464274312
20230602093208700,6.43,6.42,6.394989464274312
20230602093208720,6.43,6.42,6.394989464274312
20230602093208810,6.43,6.42,6.394989464274312
20230602093208860,6.43,6.42,6.394989464274312
20230602093208870,6.43,6.42,6.394989464274312
20230602093209000,6.43,6.42,6.394989464274312
20230602093209380,6.43,6.42,6.394989464274312
20230602093209430,6.43,6.42,6.394989464274312
20230602093209450,6.43,6.42,6.39508088141638
20230602093210000,6.43,6.42,6.39508088141638
20230602093210020,6.43,6.42,6.39508088141638
20230602093210050,6.43,6.42,6.39508088141638
20230602093210060,6.43,6.42,6.39508088141638
20230602093210080,6.43,6.42,6.39508088141638
20230602093210100,6.43,6.42,6.39508405501783
20230602093210130,6.43,6.42,6.39508405501783
20230602093210140,6.43,6.42,6.395090723881072
20230602093210180,6.43,6.42,6.395092946269417
20230602093210190,6.43,6.42,6.395095168374817
20230602093210270,6.43,6.42,6.395095168374817
20230602093210370,6.43,6.42,6.395095168374817
20230602093210420,6.43,6.42,6.395095168374817
20230602093210510,6.43,6.42,6.395124030021626
20230602093210580,6.43,6.42,6.395124030021626
20230602093210860,6.43,6.42,6.395124030021626
20230602093210900,6.43,6.42,6.395124030021626
20230602093211070,6.43,6.42,6.395124030021626
20230602093211080,6.43,6.42,6.395126248171469
20230602093211100,6.43,6.42,6.3951278300686845
20230602093211940,6.43,6.42,6.3951278300686845
20230602093211980,6.43,6.42,6.3951278300686845
20230602093212010,6.43,6.42,6.3951278300686845
20230602093212120,6.43,6.42,6.3951278300686845
20230602093212220,6.43,6.42,6.3951278300686845
20230602093212470,6.43,6.42,6.3951278300686845
20230602093212600,6.43,6.42,6.3951278300686845
20230602093212760,6.43,6.42,6.3951278300686845
20230602093213340,6.43,6.42,6.395140478006611
20230602093213390,6.43,6.42,6.395147124245313
20230602093213430,6.43,6.42,6.395149339095068
20230602093213440,6.43,6.42,6.395151553663341
20230602093213450,6.43,6.42,6.395158195679796
20230602093213480,6.43,6.42,6.395158195679796
20230602093213610,6.43,6.42,6.395158195679796
20230602093213690,6.43,6.42,6.395158195679796
20230602093213700,6.43,6.42,6.395159773839019
20230602093213720,6.43,6.42,6.395349087003222
20230602093213780,6.43,6.42,6.395349087003222
20230602093213800,6.43,6.42,6.395349087003222
20230602093213880,6.43,6.42,6.395349087003222
20230602093213960,6.43,6.42,6.395370966723496
20230602093214050,6.43,6.42,6.395370966723496
20230602093214390,6.43,6.42,6.395370966723496
20230602093214560,6.43,6.42,6.395370966723496
20230602093214620,6.43,6.42,6.395370966723496
20230602093214750,6.43,6.42,6.395392818830063
20230602093214780,6.43,6.42,6.3967825560266505
20230602093214810,6.43,6.42,6.3967825560266505
20230602093214820,6.43,6.42,6.3967825560266505
20230602093214840,6.43,6.42,6.3967825560266505
20230602093214850,6.43,6.42,6.396784567863849
20230602093214860,6.44,6.42,6.397949272397873
20230602093214870,6.44,6.42,6.398135494741735
20230602093214880,6.44,6.42,6.398135494741735
20230602093214900,6.44,6.42,6.398135494741735
20230602093214950,6.44,6.42,6.398198829731765
20230602093215010,6.44,6.42,6.398198829731765
20230602093215020,6.44,6.42,6.398382005644836
20230602093215070,6.44,6.42,6.398737858562908
20230602093215100,6.44,6.43,6.398737858562908
20230602093215110,6.44,6.43,6.398737858562908
20230602093215130,6.44,6.43,6.398737858562908
20230602093215140,6.44,6.43,6.398737858562908
20230602093215240,6.44,6.43,6.398737858562908
20230602093215270,6.44,6.43,6.398737858562908
20230602093215330,6.44,6.43,6.398737858562908
20230602093215380,6.44,6.43,6.398742545578463
20230602093215430,6.44,6.43,6.398747870528109
20230602093215450,6.44,6.43,6.398939068505539
20230602093215500,6.44,6.43,6.398939068505539
20230602093215520,6.44,6.43,6.398939068505539
20230602093215560,6.44,6.43,6.398939068505539
20230602093215590,6.44,6.43,6.398939068505539
20230602093215640,6.44,6.43,6.398939068505539
20230602093215730,6.44,6.43,6.398939068505539
20230602093215820,6.44,6.43,6.399032985621652
20230602093215900,6.44,6.43,6.399032985621652
20230602093215920,6.44,6.43,6.399032985621652
20230602093215980,6.44,6.43,6.399032985621652
20230602093216000,6.44,6.43,6.399032985621652
20230602093216040,6.44,6.43,6.399032985621652
20230602093216080,6.44,6.43,6.399032985621652
20230602093216110,6.44,6.43,6.399039968431141
20230602093216120,6.44,6.43,6.399039968431141
20230602093216150,6.44,6.43,6.399039968431141
20230602093216160,6.44,6.43,6.399057411685165
20230602093216210,6.44,6.43,6.3990689422102065
20230602093216220,6.44,6.43,6.399071247535906
20230602093216230,6.44,6.43,6.399073552601937
20230602093216250,6.44,6.43,6.399075857408346
20230602093216310,6.44,6.43,6.3990845625492625
20230602093216320,6.44,6.43,6.3990845625492625
20230602093216370,6.44,6.43,6.3990845625492625
20230602093216380,6.44,6.43,6.399098379108509
20230602093216400,6.44,6.43,6.399098379108509
20230602093216490,6.44,6.43,6.399115761052987
20230602093216540,6.44,6.43,6.399119235095613
20230602093216610,6.44,6.43,6.399119235095613
20230602093216660,6.44,6.43,6.399119235095613
20230602093216770,6.44,6.43,6.399119235095613
20230602093216800,6.44,6.43,6.399119235095613
20230602093216840,6.44,6.43,6.399136593591906
20230602093216960,6.43,6.42,6.39932282936641
20230602093216980,6.43,6.42,6.39932282936641
20230602093217100,6.43,6.42,6.39932282936641
20230602093217160,6.43,6.42,6.399333109919571
20230602093217280,6.43,6.42,6.399333109919571
20230602093217380,6.43,6.42,6.399341671785136
20230602093217440,6.43,6.42,6.399341671785136
20230602093217510,6.43,6.42,6.39934338358459
20230602093217600,6.43,6.42,6.39934338358459
20230602093217680,6.43,6.42,6.39934338358459
20230602093217710,6.43,6.42,6.39934338358459
20230602093217740,6.43,6.42,6.39934338358459
20230602093217820,6.43,6.42,6.39934338358459
20230602093217830,6.43,6.42,6.39934338358459
20230602093218130,6.43,6.42,6.39934338358459
20230602093218380,6.43,6.42,6.399350228871274
20230602093218410,6.43,6.42,6.399592955640472
20230602093218440,6.43,6.42,6.399643390280312
20230602093218490,6.43,6.42,6.399643390280312
20230602093218520,6.43,6.42,6.399643390280312
20230602093218650,6.43,6.42,6.399643390280312
20230602093218790,6.43,6.42,6.39971037678601
20230602093218820,6.43,6.42,6.399717059180409
20230602093219010,6.43,6.42,6.399717059180409
20230602093219090,6.43,6.42,6.399718729318332
20230602093219100,6.43,6.42,6.399718729318332
20230602093219110,6.43,6.42,6.399755425801477
20230602093219150,6.43,6.42,6.399763753510656
20230602093219170,6.43,6.42,6.399765418502203
20230602093219300,6.43,6.42,6.399765418502203
20230602093219380,6.43,6.42,6.3997754046020034
20230602093219470,6.43,6.42,6.3997754046020034
20230602093219490,6.43,6.42,6.3997754046020034
20230602093219620,6.43,6.42,6.399841810392179
20230602093219650,6.43,6.42,6.399841810392179
20230602093219660,6.43,6.42,6.39985836627141
20230602093219700,6.43,6.42,6.39985836627141
20230602093219720,6.43,6.42,6.39985836627141
20230602093219870,6.43,6.42,6.39985836627141
20230602093219950,6.43,6.42,6.39985836627141
20230602093220000,6.43,6.42,6.39985836627141
20230602093220190,6.43,6.42,6.39985836627141
20230602093220200,6.43,6.42,6.39985836627141
20230602093220260,6.43,6.42,6.39985836627141
20230602093220290,6.43,6.42,6.39985836627141
20230602093220520,6.43,6.42,6.39985836627141
20230602093220720,6.43,6.42,6.39985836627141
20230602093220760,6.43,6.42,6.39985836627141
20230602093221310,6.43,6.42,6.39985836627141
20230602093221320,6.43,6.42,6.39985836627141
20230602093221670,6.43,6.42,6.39985836627141
20230602093221790,6.43,6.42,6.39985836627141
20230602093221900,6.43,6.42,6.39985836627141
20230602093222000,6.43,6.42,6.39985836627141
20230602093222180,6.43,6.42,6.399927702924745
20230602093222210,6.43,6.42,6.399927702924745
20230602093222230,6.43,6.42,6.399933198269726
20230602093222240,6.43,6.42,6.399939782120764
20230602093222260,6.43,6.42,6.39994142763302
20230602093222300,6.43,6.42,6.399954585248413
20230602093222530,6.43,6.42,6.399954585248413
20230602093222550,6.43,6.42,6.399954585248413
20230602093222570,6.43,6.42,6.399954585248413
20230602093222750,6.43,6.42,6.399954585248413
20230602093222800,6.43,6.42,6.399954585248413
20230602093222870,6.43,6.42,6.399954585248413
20230602093222940,6.43,6.42,6.400101818577807
20230602093223010,6.43,6.42,6.400101818577807
20230602093223050,6.43,6.42,6.4001072342278595
20230602093223260,6.43,6.42,6.400123497089385
20230602093223490,6.43,6.42,6.400123497089385
20230602093223800,6.43,6.42,6.400123497089385
20230602093223870,6.43,6.42,6.400123497089385
20230602093223900,6.43,6.42,6.400123497089385
20230602093224030,6.43,6.42,6.400177039209297
20230602093224070,6.43,6.42,6.400178658702145
20230602093224110,6.43,6.42,6.4002384565358765
20230602093224240,6.43,6.42,6.4002384565358765
20230602093224260,6.43,6.42,6.4002384565358765
20230602093224270,6.43,6.42,6.400244906805375
20230602093224290,6.43,6.42,6.400244906805375
20230602093224300,6.43,6.42,6.400244906805375
20230602093224320,6.43,6.42,6.400244906805375
20230602093224330,6.43,6.42,6.400244906805375
20230602093224340,6.43,6.42,6.400259409694016
20230602093224350,6.43,6.42,6.400259409694016
20230602093224360,6.43,6.42,6.400259409694016
20230602093224370,6.43,6.42,6.400259409694016
20230602093224380,6.43,6.42,6.400259409694016
20230602093224390,6.43,6.42,6.400259409694016
20230602093224420,6.43,6.42,6.400259409694016
20230602093224820,6.43,6.42,6.400259409694016
20230602093224850,6.43,6.42,6.400309256055364
20230602093224860,6.43,6.42,6.400309256055364
20230602093224900,6.43,6.42,6.400309256055364
20230602093225010,6.43,6.42,6.4003400809716595
20230602093225170,6.43,6.42,6.4003400809716595
20230602093225330,6.43,6.42,6.4003480841878035
20230602093225340,6.43,6.42,6.4003480841878035
20230602093225360,6.43,6.42,6.400351284265055
20230602093225410,6.43,6.42,6.400351284265055
20230602093225440,6.43,6.42,6.400351284265055
20230602093225570,6.43,6.42,6.400351284265055
20230602093225660,6.43,6.42,6.400351284265055
20230602093225800,6.43,6.42,6.400351284265055
20230602093225830,6.43,6.42,6.400351284265055
20230602093225900,6.43,6.42,6.400360880353868
20230602093225930,6.43,6.42,6.400360880353868
20230602093225950,6.43,6.42,6.400442196998225
20230602093225960,6.44,6.42,6.400542033025949
20230602093226010,6.44,6.42,6.400542033025949
20230602093226020,6.44,6.42,6.400542033025949
20230602093226060,6.44,6.42,6.400542033025949
20230602093226130,6.44,6.42,6.400542033025949
20230602093226240,6.44,6.42,6.400542033025949
20230602093226260,6.44,6.42,6.400542033025949
20230602093226270,6.44,6.42,6.400542033025949
20230602093226290,6.44,6.42,6.400542033025949
20230602093226380,6.44,6.42,6.400542033025949
20230602093226400,6.44,6.42,6.400542033025949
20230602093226470,6.44,6.42,6.400542033025949
20230602093226550,6.44,6.43,6.400542033025949
20230602093226710,6.44,6.43,6.400542033025949
20230602093226800,6.44,6.43,6.400545191379865
20230602093227010,6.44,6.43,6.400545191379865
20230602093227030,6.43,6.42,6.400603499010219
20230602093227060,6.43,6.42,6.400604536700192
20230602093227100,6.43,6.42,6.400604536700192
20230602093227200,6.43,6.42,6.400604536700192
20230602093227240,6.43,6.42,6.400618683492861
20230602093227350,6.43,6.42,6.400618683492861
20230602093227570,6.43,6.42,6.400618683492861
20230602093227620,6.43,6.42,6.40069702949176
20230602093227800,6.43,6.42,6.40069702949176
20230602093227910,6.43,6.42,6.40069702949176
20230602093227920,6.43,6.42,6.4007266915290355
20230602093227980,6.44,6.43,6.400746952031092
20230602093228010,6.44,6.43,6.400746952031092
20230602093228020,6.44,6.43,6.400746952031092
20230602093228060,6.44,6.43,6.400746952031092
20230602093228080,6.44,6.43,6.400746952031092
20230602093228090,6.44,6.43,6.400746952031092
20230602093228150,6.44,6.43,6.400746952031092
20230602093228170,6.44,6.43,6.400748509369676
20230602093228190,6.44,6.43,6.400748509369676
20230602093228220,6.44,6.43,6.400748509369676
20230602093228340,6.44,6.43,6.400748509369676
20230602093228370,6.44,6.43,6.400779621357158
20230602093228380,6.44,6.43,6.400779621357158
20230602093228390,6.44,6.43,6.400779621357158
20230602093228460,6.44,6.43,6.400787389015897
20230602093228640,6.44,6.43,6.400787389015897
20230602093228660,6.44,6.43,6.4008184183971535
20230602093228800,6.44,6.43,6.4008184183971535
20230602093228850,6.44,6.43,6.4008184183971535
20230602093229020,6.44,6.43,6.401142420731065
20230602093229110,6.44,6.43,6.401142420731065
20230602093229170,6.44,6.43,6.401159130389009
20230602093229350,6.44,6.43,6.401159130389009
20230602093229460,6.44,6.43,6.401159130389009
20230602093229470,6.44,6.43,6.401159130389009
20230602093229610,6.44,6.43,6.401159130389009
20230602093229640,6.44,6.43,6.401192491718808
20230602093229790,6.44,6.43,6.401192491718808
20230602093229840,6.44,6.43,6.401197035012092
20230602093229860,6.44,6.43,6.401212168978563
20230602093229880,6.44,6.43,6.401212168978563
20230602093229970,6.44,6.43,6.401212168978563
20230602093229980,6.44,6.43,6.401212168978563
20230602093230010,6.44,6.43,6.401232538598887
20230602093230140,6.44,6.43,6.40124271538825
20230602093230310,6.44,6.43,6.40124271538825
20230602093230410,6.44,6.43,6.40124271538825
20230602093230420,6.44,6.43,6.40124271538825
20230602093230580,6.44,6.43,6.40124271538825
20230602093230590,6.44,6.43,6.401302981086603
20230602093230630,6.44,6.43,6.401340519045625
20230602093230670,6.43,6.42,6.401547452080411
20230602093230740,6.43,6.42,6.401547452080411
20230602093230750,6.43,6.42,6.401547452080411
20230602093230810,6.44,6.43,6.401637323943662
20230602093231030,6.44,6.43,6.401657178345927
20230602093231050,6.44,6.43,6.401657178345927
20230602093231090,6.44,6.43,6.401657178345927
20230602093231100,6.44,6.43,6.401657178345927
20230602093231110,6.44,6.43,6.401657178345927
20230602093231120,6.44,6.43,6.401657178345927
20230602093231130,6.44,6.43,6.401657178345927
20230602093231150,6.44,6.43,6.401665114353721
20230602093231160,6.44,6.43,6.401665114353721
20230602093231220,6.44,6.43,6.401665114353721
20230602093231260,6.44,6.43,6.401665114353721
20230602093231360,6.44,6.43,6.401868244981987
20230602093231370,6.44,6.43,6.401872587866001
20230602093231460,6.44,6.43,6.401885608476494
20230602093231500,6.44,6.43,6.401885608476494
20230602093231520,6.44,6.43,6.401885608476494
20230602093231600,6.44,6.43,6.401885608476494
20230602093231930,6.44,6.43,6.401885608476494
20230602093232090,6.44,6.43,6.401885608476494
20230602093232100,6.44,6.43,6.401885608476494
20230602093232130,6.44,6.43,6.401885608476494
20230602093232150,6.44,6.43,6.401885608476494
20230602093232230,6.44,6.43,6.401885608476494
20230602093232280,6.44,6.43,6.401900061690315
20230602093232310,6.44,6.43,6.401900061690315
20230602093232610,6.44,6.43,6.401900061690315
20230602093232650,6.44,6.43,6.401902950550015
20230602093232660,6.44,6.43,6.401902950550015
20230602093232770,6.44,6.43,6.401902950550015
20230602093232780,6.44,6.43,6.401902950550015
20230602093232910,6.44,6.43,6.401902950550015
20230602093232940,6.44,6.43,6.401902950550015
20230602093232980,6.44,6.43,6.401902950550015
20230602093233020,6.44,6.43,6.4019058388157895
20230602093233130,6.44,6.43,6.4019058388157895
20230602093233150,6.44,6.43,6.4019058388157895
20230602093233270,6.44,6.43,6.4019058388157895
20230602093233280,6.44,6.43,6.4019058388157895
20230602093233490,6.44,6.43,6.4019058388157895
20230602093233590,6.44,6.43,6.401910170101239
20230602093233720,6.44,6.43,6.401910170101239
20230602093233740,6.44,6.43,6.401910170101239
20230602093233770,6.44,6.43,6.401910170101239
20230602093233780,6.44,6.43,6.4024884862594265
20230602093233910,6.44,6.43,6.4024884862594265
20230602093233980,6.44,6.43,6.4024884862594265
20230602093234070,6.44,6.43,6.4024884862594265
20230602093234110,6.44,6.43,6.4024884862594265
20230602093234130,6.44,6.43,6.4024884862594265
20230602093234170,6.44,6.43,6.402497976118195
20230602093234180,6.44,6.43,6.402503541076487
20230602093234230,6.44,6.43,6.402503541076487
20230602093234240,6.44,6.43,6.402503541076487
20230602093234350,6.44,6.43,6.402503541076487
20230602093234410,6.44,6.43,6.402503541076487
20230602093234530,6.44,6.43,6.402525778406793
20230602093234680,6.44,6.43,6.402525778406793
20230602093234890,6.44,6.43,6.402525778406793
20230602093234970,6.44,6.43,6.402539658482368
20230602093234990,6.44,6.43,6.402666700191089
20230602093235020,6.44,6.43,6.402666700191089
20230602093235120,6.44,6.43,6.402666700191089
20230602093235310,6.44,6.43,6.402666700191089
20230602093235360,6.44,6.43,6.402666700191089
20230602093235550,6.44,6.43,6.402736620354116
20230602093235560,6.44,6.43,6.4027379877620625
20230602093235640,6.44,6.43,6.4027379877620625
20230602093235770,6.44,6.43,6.4027379877620625
20230602093235790,6.44,6.43,6.4027379877620625
20230602093235840,6.44,6.43,6.4027379877620625
20230602093235970,6.44,6.43,6.4027379877620625
20230602093236050,6.44,6.43,6.4027379877620625
20230602093236300,6.44,6.43,6.4027379877620625
20230602093236460,6.44,6.43,6.402743456022465
20230602093236580,6.44,6.43,6.402743456022465
20230602093236590,6.44,6.43,6.402745324173895
20230602093236740,6.44,6.43,6.402756529149331
20230602093236950,6.44,6.43,6.402756529149331
20230602093236960,6.44,6.43,6.402756529149331
20230602093237100,6.44,6.43,6.402756529149331
20230602093237140,6.44,6.43,6.402781145118469
20230602093237150,6.44,6.43,6.402786737453671
20230602093237180,6.44,6.43,6.402786737453671
20230602093237250,6.44,6.43,6.402790825779959
20230602093237370,6.44,6.43,6.402790825779959
20230602093237390,6.44,6.43,6.402790825779959
20230602093237450,6.44,6.43,6.402790825779959
20230602093237460,6.44,6.43,6.402790825779959
20230602093237490,6.44,6.43,6.402790825779959
20230602093237650,6.44,6.43,6.402790825779959
20230602093237790,6.44,6.43,6.402790825779959
20230602093237810,6.44,6.43,6.402790825779959
20230602093237930,6.44,6.43,6.40281804992746
20230602093237980,6.44,6.43,6.40281804992746
20230602093238060,6.44,6.43,6.402845219651157
20230602093238070,6.44,6.43,6.402845219651157
20230602093238090,6.44,6.43,6.402845219651157
20230602093238170,6.44,6.43,6.402845219651157
20230602093238280,6.44,6.43,6.402846576711644
20230602093238310,6.44,6.43,6.402846576711644
20230602093238350,6.44,6.43,6.402846576711644
20230602093238570,6.44,6.43,6.402846576711644
20230602093238580,6.44,6.43,6.402905897615009
20230602093238700,6.44,6.43,6.4029206982543645
20230602093238730,6.44,6.43,6.4029206982543645
20230602093239240,6.44,6.43,6.4029206982543645
20230602093239300,6.44,6.43,6.4029206982543645
20230602093239320,6.44,6.43,6.402961155378486
20230602093239380,6.44,6.43,6.402961155378486
20230602093239400,6.44,6.43,6.402961155378486
20230602093239410,6.44,6.43,6.402961155378486
20230602093239450,6.44,6.43,6.402961155378486
20230602093239510,6.44,6.43,6.402981338641453
20230602093239610,6.44,6.43,6.402981338641453
20230602093239730,6.44,6.43,6.403420043273013
20230602093239800,6.44,6.43,6.403420043273013
20230602093239840,6.44,6.43,6.403420043273013
20230602093239850,6.44,6.43,6.403420043273013
20230602093240000,6.44,6.43,6.403420043273013
20230602093240040,6.44,6.43,6.403420043273013
20230602093240170,6.44,6.43,6.4034213502483155
20230602093240220,6.44,6.43,6.4034267453294005
20230602093240230,6.44,6.43,6.403428543336119
20230602093240310,6.44,6.43,6.403428543336119
20230602093240330,6.44,6.43,6.403428543336119
20230602093240340,6.44,6.43,6.403433767510445
20230602093240370,6.44,6.43,6.403433767510445
20230602093240380,6.44,6.43,6.403433767510445
20230602093240410,6.44,6.43,6.403433767510445
20230602093240420,6.44,6.43,6.403433767510445
20230602093240430,6.44,6.43,6.403433767510445
20230602093240520,6.44,6.43,6.403433767510445
20230602093240650,6.44,6.43,6.403433767510445
20230602093240770,6.44,6.43,6.403433767510445
20230602093240780,6.44,6.43,6.403433767510445
20230602093240820,6.44,6.43,6.403518046292664
20230602093240840,6.44,6.43,6.403518046292664
20230602093240870,6.44,6.43,6.403518046292664
20230602093240910,6.44,6.43,6.403518046292664
20230602093240940,6.44,6.43,6.403518046292664
20230602093240990,6.44,6.43,6.403518046292664
20230602093241010,6.44,6.43,6.403518046292664
20230602093241150,6.44,6.43,6.403518046292664
20230602093241260,6.44,6.43,6.403523412601127
20230602093241320,6.44,6.43,6.403523412601127
20230602093241340,6.44,6.43,6.403642309757407
20230602093241350,6.44,6.43,6.403642309757407
20230602093241380,6.44,6.43,6.403642309757407
20230602093241390,6.44,6.43,6.403642309757407
20230602093241400,6.44,6.43,6.403770340506145
20230602093241420,6.44,6.43,6.403770340506145
20230602093241520,6.44,6.43,6.403770340506145
20230602093241530,6.44,6.43,6.403770340506145
20230602093241630,6.44,6.43,6.403770340506145
20230602093241690,6.44,6.43,6.403770340506145
20230602093241750,6.44,6.43,6.403770340506145
20230602093241810,6.44,6.43,6.403770340506145
20230602093241830,6.44,6.43,6.403770340506145
20230602093241960,6.44,6.43,6.403770340506145
20230602093241980,6.44,6.43,6.403770340506145
20230602093242010,6.44,6.43,6.403770340506145
20230602093242120,6.44,6.43,6.403770340506145
20230602093242200,6.44,6.43,6.4037767094017095
20230602093242290,6.44,6.43,6.4037767094017095
20230602093242490,6.44,6.43,6.4037767094017095
20230602093242530,6.44,6.43,6.4037767094017095
20230602093242540,6.44,6.43,6.4037767094017095
20230602093242590,6.44,6.43,6.403846936797208
20230602093242780,6.44,6.43,6.403846936797208
20230602093242830,6.44,6.43,6.403846936797208
20230602093242850,6.44,6.43,6.403897542569659
20230602093242890,6.44,6.43,6.403899288927587
20230602093242950,6.44,6.43,6.403899288927587
20230602093242970,6.44,6.43,6.403924515536655
20230602093243050,6.44,6.43,6.403924515536655
20230602093243140,6.44,6.43,6.403924515536655
20230602093243190,6.44,6.43,6.403931487655216
20230602093243340,6.44,6.43,6.403931487655216
20230602093243350,6.44,6.43,6.403931487655216
20230602093243450,6.44,6.43,6.403931487655216
20230602093243470,6.44,6.43,6.403931487655216
20230602093243640,6.44,6.43,6.403931487655216
20230602093243720,6.44,6.43,6.403931487655216
20230602093243790,6.44,6.43,6.404580091098881
20230602093243820,6.44,6.43,6.404580091098881
20230602093243830,6.44,6.43,6.404580091098881
20230602093243970,6.44,6.43,6.404580091098881
20230602093244240,6.44,6.43,6.404580091098881
20230602093244300,6.44,6.43,6.404580091098881
20230602093244400,6.44,6.43,6.404580091098881
20230602093244510,6.44,6.43,6.404581771599374
20230602093244670,6.44,6.43,6.404581771599374
20230602093244810,6.44,6.43,6.404581771599374
20230602093244850,6.44,6.43,6.4047490201633845
20230602093244970,6.44,6.43,6.4047490201633845
20230602093245020,6.44,6.43,6.4047490201633845
20230602093245090,6.44,6.43,6.4047490201633845
20230602093245120,6.44,6.43,6.4047490201633845
20230602093245190,6.44,6.43,6.404782280511393
20230602093245210,6.44,6.43,6.404787264150944
20230602093245260,6.44,6.43,6.404787264150944
20230602093245400,6.44,6.43,6.404787264150944
20230602093245420,6.44,6.43,6.404825425246195
20230602093245720,6.44,6.43,6.404825425246195
20230602093245740,6.44,6.43,6.4048618498470224
20230602093245910,6.44,6.43,6.404873676781934
20230602093246030,6.44,6.43,6.404906698002351
20230602093246070,6.44,6.43,6.404906698002351
20230602093246110,6.44,6.43,6.404906698002351
20230602093246130,6.44,6.43,6.404906698002351
20230602093246170,6.44,6.43,6.404914943609023
20230602093246220,6.44,6.43,6.404914943609023
20230602093246310,6.44,6.43,6.404926480950815
20230602093246350,6.44,6.43,6.404926480950815
20230602093246390,6.44,6.43,6.404951192040548
20230602093246440,6.44,6.43,6.405184117537661
20230602093246460,6.44,6.43,6.405195445038346
20230602093246510,6.44,6.43,6.405290767663673
20230602093246720,6.44,6.43,6.405290767663673
20230602093246830,6.44,6.43,6.405290767663673
20230602093246950,6.44,6.43,6.405322879082246
20230602093246960,6.44,6.43,6.405322879082246
20230602093246990,6.44,6.43,6.405322879082246
20230602093247000,6.44,6.43,6.405322879082246
20230602093247010,6.44,6.43,6.405330897655275
20230602093247250,6.44,6.43,6.405330897655275
20230602093247510,6.44,6.43,6.405330897655275
20230602093247540,6.44,6.43,6.405343719661597
20230602093247560,6.44,6.43,6.405343719661597
20230602093247590,6.44,6.43,6.405343719661597
20230602093247630,6.44,6.43,6.405343719661597
20230602093247660,6.44,6.43,6.405343719661597
20230602093247770,6.44,6.43,6.405343719661597
20230602093247790,6.44,6.43,6.405343719661597
20230602093247810,6.44,6.43,6.405343719661597
20230602093248010,6.44,6.43,6.405343719661597
20230602093248020,6.44,6.43,6.405343719661597
20230602093248060,6.44,6.43,6.405343719661597
20230602093248090,6.44,6.43,6.405343719661597
20230602093248110,6.44,6.43,6.405345321745562
20230602093248160,6.44,6.43,6.405345321745562
20230602093248290,6.44,6.43,6.405345321745562
20230602093248300,6.44,6.43,6.405345321745562
20230602093248380,6.44,6.43,6.405345321745562
20230602093248390,6.44,6.43,6.405345321745562
20230602093248470,6.44,6.43,6.405353329944077
20230602093248490,6.44,6.43,6.405353329944077
20230602093248670,6.44,6.43,6.405353329944077
20230602093248680,6.44,6.43,6.405353329944077
20230602093248760,6.44,6.43,6.405353329944077
20230602093248790,6.44,6.43,6.405369335242759
20230602093248890,6.44,6.43,6.405369335242759
20230602093249050,6.44,6.43,6.405688589866813
20230602093249110,6.44,6.43,6.405909111524332
20230602093249130,6.44,6.43,6.405927671530862
20230602093249140,6.44,6.43,6.405927671530862
20230602093249160,6.44,6.43,6.4059323032307764
20230602093249190,6.44,6.43,6.4059323032307764
20230602093249220,6.44,6.43,6.4059323032307764
20230602093249230,6.44,6.43,6.405959536525754
20230602093249310,6.44,6.43,6.405959536525754
20230602093249440,6.44,6.43,6.405959536525754
20230602093249510,6.44,6.43,6.405964158030502
20230602093249590,6.44,6.43,6.405964158030502
20230602093249640,6.44,6.43,6.4060103041532965
20230602093249680,6.44,6.43,6.406016447517057
20230602093249690,6.44,6.43,6.406016447517057
20230602093249710,6.44,6.43,6.406016447517057
20230602093249760,6.44,6.43,6.406034856420444
20230602093249780,6.44,6.43,6.406034856420444
20230602093249890,6.44,6.43,6.406035938417085
20230602093249920,6.44,6.43,6.406098693105002
20230602093249960,6.44,6.43,6.406098693105002
20230602093250120,6.44,6.43,6.40610945945946
20230602093250170,6.44,6.43,6.406114038643427
20230602093250280,6.44,6.43,6.406114038643427
20230602093250310,6.44,6.43,6.406114038643427
20230602093250340,6.44,6.43,6.406114038643427
20230602093250360,6.44,6.43,6.406114038643427
20230602093250370,6.44,6.43,6.406114038643427
20230602093250420,6.44,6.43,6.406114038643427
20230602093250500,6.44,6.43,6.406115114393803
20230602093250510,6.44,6.43,6.4061897272277895
20230602093250530,6.44,6.43,6.4061897272277895
20230602093250650,6.44,6.43,6.4061897272277895
20230602093250770,6.44,6.43,6.406279132305486
20230602093250810,6.44,6.43,6.406279132305486
20230602093250970,6.44,6.43,6.406324411422433
20230602093251110,6.44,6.43,6.406324411422433
20230602093251160,6.44,6.43,6.406335003579098
20230602093251190,6.44,6.43,6.406341354325074
20230602093251240,6.44,6.43,6.406341354325074
20230602093251250,6.44,6.43,6.406341354325074
20230602093251280,6.44,6.43,6.406341354325074
20230602093251320,6.44,6.43,6.406341354325074
20230602093251470,6.44,6.43,6.406369933413773
20230602093251480,6.44,6.43,6.406369933413773
20230602093251580,6.44,6.43,6.406369933413773
20230602093251590,6.44,6.43,6.40637594388097
20230602093251610,6.44,6.43,6.406387958372415
20230602093251640,6.44,6.43,6.406387958372415
20230602093251800,6.44,6.43,6.40639996428093
20230602093251810,6.44,6.43,6.406410462417425
20230602093251890,6.44,6.43,6.406410462417425
20230602093252090,6.44,6.43,6.406410462417425
20230602093252100,6.44,6.43,6.406413460680175
20230602093252110,6.44,6.43,6.406413460680175
20230602093252190,6.44,6.43,6.406413460680175
20230602093252400,6.44,6.43,6.406413460680175
20230602093252500,6.44,6.43,6.406413460680175
20230602093252680,6.44,6.43,6.406413460680175
20230602093252840,6.44,6.43,6.406413460680175
20230602093252850,6.44,6.43,6.406518261796855
20230602093252870,6.44,6.43,6.406525698547377
20230602093252950,6.44,6.43,6.406530159012171
20230602093253020,6.44,6.43,6.406530159012171
20230602093253050,6.44,6.43,6.406564316457382
20230602093253060,6.44,6.43,6.406564316457382
20230602093253110,6.44,6.43,6.406564316457382
20230602093253270,6.44,6.43,6.406564316457382
20230602093253300,6.44,6.43,6.406564316457382
20230602093253330,6.44,6.43,6.406564316457382
20230602093253340,6.44,6.43,6.406564316457382
20230602093253390,6.44,6.43,6.406564316457382
20230602093253520,6.44,6.43,6.406564316457382
20230602093253540,6.44,6.43,6.406564316457382
20230602093253570,6.44,6.43,6.406564316457382
20230602093253610,6.44,6.43,6.406564316457382
20230602093253710,6.44,6.43,6.406564316457382
20230602093253740,6.44,6.43,6.406564316457382
20230602093253880,6.44,6.43,6.406564316457382
20230602093253900,6.44,6.43,6.406564316457382
20230602093254040,6.44,6.43,6.406564316457382
20230602093254050,6.44,6.43,6.406564316457382
20230602093254060,6.44,6.43,6.406564316457382
20230602093254100,6.44,6.43,6.406564316457382
20230602093254140,6.44,6.43,6.406564316457382
20230602093254160,6.44,6.43,6.406564316457382
20230602093254290,6.44,6.43,6.406564316457382
20230602093254300,6.44,6.43,6.406564316457382
20230602093254320,6.44,6.43,6.406564316457382
20230602093254330,6.44,6.43,6.406564316457382
20230602093254350,6.44,6.43,6.406564316457382
20230602093254360,6.44,6.43,6.406564316457382
20230602093254370,6.44,6.43,6.406564316457382
20230602093254390,6.44,6.43,6.406564316457382
20230602093254460,6.44,6.43,6.406564316457382
20230602093254570,6.44,6.43,6.406579145784361
