Timestamp,ask1,bid1,VWAP
20230714093000030,6.7,6.68,6.69
20230714093000040,6.7,6.68,6.69
20230714093000050,6.7,6.68,6.69
20230714093000060,6.7,6.68,6.69
20230714093000070,6.7,6.68,6.689821428571428
20230714093000080,6.69,6.68,6.689834862385321
20230714093000090,6.69,6.68,6.689834862385321
20230714093000100,6.69,6.68,6.689836363636363
20230714093000110,6.7,6.69,6.689838709677419
20230714093000280,6.7,6.69,6.689838709677419
20230714093000290,6.7,6.69,6.689838709677419
20230714093000300,6.7,6.69,6.689838709677419
20230714093000320,6.7,6.69,6.689838709677419
20230714093000340,6.7,6.69,6.689838709677419
20230714093000350,6.7,6.69,6.689838709677419
20230714093000370,6.7,6.69,6.689838709677419
20230714093000380,6.7,6.69,6.689839285714286
20230714093000390,6.7,6.69,6.689839285714286
20230714093000400,6.7,6.69,6.689839285714286
20230714093000410,6.7,6.69,6.689839285714286
20230714093000420,6.7,6.69,6.689839285714286
20230714093000450,6.7,6.69,6.689839285714286
20230714093000460,6.7,6.69,6.689839285714286
20230714093000480,6.7,6.69,6.689839285714286
20230714093000490,6.7,6.69,6.689839285714286
20230714093000500,6.7,6.69,6.689839285714286
20230714093000510,6.7,6.69,6.690017543859649
20230714093000520,6.7,6.69,6.690017482517483
20230714093000550,6.7,6.69,6.690017482517483
20230714093000930,6.7,6.69,6.690017482517483
20230714093000940,6.7,6.69,6.690017482517483
20230714093000950,6.7,6.69,6.690016611295681
20230714093000980,6.7,6.69,6.690016583747927
20230714093000990,6.7,6.69,6.690016583747927
20230714093001000,6.7,6.69,6.690016583747927
20230714093001010,6.7,6.69,6.690016583747927
20230714093001020,6.7,6.69,6.690016583747927
20230714093001040,6.7,6.69,6.690016583747927
20230714093001050,6.7,6.69,6.690016583747927
20230714093001080,6.7,6.69,6.690016583747927
20230714093001100,6.7,6.69,6.690016583747927
20230714093001110,6.7,6.69,6.690016051364366
20230714093001120,6.7,6.69,6.690016051364366
20230714093001130,6.7,6.69,6.690016051364366
20230714093001140,6.7,6.69,6.69001414427157
20230714093001150,6.7,6.69,6.69001414427157
20230714093001160,6.7,6.69,6.69001414427157
20230714093001190,6.7,6.69,6.69001414427157
20230714093001200,6.7,6.69,6.69001414427157
20230714093001210,6.7,6.69,6.69001414427157
20230714093001220,6.7,6.69,6.69001414427157
20230714093001310,6.7,6.69,6.69001414427157
20230714093001330,6.7,6.69,6.69001414427157
20230714093001350,6.7,6.69,6.69001414427157
20230714093001360,6.7,6.69,6.69001414427157
20230714093001370,6.7,6.69,6.69001414427157
20230714093001390,6.7,6.69,6.69001414427157
20230714093002100,6.7,6.69,6.690014025245442
20230714093002110,6.7,6.69,6.690013333333333
20230714093002130,6.7,6.69,6.690013333333333
20230714093002170,6.7,6.69,6.690013333333333
20230714093002190,6.7,6.69,6.690013333333333
20230714093002200,6.7,6.69,6.690013333333333
20230714093002230,6.7,6.69,6.690013333333333
20230714093002240,6.7,6.69,6.690013333333333
20230714093002340,6.7,6.69,6.690013333333333
20230714093002350,6.7,6.69,6.690013333333333
20230714093002360,6.7,6.69,6.690013333333333
20230714093002370,6.7,6.69,6.690013333333333
20230714093002400,6.7,6.69,6.690013315579228
20230714093002420,6.7,6.69,6.690013315579228
20230714093002530,6.7,6.69,6.690013315579228
20230714093002570,6.7,6.69,6.690013227513227
20230714093002590,6.7,6.69,6.690013227513227
20230714093002610,6.7,6.69,6.690013227513227
20230714093002640,6.7,6.7,6.6904309252218
20230714093002680,6.7,6.7,6.6904309252218
20230714093002690,6.7,6.7,6.6904309252218
20230714093002710,6.7,6.7,6.6904309252218
20230714093002720,6.7,6.7,6.6904309252218
20230714093002770,6.7,6.7,6.6904309252218
20230714093002780,6.7,6.7,6.6904309252218
20230714093002850,6.7,6.7,6.6904309252218
20230714093002860,6.7,6.7,6.6904309252218
20230714093002930,6.7,6.7,6.6904309252218
20230714093002940,6.7,6.7,6.6904309252218
20230714093004100,6.7,6.7,6.6904309252218
20230714093004120,6.7,6.7,6.6904309252218
20230714093004130,6.7,6.7,6.6904309252218
20230714093004150,6.7,6.7,6.6904309252218
20230714093004160,6.7,6.7,6.6904309252218
20230714093004170,6.7,6.7,6.6904309252218
20230714093004180,6.7,6.7,6.6904309252218
20230714093004190,6.7,6.7,6.6904309252218
20230714093004200,6.7,6.7,6.6904309252218
20230714093004210,6.7,6.7,6.6904309252218
20230714093004220,6.7,6.7,6.6904309252218
20230714093004240,6.7,6.7,6.6904309252218
20230714093004250,6.7,6.7,6.6904309252218
20230714093004260,6.7,6.7,6.6904309252218
20230714093004270,6.7,6.7,6.6904309252218
20230714093004280,6.7,6.7,6.6904309252218
20230714093004330,6.7,6.7,6.6904309252218
20230714093004340,6.7,6.7,6.6904309252218
20230714093004450,6.7,6.7,6.6904309252218
20230714093004470,6.7,6.7,6.6904309252218
20230714093004600,6.7,6.7,6.6904309252218
20230714093004740,6.7,6.7,6.6904309252218
20230714093004830,6.7,6.7,6.6904309252218
20230714093004890,6.7,6.7,6.6904309252218
20230714093004930,6.7,6.7,6.6904309252218
20230714093005000,6.7,6.7,6.6904309252218
20230714093005020,6.7,6.7,6.6904309252218
20230714093005030,6.7,6.7,6.6904309252218
20230714093005050,6.7,6.7,6.6904309252218
20230714093005090,6.7,6.7,6.6904309252218
20230714093005110,6.7,6.7,6.6904309252218
20230714093005150,6.7,6.7,6.6904309252218
20230714093007640,6.7,6.7,6.6904309252218
20230714093007820,6.7,6.7,6.6904309252218
20230714093007850,6.7,6.7,6.6904309252218
20230714093007920,6.7,6.7,6.6904309252218
20230714093007940,6.7,6.7,6.6904309252218
20230714093007990,6.7,6.7,6.6904309252218
20230714093008140,6.7,6.7,6.6904309252218
20230714093008910,6.7,6.7,6.6904309252218
20230714093009300,6.7,6.7,6.6904309252218
20230714093009370,6.7,6.7,6.6904309252218
20230714093009630,6.7,6.7,6.6904309252218
20230714093009640,6.71,6.7,6.6904309252218
20230714093009830,6.71,6.69,6.6904309252218
20230714093010100,6.71,6.7,6.6904309252218
20230714093010160,6.71,6.7,6.690997652582159
20230714093010220,6.71,6.69,6.690997652582159
20230714093010610,6.71,6.69,6.690997652582159
20230714093014330,6.7,6.69,6.690997652582159
20230714093014400,6.7,6.69,6.690997652582159
20230714093014460,6.7,6.69,6.690997652582159
20230714093014640,6.7,6.69,6.690997652582159
20230714093014650,6.7,6.69,6.690997652582159
20230714093014910,6.7,6.69,6.690997652582159
20230714093015200,6.71,6.7,6.691112398609501
20230714093015500,6.71,6.7,6.691112398609501
20230714093015540,6.71,6.7,6.691112398609501
20230714093015550,6.71,6.7,6.691163594470046
20230714093015790,6.71,6.7,6.691163594470046
20230714093015840,6.71,6.7,6.691163594470046
20230714093015990,6.71,6.7,6.691163594470046
20230714093016080,6.71,6.7,6.691335616438356
20230714093016090,6.71,6.7,6.691335616438356
20230714093016130,6.71,6.7,6.691335616438356
20230714093016330,6.71,6.7,6.691345496009122
20230714093016420,6.71,6.7,6.691345496009122
20230714093016430,6.71,6.7,6.691345496009122
20230714093016700,6.71,6.7,6.691365187713311
20230714093016710,6.71,6.7,6.691375
20230714093016760,6.71,6.7,6.691375
20230714093016770,6.71,6.7,6.691375
20230714093018930,6.71,6.7,6.691375
20230714093019110,6.71,6.7,6.691404303510759
20230714093019480,6.71,6.7,6.691423728813559
20230714093019830,6.71,6.7,6.6914656144306655
20230714093019880,6.71,6.7,6.6914656144306655
20230714093022090,6.71,6.7,6.691598224195339
20230714093022490,6.71,6.7,6.691662995594713
20230714093024340,6.71,6.7,6.691662995594713
20230714093024360,6.7,6.7,6.691672167216722
20230714093024370,6.7,6.7,6.691726775956284
20230714093024640,6.7,6.7,6.691726775956284
20230714093024890,6.7,6.7,6.691726775956284
20230714093025060,6.7,6.7,6.691771739130435
20230714093025080,6.71,6.7,6.692106360792492
20230714093025100,6.71,6.7,6.693445887445887
20230714093025120,6.71,6.7,6.693568394222599
20230714093025130,6.7,6.7,6.693568394222599
20230714093025270,6.7,6.7,6.693568394222599
20230714093025290,6.7,6.7,6.693568394222599
20230714093025300,6.7,6.7,6.693568394222599
20230714093025330,6.7,6.7,6.693568394222599
20230714093026890,6.7,6.7,6.693568394222599
20230714093027290,6.7,6.7,6.693568394222599
20230714093027310,6.7,6.7,6.693568394222599
20230714093027330,6.7,6.7,6.693568394222599
20230714093027510,6.7,6.7,6.693590177815411
20230714093028020,6.7,6.7,6.6937489677952104
20230714093029810,6.7,6.7,6.6937489677952104
20230714093029910,6.7,6.7,6.6937489677952104
20230714093029950,6.7,6.7,6.6937489677952104
20230714093030020,6.7,6.7,6.6937489677952104
20230714093030140,6.7,6.7,6.6937489677952104
20230714093030150,6.7,6.7,6.69390989541432
20230714093030160,6.7,6.7,6.69390989541432
20230714093030260,6.7,6.7,6.69390989541432
20230714093030300,6.7,6.7,6.69390989541432
20230714093030600,6.7,6.7,6.69390989541432
20230714093030620,6.7,6.7,6.69390989541432
20230714093030640,6.7,6.7,6.69390989541432
20230714093032530,6.7,6.7,6.69390989541432
20230714093032540,6.7,6.7,6.69390989541432
20230714093033110,6.7,6.7,6.69390989541432
20230714093033130,6.7,6.7,6.693929430633521
20230714093033310,6.7,6.7,6.693929430633521
20230714093034940,6.7,6.7,6.693929430633521
20230714093035110,6.7,6.7,6.693929430633521
20230714093035230,6.71,6.69,6.694512820512821
20230714093035240,6.7,6.69,6.694512820512821
20230714093035520,6.7,6.69,6.694512820512821
20230714093035790,6.7,6.69,6.694512820512821
20230714093035810,6.7,6.69,6.694512820512821
20230714093037710,6.7,6.69,6.694512820512821
20230714093037840,6.7,6.69,6.694512820512821
20230714093037880,6.7,6.69,6.694512820512821
20230714093037890,6.7,6.69,6.694512820512821
20230714093037910,6.7,6.69,6.694512820512821
20230714093037930,6.7,6.69,6.694512820512821
20230714093037960,6.7,6.69,6.694512820512821
20230714093037980,6.7,6.69,6.694512820512821
20230714093038060,6.7,6.69,6.694512820512821
20230714093038090,6.7,6.69,6.694512820512821
20230714093038350,6.7,6.69,6.694512820512821
20230714093038370,6.7,6.69,6.694512820512821
20230714093040700,6.7,6.69,6.694512820512821
20230714093040790,6.7,6.69,6.694512820512821
20230714093040980,6.7,6.69,6.694512820512821
20230714093041240,6.7,6.69,6.694512820512821
20230714093041400,6.7,6.69,6.694512820512821
20230714093043140,6.7,6.69,6.694512820512821
20230714093043260,6.7,6.69,6.694512820512821
20230714093043450,6.7,6.69,6.694516353514266
20230714093043630,6.7,6.69,6.69452016689847
20230714093043920,6.7,6.69,6.69452016689847
20230714093044260,6.7,6.69,6.69452016689847
20230714093045770,6.7,6.69,6.69452016689847
20230714093045850,6.7,6.69,6.69452016689847
20230714093045910,6.7,6.69,6.69452016689847
20230714093045920,6.7,6.69,6.69452016689847
20230714093046330,6.7,6.69,6.694510756419153
20230714093046350,6.7,6.69,6.694510756419153
20230714093046390,6.7,6.69,6.694510756419153
20230714093046470,6.7,6.69,6.694510756419153
20230714093046800,6.71,6.69,6.69496178343949
20230714093048760,6.71,6.69,6.69496178343949
20230714093048920,6.7,6.69,6.69496178343949
20230714093049090,6.7,6.69,6.6950314070351755
20230714093049140,6.7,6.69,6.6950314070351755
20230714093049500,6.7,6.69,6.6950314070351755
20230714093051310,6.7,6.69,6.6950314070351755
20230714093051320,6.7,6.69,6.6950655021834065
20230714093051450,6.7,6.69,6.6950655021834065
20230714093052020,6.7,6.69,6.6950655021834065
20230714093052030,6.7,6.69,6.6950655021834065
20230714093052070,6.7,6.69,6.695071651090343
20230714093053920,6.7,6.69,6.695071651090343
20230714093053950,6.7,6.69,6.694765807962529
20230714093053970,6.7,6.69,6.694763019309538
20230714093054030,6.7,6.69,6.694740827023879
20230714093054130,6.7,6.69,6.694740827023879
20230714093054380,6.7,6.69,6.694740827023879
20230714093054870,6.7,6.69,6.694740827023879
20230714093054880,6.7,6.69,6.694740827023879
20230714093055020,6.7,6.69,6.694740827023879
20230714093056760,6.7,6.69,6.694740827023879
20230714093056790,6.7,6.69,6.694740827023879
20230714093057050,6.7,6.69,6.694740827023879
20230714093057210,6.7,6.69,6.694740827023879
20230714093057240,6.7,6.69,6.694740827023879
20230714093057360,6.7,6.69,6.694740827023879
20230714093057520,6.7,6.69,6.6947222222222225
20230714093057670,6.7,6.69,6.6947222222222225
20230714093059550,6.7,6.69,6.6947222222222225
20230714093059840,6.7,6.69,6.6947222222222225
20230714093059890,6.7,6.69,6.6947222222222225
20230714093100120,6.7,6.69,6.6947222222222225
20230714093100130,6.7,6.69,6.6947222222222225
20230714093100190,6.7,6.69,6.6947222222222225
20230714093100430,6.7,6.69,6.6947222222222225
20230714093102160,6.7,6.69,6.6947222222222225
20230714093102300,6.7,6.69,6.6947222222222225
20230714093103050,6.7,6.69,6.6947222222222225
20230714093103060,6.7,6.69,6.6947222222222225
20230714093103100,6.7,6.69,6.6947222222222225
20230714093103140,6.7,6.69,6.6947222222222225
20230714093104610,6.7,6.69,6.694692351926395
20230714093104620,6.7,6.69,6.694692351926395
20230714093104670,6.7,6.69,6.694676217765043
20230714093104990,6.7,6.69,6.694676217765043
20230714093105090,6.7,6.69,6.694676217765043
20230714093105260,6.7,6.69,6.694676217765043
20230714093105630,6.7,6.69,6.694676217765043
20230714093105800,6.7,6.69,6.694676217765043
20230714093105810,6.7,6.69,6.694676217765043
20230714093105850,6.7,6.69,6.694676217765043
20230714093107640,6.7,6.69,6.694676217765043
20230714093107750,6.7,6.69,6.694676217765043
20230714093107780,6.7,6.69,6.694676217765043
20230714093107980,6.7,6.69,6.694676217765043
20230714093108180,6.7,6.69,6.694676217765043
20230714093110060,6.7,6.69,6.694676217765043
20230714093110120,6.7,6.69,6.694676217765043
20230714093110400,6.7,6.69,6.694875896304468
20230714093110670,6.7,6.69,6.694875896304468
20230714093110790,6.7,6.69,6.695125918153201
20230714093110810,6.7,6.69,6.695125918153201
20230714093110940,6.7,6.69,6.695125918153201
20230714093111060,6.7,6.69,6.695125918153201
20230714093113060,6.69,6.69,6.695125918153201
20230714093113130,6.69,6.69,6.695125918153201
20230714093113200,6.69,6.69,6.695125918153201
20230714093113570,6.69,6.69,6.695125918153201
20230714093113620,6.69,6.69,6.695125918153201
20230714093115530,6.69,6.69,6.695125918153201
20230714093115540,6.69,6.69,6.695125918153201
20230714093115680,6.69,6.69,6.695125918153201
20230714093115720,6.7,6.69,6.695363908275175
20230714093115730,6.7,6.69,6.695363908275175
20230714093115790,6.7,6.69,6.695363908275175
20230714093115890,6.7,6.69,6.695363908275175
20230714093115910,6.7,6.69,6.695363908275175
20230714093116040,6.7,6.69,6.695363908275175
20230714093116090,6.7,6.69,6.695373134328358
20230714093116120,6.7,6.69,6.695373134328358
20230714093116380,6.7,6.69,6.695373134328358
20230714093116500,6.7,6.69,6.695373134328358
20230714093118210,6.7,6.69,6.695373134328358
20230714093118570,6.7,6.69,6.695373134328358
20230714093118790,6.7,6.69,6.6953544868616754
20230714093118810,6.7,6.69,6.6953544868616754
20230714093119100,6.7,6.69,6.695307125307125
20230714093119110,6.7,6.69,6.695307125307125
20230714093119200,6.7,6.69,6.695307125307125
20230714093120910,6.7,6.69,6.695307125307125
20230714093121120,6.7,6.69,6.695307125307125
20230714093121500,6.7,6.69,6.695505882352941
20230714093121510,6.7,6.69,6.695505882352941
20230714093121530,6.7,6.69,6.695505882352941
20230714093121570,6.7,6.69,6.695505882352941
20230714093123710,6.7,6.69,6.695505882352941
20230714093123740,6.7,6.69,6.695505882352941
20230714093123970,6.7,6.69,6.695505882352941
20230714093123980,6.7,6.69,6.695505882352941
20230714093124150,6.7,6.69,6.695505882352941
20230714093124650,6.7,6.69,6.695505882352941
20230714093126280,6.7,6.69,6.695505882352941
20230714093126360,6.7,6.69,6.695505882352941
20230714093126720,6.7,6.69,6.695505882352941
20230714093129070,6.7,6.7,6.695505882352941
20230714093129100,6.7,6.7,6.695505882352941
20230714093129130,6.7,6.7,6.695505882352941
20230714093129140,6.7,6.7,6.695505882352941
20230714093129150,6.7,6.7,6.695505882352941
20230714093129160,6.7,6.7,6.695505882352941
20230714093129170,6.7,6.7,6.695505882352941
20230714093129180,6.7,6.7,6.695505882352941
20230714093130010,6.7,6.7,6.695505882352941
20230714093130090,6.7,6.7,6.695505882352941
20230714093131760,6.7,6.7,6.695505882352941
20230714093132250,6.7,6.7,6.695505882352941
20230714093134980,6.7,6.7,6.695505882352941
20230714093135410,6.7,6.7,6.695505882352941
20230714093137320,6.7,6.7,6.695505882352941
20230714093138080,6.7,6.7,6.695505882352941
20230714093138180,6.7,6.7,6.695505882352941
20230714093139870,6.7,6.7,6.695505882352941
20230714093140230,6.7,6.7,6.695505882352941
20230714093140520,6.7,6.7,6.695505882352941
20230714093140590,6.7,6.7,6.695505882352941
20230714093140680,6.7,6.7,6.695505882352941
20230714093142400,6.7,6.7,6.695505882352941
20230714093142590,6.7,6.7,6.695505882352941
20230714093142840,6.7,6.7,6.695505882352941
20230714093143080,6.7,6.7,6.695505882352941
20230714093143500,6.7,6.7,6.695505882352941
20230714093145280,6.7,6.7,6.695505882352941
20230714093145410,6.7,6.7,6.695505882352941
20230714093145500,6.7,6.7,6.695505882352941
20230714093145680,6.7,6.7,6.695505882352941
20230714093145710,6.7,6.7,6.695505882352941
20230714093146080,6.7,6.7,6.695505882352941
20230714093146240,6.7,6.7,6.695505882352941
20230714093146300,6.7,6.7,6.695505882352941
20230714093146330,6.7,6.7,6.695505882352941
20230714093147800,6.7,6.7,6.695505882352941
20230714093148160,6.7,6.7,6.695505882352941
20230714093148350,6.7,6.7,6.695505882352941
20230714093148450,6.7,6.7,6.695505882352941
20230714093148510,6.7,6.7,6.695505882352941
20230714093150650,6.7,6.7,6.695505882352941
20230714093150740,6.7,6.7,6.695505882352941
20230714093150880,6.7,6.7,6.695505882352941
20230714093151010,6.7,6.7,6.695505882352941
20230714093151070,6.7,6.7,6.695505882352941
20230714093151170,6.7,6.7,6.695505882352941
20230714093151510,6.7,6.7,6.695505882352941
20230714093151650,6.7,6.7,6.695505882352941
20230714093153790,6.7,6.7,6.695505882352941
20230714093154110,6.7,6.7,6.695505882352941
20230714093155930,6.7,6.7,6.695505882352941
20230714093156040,6.7,6.7,6.695505882352941
20230714093156660,6.7,6.7,6.695505882352941
20230714093156790,6.7,6.7,6.695505882352941
20230714093156800,6.71,6.7,6.695505882352941
20230714093158650,6.71,6.7,6.695505882352941
20230714093159420,6.71,6.7,6.695505882352941
20230714093159520,6.71,6.7,6.695505882352941
20230714093201350,6.71,6.7,6.695505882352941
20230714093201430,6.71,6.7,6.695505882352941
20230714093201580,6.71,6.7,6.695505882352941
20230714093201650,6.71,6.7,6.695505882352941
20230714093201980,6.71,6.7,6.695505882352941
20230714093202460,6.71,6.7,6.695505882352941
20230714093203990,6.71,6.7,6.695505882352941
20230714093204200,6.71,6.7,6.695505882352941
20230714093204390,6.71,6.7,6.695505882352941
20230714093204420,6.71,6.7,6.695505882352941
20230714093204790,6.71,6.7,6.695505882352941
20230714093204880,6.71,6.7,6.695505882352941
20230714093206840,6.71,6.7,6.6962897678417885
20230714093207030,6.71,6.7,6.6962897678417885
20230714093207090,6.71,6.7,6.6962897678417885
20230714093207100,6.71,6.7,6.6962897678417885
20230714093207110,6.71,6.7,6.6962897678417885
20230714093209840,6.71,6.7,6.6962897678417885
20230714093210090,6.71,6.69,6.6962897678417885
20230714093210120,6.71,6.69,6.6962897678417885
20230714093210130,6.71,6.7,6.6962897678417885
20230714093210410,6.71,6.7,6.6962897678417885
20230714093212480,6.71,6.7,6.6962897678417885
20230714093212500,6.71,6.7,6.6962897678417885
20230714093212590,6.71,6.7,6.6962897678417885
20230714093212910,6.71,6.7,6.6962897678417885
20230714093213070,6.71,6.7,6.6962897678417885
20230714093213080,6.71,6.69,6.6964250207125104
20230714093213090,6.71,6.69,6.696477551020408
20230714093213110,6.71,6.69,6.696477551020408
20230714093213200,6.71,6.69,6.696547139403707
20230714093214970,6.71,6.7,6.696547139403707
20230714093215010,6.71,6.7,6.696547139403707
20230714093215220,6.71,6.69,6.696580207501995
20230714093215230,6.71,6.69,6.696582934609251
20230714093215670,6.71,6.69,6.696582934609251
20230714093215730,6.71,6.69,6.696582934609251
20230714093215740,6.71,6.69,6.696582934609251
20230714093215820,6.71,6.69,6.696582934609251
20230714093215900,6.71,6.7,6.696582934609251
20230714093217700,6.71,6.7,6.696582934609251
20230714093218130,6.71,6.7,6.696582934609251
20230714093218190,6.71,6.7,6.696582934609251
20230714093218300,6.71,6.7,6.696582934609251
20230714093218440,6.71,6.7,6.696582934609251
20230714093218610,6.7,6.7,6.696582934609251
20230714093218690,6.71,6.7,6.696582934609251
20230714093218730,6.7,6.7,6.696582934609251
20230714093220200,6.7,6.7,6.696582934609251
20230714093220520,6.71,6.7,6.6967402054012934
20230714093220550,6.71,6.7,6.6967402054012934
20230714093220630,6.71,6.7,6.6967402054012934
20230714093220790,6.71,6.7,6.6967402054012934
20230714093220920,6.71,6.7,6.6967402054012934
20230714093221030,6.71,6.7,6.6967402054012934
20230714093221060,6.71,6.7,6.6967402054012934
20230714093221100,6.71,6.7,6.6967402054012934
20230714093221130,6.71,6.7,6.6967402054012934
20230714093221140,6.71,6.7,6.6967402054012934
20230714093221150,6.71,6.7,6.6967402054012934
20230714093221290,6.71,6.7,6.6967402054012934
20230714093221300,6.71,6.7,6.6967402054012934
20230714093221310,6.71,6.7,6.696751326762699
20230714093221360,6.71,6.7,6.696751326762699
20230714093223170,6.71,6.7,6.696751326762699
20230714093224080,6.71,6.7,6.696751326762699
20230714093225890,6.71,6.7,6.6968806306306305
20230714093226000,6.71,6.7,6.69698808637379
20230714093226030,6.71,6.7,6.69698808637379
20230714093226370,6.71,6.7,6.69698808637379
20230714093226710,6.71,6.7,6.69698808637379
20230714093226840,6.71,6.7,6.69698808637379
20230714093228670,6.71,6.7,6.69698808637379
20230714093228880,6.71,6.7,6.69698808637379
20230714093229320,6.71,6.7,6.69698808637379
20230714093229540,6.71,6.7,6.69698808637379
20230714093231060,6.71,6.7,6.69698808637379
20230714093231090,6.71,6.7,6.696992928917008
20230714093231200,6.71,6.7,6.696992928917008
20230714093231260,6.71,6.7,6.696992928917008
20230714093231620,6.71,6.7,6.696992928917008
20230714093231750,6.71,6.7,6.696992928917008
20230714093231850,6.71,6.7,6.696992928917008
20230714093232040,6.71,6.7,6.696992928917008
20230714093233740,6.71,6.7,6.696992928917008
20230714093234080,6.71,6.7,6.696992928917008
20230714093234210,6.71,6.7,6.697021908652061
20230714093234220,6.71,6.7,6.697021908652061
20230714093234290,6.71,6.7,6.697021908652061
20230714093234300,6.71,6.7,6.697021908652061
20230714093234380,6.71,6.7,6.697021908652061
20230714093234480,6.71,6.7,6.697021908652061
20230714093234880,6.71,6.7,6.697211855104281
20230714093236540,6.71,6.7,6.697211855104281
20230714093236550,6.71,6.7,6.697281659388646
20230714093236570,6.71,6.7,6.697293478260869
20230714093237080,6.71,6.7,6.697293478260869
20230714093237090,6.71,6.7,6.697330202312139
20230714093237240,6.71,6.7,6.697330202312139
20230714093237650,6.71,6.7,6.697330202312139
20230714093239130,6.71,6.7,6.697330202312139
20230714093239330,6.71,6.7,6.697528449502133
20230714093239400,6.71,6.7,6.697528449502133
20230714093239530,6.71,6.7,6.697528449502133
20230714093239880,6.71,6.7,6.697528449502133
20230714093240090,6.71,6.7,6.697528449502133
20230714093240190,6.71,6.7,6.697528449502133
20230714093240210,6.71,6.7,6.697528449502133
20230714093240300,6.71,6.7,6.697528449502133
20230714093241860,6.71,6.7,6.697528449502133
20230714093242230,6.71,6.7,6.697528449502133
20230714093242380,6.71,6.7,6.697528449502133
20230714093243000,6.71,6.7,6.697528449502133
20230714093243040,6.71,6.7,6.697528449502133
20230714093243050,6.71,6.7,6.697528449502133
20230714093244600,6.71,6.7,6.697528449502133
20230714093244640,6.71,6.7,6.697528449502133
20230714093244760,6.71,6.7,6.697528449502133
20230714093244960,6.71,6.7,6.697528449502133
20230714093245260,6.71,6.7,6.697528449502133
20230714093245440,6.71,6.7,6.697528449502133
20230714093245680,6.71,6.7,6.697528449502133
20230714093245730,6.71,6.7,6.697528449502133
20230714093247280,6.71,6.7,6.697528449502133
20230714093247350,6.71,6.7,6.697528449502133
20230714093247650,6.71,6.7,6.697528449502133
20230714093247710,6.71,6.71,6.697528449502133
20230714093248390,6.71,6.7,6.697528449502133
20230714093249900,6.71,6.71,6.697528449502133
20230714093249910,6.71,6.71,6.697528449502133
20230714093249990,6.71,6.71,6.697528449502133
20230714093250380,6.71,6.71,6.697528449502133
20230714093250400,6.71,6.71,6.697528449502133
20230714093250670,6.71,6.71,6.697528449502133
20230714093251110,6.71,6.71,6.697528449502133
20230714093252870,6.71,6.71,6.697528449502133
20230714093253330,6.71,6.71,6.6982669789227165
20230714093255470,6.71,6.71,6.698310517529215
20230714093255480,6.71,6.71,6.698310517529215
20230714093255870,6.71,6.71,6.698310517529215
20230714093255900,6.71,6.71,6.698310517529215
20230714093255970,6.71,6.71,6.698310517529215
20230714093256270,6.71,6.71,6.698518518518519
20230714093258070,6.71,6.71,6.698518518518519
20230714093258080,6.71,6.71,6.698518518518519
20230714093258320,6.71,6.7,6.699296174122145
20230714093258330,6.71,6.7,6.699296174122145
20230714093258700,6.71,6.7,6.69930276981853
20230714093258760,6.71,6.7,6.69930276981853
20230714093258830,6.71,6.7,6.699335626746937
20230714093258880,6.71,6.7,6.699335626746937
20230714093259010,6.71,6.7,6.6994362126144775
20230714093259080,6.71,6.7,6.699452258711305
20230714093259110,6.71,6.7,6.699452258711305
20230714093259210,6.71,6.7,6.699477831317999
20230714093259220,6.71,6.7,6.699534918769027
20230714093259230,6.71,6.7,6.699534918769027
20230714093300720,6.71,6.7,6.699534918769027
20230714093301010,6.71,6.71,6.699534918769027
20230714093301060,6.71,6.71,6.699534918769027
20230714093301110,6.71,6.71,6.699534918769027
20230714093301540,6.71,6.71,6.699534918769027
20230714093301880,6.71,6.71,6.699534918769027
20230714093301950,6.71,6.71,6.699534918769027
20230714093303520,6.71,6.71,6.699534918769027
20230714093303620,6.71,6.71,6.699571862683155
20230714093303800,6.71,6.71,6.699571862683155
20230714093304040,6.71,6.71,6.699571862683155
20230714093306650,6.71,6.71,6.699571862683155
20230714093307080,6.71,6.71,6.699571862683155
20230714093307090,6.71,6.71,6.70022906540152
20230714093307110,6.71,6.72,6.70022906540152
20230714093307190,6.71,6.72,6.70022906540152
20230714093307200,6.71,6.72,6.70022906540152
20230714093307210,6.71,6.72,6.70022906540152
20230714093307220,6.71,6.7,6.70022906540152
20230714093307330,6.71,6.7,6.70022906540152
20230714093307340,6.71,6.7,6.70022906540152
20230714093308830,6.71,6.7,6.70022906540152
20230714093309320,6.71,6.7,6.70022906540152
20230714093309340,6.71,6.7,6.70022906540152
20230714093309350,6.71,6.71,6.70022906540152
20230714093309540,6.71,6.71,6.70022906540152
20230714093309720,6.71,6.71,6.70022906540152
20230714093309750,6.71,6.71,6.70022906540152
20230714093311530,6.71,6.71,6.70022906540152
20230714093311770,6.71,6.71,6.70022906540152
20230714093311900,6.71,6.71,6.70022906540152
20230714093312080,6.71,6.71,6.70022906540152
20230714093312110,6.71,6.71,6.70022906540152
20230714093312150,6.71,6.71,6.70022906540152
20230714093312180,6.71,6.71,6.70022906540152
20230714093312240,6.71,6.71,6.70022906540152
20230714093314190,6.71,6.71,6.70022906540152
20230714093314250,6.71,6.71,6.70022906540152
20230714093314480,6.71,6.71,6.70022906540152
20230714093314560,6.71,6.71,6.70022906540152
20230714093314660,6.71,6.71,6.70022906540152
20230714093314730,6.71,6.71,6.70022906540152
20230714093314980,6.71,6.71,6.70022906540152
20230714093315020,6.71,6.71,6.70022906540152
20230714093315040,6.71,6.71,6.70022906540152
20230714093315070,6.71,6.71,6.70022906540152
20230714093315180,6.71,6.71,6.70022906540152
20230714093317160,6.71,6.71,6.70022906540152
20230714093317480,6.71,6.71,6.70022906540152
20230714093317520,6.71,6.71,6.70022906540152
20230714093317540,6.71,6.71,6.70022906540152
20230714093317880,6.71,6.71,6.70022906540152
20230714093317890,6.71,6.71,6.70022906540152
20230714093319700,6.71,6.71,6.70022906540152
20230714093320000,6.71,6.71,6.70022906540152
20230714093320120,6.71,6.71,6.70022906540152
20230714093320190,6.71,6.71,6.70022906540152
20230714093322460,6.71,6.71,6.70022906540152
20230714093322850,6.71,6.71,6.70022906540152
20230714093322870,6.71,6.71,6.70022906540152
20230714093322940,6.71,6.71,6.70022906540152
20230714093323260,6.71,6.71,6.70022906540152
20230714093325480,6.71,6.71,6.70022906540152
20230714093325550,6.71,6.71,6.70022906540152
20230714093326010,6.71,6.71,6.70022906540152
20230714093326070,6.71,6.71,6.70022906540152
20230714093326150,6.71,6.71,6.70022906540152
20230714093327770,6.71,6.71,6.70022906540152
20230714093327790,6.71,6.71,6.70022906540152
20230714093328330,6.71,6.71,6.70022906540152
20230714093328570,6.71,6.71,6.70022906540152
20230714093328770,6.71,6.71,6.70022906540152
20230714093328830,6.71,6.71,6.70022906540152
20230714093330470,6.71,6.71,6.70022906540152
20230714093330510,6.71,6.71,6.70022906540152
20230714093331230,6.71,6.71,6.70022906540152
20230714093333160,6.71,6.71,6.70022906540152
20230714093333280,6.72,6.71,6.703054774078333
20230714093333290,6.73,6.72,6.703716058960435
20230714093333300,6.73,6.72,6.703716058960435
20230714093333370,6.73,6.72,6.703722236585423
20230714093333380,6.73,6.72,6.703722236585423
20230714093333410,6.73,6.72,6.703722236585423
20230714093333560,6.73,6.72,6.703722236585423
20230714093333570,6.73,6.72,6.703722236585423
20230714093333640,6.72,6.71,6.704136106466318
20230714093333650,6.72,6.71,6.704136106466318
20230714093333660,6.72,6.71,6.704136106466318
20230714093333680,6.72,6.71,6.704136106466318
20230714093333690,6.72,6.71,6.7041397393913025
20230714093333720,6.72,6.71,6.7041397393913025
20230714093333740,6.72,6.71,6.7041397393913025
20230714093333750,6.72,6.71,6.7041397393913025
20230714093333780,6.72,6.71,6.7041397393913025
20230714093333840,6.72,6.71,6.704161502046791
20230714093334020,6.72,6.71,6.704161502046791
20230714093334040,6.72,6.71,6.704161502046791
20230714093334090,6.72,6.71,6.704219244878894
20230714093334170,6.72,6.71,6.704219244878894
20230714093335980,6.72,6.71,6.704219244878894
20230714093336160,6.72,6.71,6.704219244878894
20230714093336200,6.72,6.71,6.704219244878894
20230714093336220,6.72,6.71,6.704219244878894
20230714093336450,6.72,6.72,6.704219244878894
20230714093336630,6.72,6.72,6.704219244878894
20230714093336720,6.72,6.72,6.704219244878894
20230714093336760,6.72,6.72,6.704219244878894
20230714093336920,6.72,6.72,6.704219244878894
20230714093336960,6.72,6.72,6.704219244878894
20230714093339640,6.72,6.72,6.704219244878894
20230714093339650,6.72,6.72,6.704219244878894
20230714093339740,6.72,6.72,6.704219244878894
20230714093341340,6.72,6.72,6.704219244878894
20230714093341490,6.72,6.72,6.704219244878894
20230714093341540,6.72,6.72,6.704219244878894
20230714093342080,6.72,6.72,6.7044005225578305
20230714093342190,6.72,6.71,6.704421575904807
20230714093342290,6.72,6.71,6.704421575904807
20230714093343960,6.72,6.71,6.704433077770534
20230714093343990,6.72,6.71,6.704450558088351
20230714093344080,6.72,6.71,6.704474964683723
20230714093344130,6.72,6.71,6.704485401214511
20230714093344200,6.72,6.71,6.704485401214511
20230714093344310,6.72,6.71,6.704485401214511
20230714093344320,6.72,6.71,6.704485401214511
20230714093344700,6.72,6.72,6.704485401214511
20230714093344810,6.72,6.72,6.704485401214511
20230714093344980,6.72,6.72,6.704485401214511
20230714093345040,6.72,6.72,6.704485401214511
20230714093346760,6.72,6.72,6.704485401214511
20230714093346820,6.72,6.72,6.704485401214511
20230714093346910,6.72,6.72,6.704485401214511
20230714093347040,6.72,6.71,6.704768682491146
20230714093347050,6.72,6.71,6.704768682491146
20230714093347480,6.72,6.71,6.704768682491146
20230714093347520,6.72,6.71,6.704768682491146
20230714093347550,6.72,6.71,6.704768682491146
20230714093349490,6.72,6.71,6.704768682491146
20230714093349500,6.72,6.71,6.704768682491146
20230714093349580,6.72,6.71,6.704768682491146
20230714093349600,6.72,6.71,6.704768682491146
20230714093349620,6.72,6.71,6.704768682491146
20230714093349790,6.72,6.71,6.70484867715605
20230714093349960,6.72,6.71,6.704888360215641
20230714093350060,6.73,6.71,6.7055055464822795
20230714093350210,6.73,6.71,6.7055055464822795
20230714093350440,6.73,6.72,6.7055055464822795
20230714093352010,6.73,6.72,6.7055055464822795
20230714093352090,6.73,6.72,6.705525139309702
20230714093352150,6.73,6.72,6.705525139309702
20230714093352230,6.73,6.72,6.705525139309702
20230714093352310,6.73,6.72,6.705525139309702
20230714093352330,6.73,6.72,6.705525139309702
20230714093352570,6.73,6.72,6.705525139309702
20230714093352990,6.73,6.72,6.705525139309702
20230714093353140,6.73,6.72,6.705525139309702
20230714093354950,6.73,6.72,6.705525139309702
20230714093355220,6.73,6.72,6.705525139309702
20230714093355750,6.73,6.72,6.705525139309702
20230714093355860,6.73,6.72,6.705525139309702
20230714093355930,6.73,6.72,6.705525139309702
20230714093357820,6.73,6.72,6.705525139309702
20230714093357860,6.73,6.72,6.705525139309702
20230714093358040,6.73,6.72,6.705525139309702
20230714093358130,6.73,6.72,6.705525139309702
20230714093358230,6.73,6.72,6.705525139309702
20230714093358330,6.73,6.72,6.705525139309702
20230714093358520,6.73,6.72,6.705788989482929
20230714093358620,6.73,6.72,6.705788989482929
20230714093400110,6.73,6.72,6.705797897904173
20230714093400320,6.73,6.72,6.705797897904173
20230714093400360,6.73,6.72,6.705797897904173
20230714093400520,6.73,6.72,6.705797897904173
20230714093400530,6.73,6.72,6.705797897904173
20230714093400910,6.73,6.72,6.705797897904173
20230714093401030,6.73,6.72,6.705797897904173
20230714093401060,6.73,6.72,6.705797897904173
20230714093401260,6.73,6.72,6.705797897904173
20230714093402790,6.73,6.72,6.705797897904173
20230714093402870,6.73,6.72,6.706034273737852
20230714093402890,6.73,6.71,6.706246231054091
20230714093402980,6.73,6.71,6.706257354873931
20230714093403100,6.73,6.71,6.706257354873931
20230714093403220,6.73,6.71,6.706257354873931
20230714093403240,6.73,6.71,6.706257354873931
20230714093403770,6.72,6.71,6.706257354873931
20230714093403850,6.72,6.71,6.706257354873931
20230714093403870,6.72,6.71,6.706257354873931
20230714093404000,6.72,6.71,6.706265685937721
20230714093404010,6.72,6.71,6.706265685937721
20230714093404040,6.72,6.71,6.706271234370897
20230714093404050,6.72,6.71,6.706271234370897
20230714093405710,6.72,6.71,6.706271234370897
20230714093405840,6.72,6.71,6.706271234370897
20230714093405990,6.72,6.71,6.706271234370897
20230714093406340,6.72,6.71,6.706271234370897
20230714093406620,6.72,6.71,6.706271234370897
20230714093408740,6.72,6.71,6.706271234370897
20230714093408810,6.72,6.71,6.706608182486538
20230714093408880,6.72,6.71,6.706608182486538
20230714093408950,6.72,6.71,6.706608182486538
20230714093409290,6.72,6.71,6.706608182486538
20230714093409310,6.72,6.71,6.706608182486538
20230714093409400,6.72,6.71,6.706608182486538
20230714093410950,6.72,6.71,6.706608182486538
20230714093411160,6.72,6.71,6.706608182486538
20230714093411270,6.72,6.71,6.706608182486538
20230714093411280,6.72,6.71,6.706608182486538
20230714093411300,6.72,6.71,6.706608182486538
20230714093411510,6.72,6.71,6.706608182486538
20230714093411530,6.72,6.71,6.706608182486538
20230714093411580,6.72,6.71,6.706608182486538
20230714093411720,6.72,6.71,6.706608182486538
20230714093411860,6.72,6.71,6.706608182486538
20230714093411890,6.72,6.71,6.706608182486538
20230714093412080,6.72,6.71,6.706608182486538
20230714093413680,6.72,6.71,6.706608182486538
20230714093413690,6.72,6.71,6.706608182486538
20230714093413810,6.72,6.71,6.706608182486538
20230714093414080,6.72,6.71,6.706608182486538
20230714093414120,6.72,6.71,6.706608182486538
20230714093414370,6.72,6.71,6.706608182486538
20230714093416340,6.72,6.71,6.706608182486538
20230714093416570,6.72,6.71,6.706608182486538
20230714093416650,6.72,6.71,6.706608182486538
20230714093416660,6.72,6.71,6.706608182486538
20230714093416670,6.72,6.71,6.706608182486538
20230714093416920,6.72,6.71,6.706608182486538
20230714093417150,6.72,6.71,6.706608182486538
20230714093417240,6.72,6.71,6.706608182486538
20230714093417330,6.72,6.71,6.706608182486538
20230714093418980,6.72,6.71,6.706608182486538
20230714093419080,6.72,6.71,6.706620159961895
20230714093419100,6.72,6.71,6.706620159961895
20230714093419210,6.72,6.71,6.706620159961895
20230714093419340,6.72,6.71,6.706620159961895
20230714093419530,6.72,6.71,6.706620159961895
20230714093419640,6.72,6.71,6.706620159961895
20230714093419920,6.72,6.71,6.706620159961895
20230714093419990,6.73,6.71,6.706620159961895
20230714093420200,6.73,6.71,6.706760068333105
20230714093420220,6.73,6.71,6.706760068333105
20230714093421740,6.73,6.71,6.706760068333105
20230714093421940,6.73,6.71,6.706760068333105
20230714093421960,6.73,6.71,6.706760068333105
20230714093422200,6.72,6.71,6.706760068333105
20230714093422550,6.72,6.71,6.706760068333105
20230714093422610,6.72,6.71,6.706760068333105
20230714093422620,6.72,6.71,6.706760068333105
20230714093422680,6.72,6.71,6.706760068333105
20230714093422850,6.72,6.71,6.706760068333105
20230714093424770,6.72,6.71,6.706760068333105
20230714093424800,6.72,6.71,6.706760068333105
20230714093425430,6.72,6.71,6.706760068333105
20230714093425510,6.72,6.71,6.706760068333105
20230714093425620,6.72,6.71,6.706760068333105
20230714093427210,6.72,6.71,6.706760068333105
20230714093427240,6.72,6.71,6.706760068333105
20230714093427630,6.72,6.71,6.706760068333105
20230714093428030,6.72,6.71,6.706760068333105
20230714093428110,6.72,6.71,6.706760068333105
20230714093428160,6.72,6.71,6.706760068333105
20230714093428290,6.72,6.71,6.706760068333105
20230714093429900,6.72,6.71,6.706760068333105
20230714093430000,6.72,6.71,6.706760068333105
20230714093430010,6.72,6.71,6.706760068333105
20230714093430330,6.72,6.71,6.706760068333105
20230714093430340,6.72,6.71,6.706760068333105
20230714093430640,6.72,6.71,6.706760068333105
20230714093430820,6.72,6.71,6.706760068333105
20230714093430980,6.72,6.71,6.706760068333105
20230714093432620,6.72,6.71,6.706760068333105
20230714093432780,6.72,6.71,6.706760068333105
20230714093433020,6.72,6.71,6.706760068333105
20230714093433180,6.72,6.71,6.706760068333105
20230714093433410,6.72,6.71,6.706760068333105
20230714093433540,6.72,6.71,6.706760068333105
20230714093435180,6.72,6.71,6.706866921325772
20230714093435190,6.72,6.71,6.706866921325772
20230714093435290,6.72,6.71,6.70693567560428
20230714093435610,6.72,6.71,6.70693567560428
20230714093435720,6.72,6.71,6.70693567560428
20230714093436010,6.72,6.71,6.70700186460391
20230714093436030,6.72,6.71,6.707003524180306
20230714093436200,6.72,6.71,6.707003524180306
20230714093438190,6.72,6.71,6.707003524180306
20230714093438530,6.72,6.71,6.707003524180306
20230714093438640,6.72,6.71,6.707003524180306
20230714093439130,6.72,6.71,6.707003524180306
20230714093440600,6.72,6.71,6.707003524180306
20230714093441110,6.72,6.71,6.707003524180306
20230714093441120,6.72,6.71,6.707003524180306
20230714093441290,6.72,6.71,6.707003524180306
20230714093441590,6.72,6.71,6.707003524180306
20230714093444040,6.72,6.71,6.707003524180306
20230714093444280,6.72,6.71,6.707003524180306
20230714093444470,6.72,6.71,6.707003524180306
20230714093444500,6.72,6.71,6.707003524180306
20230714093444530,6.72,6.71,6.707003524180306
20230714093445990,6.72,6.71,6.707003524180306
20230714093446090,6.72,6.71,6.707003524180306
20230714093446470,6.72,6.71,6.707003524180306
20230714093446910,6.72,6.71,6.707003524180306
20230714093447120,6.72,6.71,6.707183826309252
20230714093447140,6.72,6.71,6.707183826309252
20230714093447150,6.72,6.71,6.707183826309252
20230714093447240,6.72,6.71,6.707183826309252
20230714093449250,6.72,6.71,6.707193929718191
20230714093449320,6.72,6.71,6.707193929718191
20230714093449440,6.71,6.71,6.707193929718191
20230714093451530,6.71,6.71,6.707193929718191
20230714093451720,6.71,6.71,6.707193929718191
20230714093451830,6.71,6.71,6.707193929718191
20230714093452080,6.71,6.71,6.707193929718191
20230714093452190,6.71,6.71,6.707193929718191
20230714093452200,6.71,6.71,6.707193929718191
20230714093452530,6.71,6.71,6.707193929718191
20230714093454110,6.71,6.71,6.707193929718191
20230714093454560,6.71,6.71,6.707193929718191
20230714093454640,6.71,6.71,6.707193929718191
20230714093454910,6.71,6.71,6.707193929718191
20230714093455170,6.71,6.71,6.707193929718191
20230714093455240,6.71,6.71,6.707193929718191
20230714093455260,6.71,6.71,6.707193929718191
20230714093457090,6.71,6.71,6.707193929718191
20230714093457430,6.71,6.71,6.707193929718191
20230714093457450,6.71,6.71,6.707193929718191
20230714093457460,6.71,6.71,6.707222823867772
20230714093457480,6.71,6.71,6.707222823867772
20230714093457760,6.71,6.71,6.707222823867772
20230714093457830,6.71,6.71,6.707222823867772
20230714093457840,6.71,6.71,6.707222823867772
20230714093500120,6.71,6.71,6.707222823867772
20230714093500430,6.71,6.71,6.707222823867772
20230714093500520,6.71,6.71,6.707222823867772
20230714093500540,6.71,6.71,6.707222823867772
20230714093500580,6.71,6.71,6.707222823867772
20230714093500590,6.71,6.71,6.707222823867772
20230714093500730,6.71,6.71,6.707222823867772
20230714093502200,6.71,6.71,6.707226270900934
20230714093502560,6.71,6.71,6.707228727833188
20230714093502640,6.71,6.71,6.707228727833188
20230714093502690,6.71,6.71,6.7072301999043855
20230714093502760,6.71,6.71,6.7072306902473136
20230714093502780,6.71,6.71,6.707245805236192
20230714093502880,6.71,6.71,6.707260276371788
20230714093502890,6.71,6.71,6.707260276371788
20230714093502910,6.71,6.71,6.707261715125948
20230714093503070,6.71,6.71,6.707266022336019
20230714093503300,6.71,6.71,6.707266022336019
20230714093504930,6.71,6.71,6.707266022336019
20230714093505220,6.71,6.71,6.707266022336019
20230714093505440,6.71,6.71,6.707266022336019
20230714093505710,6.71,6.71,6.707266022336019
20230714093505800,6.71,6.71,6.707266022336019
20230714093506000,6.71,6.71,6.707279336313198
20230714093506060,6.71,6.71,6.707283588309862
20230714093507840,6.71,6.71,6.707283588309862
20230714093507920,6.71,6.71,6.707283588309862
20230714093508150,6.71,6.71,6.707283588309862
20230714093508170,6.71,6.71,6.707283588309862
20230714093508350,6.71,6.71,6.707283588309862
20230714093508400,6.71,6.71,6.707283588309862
20230714093508450,6.71,6.71,6.707283588309862
20230714093508490,6.71,6.71,6.707283588309862
20230714093508570,6.71,6.71,6.707283588309862
20230714093508680,6.71,6.71,6.707283588309862
20230714093510870,6.71,6.71,6.707283588309862
20230714093511180,6.71,6.71,6.707283588309862
20230714093511250,6.71,6.71,6.707284059933677
20230714093513020,6.71,6.71,6.707284059933677
20230714093513030,6.71,6.71,6.707284059933677
20230714093513130,6.71,6.71,6.707284059933677
20230714093513150,6.71,6.71,6.707289706672211
20230714093513260,6.71,6.71,6.707289706672211
20230714093513280,6.71,6.71,6.707289706672211
20230714093513430,6.71,6.71,6.707289706672211
20230714093513440,6.71,6.71,6.707289706672211
20230714093513580,6.71,6.71,6.707289706672211
20230714093513680,6.71,6.71,6.707289706672211
20230714093513690,6.71,6.71,6.707289706672211
20230714093513760,6.71,6.71,6.707289706672211
20230714093513820,6.71,6.71,6.707289706672211
20230714093513920,6.71,6.71,6.707289706672211
20230714093513970,6.71,6.71,6.707289706672211
20230714093515750,6.71,6.71,6.707289706672211
20230714093515840,6.71,6.71,6.707299998273987
20230714093515890,6.71,6.71,6.707299998273987
20230714093516070,6.71,6.71,6.707299998273987
20230714093516260,6.71,6.71,6.707299998273987
20230714093516290,6.71,6.71,6.707286164659672
20230714093516330,6.71,6.71,6.707286164659672
20230714093516710,6.71,6.71,6.707286164659672
20230714093516790,6.71,6.71,6.707286164659672
20230714093518520,6.71,6.71,6.7072858446545105
20230714093519090,6.71,6.71,6.7072858446545105
20230714093519130,6.71,6.71,6.7072858446545105
20230714093519140,6.71,6.71,6.7072858446545105
20230714093519150,6.71,6.71,6.7072858446545105
20230714093519160,6.71,6.7,6.7072858446545105
20230714093519180,6.71,6.7,6.70715830908204
20230714093519200,6.71,6.7,6.70715830908204
20230714093519210,6.71,6.7,6.70715830908204
20230714093519270,6.71,6.7,6.70715830908204
20230714093519280,6.71,6.7,6.70715830908204
20230714093522090,6.71,6.7,6.70715830908204
20230714093522170,6.71,6.7,6.707168705613587
20230714093523850,6.71,6.7,6.707168705613587
20230714093524600,6.71,6.7,6.707168705613587
20230714093526480,6.71,6.7,6.70717936061339
20230714093527740,6.71,6.7,6.70717936061339
20230714093529190,6.71,6.7,6.707180288501077
20230714093529210,6.71,6.7,6.707180288501077
20230714093529740,6.71,6.7,6.707180288501077
20230714093530100,6.71,6.7,6.70762091122306
20230714093530110,6.71,6.71,6.7077059162016415
20230714093530140,6.71,6.71,6.7077059162016415
20230714093530180,6.71,6.71,6.7077059162016415
20230714093530200,6.71,6.71,6.7077059162016415
20230714093530210,6.71,6.71,6.707725145653073
20230714093530260,6.71,6.71,6.707725145653073
20230714093530410,6.71,6.71,6.707725145653073
20230714093530430,6.71,6.71,6.70772678192943
20230714093531950,6.71,6.71,6.70772678192943
20230714093532050,6.71,6.71,6.7077398564523225
20230714093532620,6.71,6.71,6.7077398564523225
20230714093532650,6.71,6.71,6.7077398564523225
20230714093532660,6.71,6.71,6.7077398564523225
20230714093534790,6.71,6.71,6.7077398564523225
20230714093534930,6.71,6.71,6.7077398564523225
20230714093535250,6.71,6.71,6.7077398564523225
20230714093535420,6.71,6.71,6.70775290314857
20230714093537270,6.71,6.72,6.70775290314857
20230714093537350,6.71,6.71,6.7078107871951715
20230714093537380,6.71,6.71,6.7078107871951715
20230714093537810,6.71,6.71,6.7078107871951715
20230714093540430,6.71,6.71,6.7078107871951715
20230714093540990,6.71,6.71,6.7078107871951715
20230714093542980,6.71,6.71,6.7078107871951715
20230714093543020,6.71,6.71,6.7078107871951715
20230714093543730,6.71,6.71,6.7078107871951715
20230714093543890,6.71,6.71,6.707812400720111
20230714093545380,6.71,6.71,6.707812400720111
20230714093546000,6.71,6.71,6.707812400720111
20230714093546090,6.71,6.71,6.707812400720111
20230714093546610,6.71,6.71,6.707812400720111
20230714093548270,6.71,6.71,6.707812400720111
20230714093548390,6.71,6.71,6.707812400720111
20230714093548550,6.71,6.71,6.707812400720111
20230714093548830,6.71,6.71,6.707812400720111
20230714093548910,6.71,6.71,6.707812400720111
20230714093549090,6.71,6.71,6.707812400720111
20230714093549180,6.71,6.71,6.707812400720111
20230714093551920,6.71,6.71,6.707812400720111
20230714093554070,6.71,6.71,6.707812400720111
20230714093554080,6.71,6.71,6.707812400720111
20230714093554100,6.71,6.71,6.707812400720111
20230714093554110,6.71,6.72,6.707812400720111
20230714093554270,6.71,6.72,6.707812400720111
20230714093554430,6.71,6.72,6.707812400720111
20230714093554450,6.71,6.71,6.707812400720111
20230714093556650,6.71,6.71,6.707812400720111
20230714093556930,6.71,6.71,6.707812400720111
20230714093557060,6.71,6.71,6.707812400720111
20230714093557120,6.71,6.71,6.707812400720111
20230714093557190,6.71,6.71,6.707812400720111
20230714093557240,6.71,6.71,6.707812400720111
20230714093559130,6.71,6.72,6.707812400720111
20230714093559290,6.71,6.72,6.707812400720111
20230714093559610,6.71,6.72,6.707812400720111
20230714093559640,6.71,6.72,6.707812400720111
20230714093600040,6.71,6.72,6.707812400720111
20230714093600100,6.71,6.72,6.707812400720111
20230714093601740,6.71,6.72,6.707812400720111
20230714093601770,6.71,6.72,6.707812400720111
20230714093601930,6.71,6.72,6.707812400720111
20230714093602220,6.71,6.72,6.707812400720111
20230714093602460,6.71,6.72,6.707812400720111
20230714093604550,6.71,6.72,6.707812400720111
20230714093604630,6.71,6.72,6.707812400720111
20230714093604650,6.71,6.72,6.707812400720111
20230714093604870,6.71,6.72,6.707812400720111
20230714093604930,6.71,6.72,6.708024349319079
20230714093607210,6.71,6.72,6.708024349319079
20230714093607290,6.71,6.72,6.708024349319079
20230714093607650,6.71,6.72,6.708024349319079
20230714093609720,6.71,6.72,6.708024349319079
20230714093612650,6.71,6.72,6.708024349319079
20230714093613250,6.71,6.72,6.708024349319079
20230714093613420,6.71,6.72,6.708024349319079
20230714093613440,6.71,6.72,6.708024349319079
20230714093615440,6.71,6.72,6.708024349319079
20230714093615810,6.71,6.72,6.708024349319079
20230714093615930,6.71,6.72,6.708024349319079
20230714093616080,6.71,6.72,6.708024349319079
20230714093617990,6.71,6.72,6.708024349319079
20230714093618420,6.71,6.72,6.708024349319079
20230714093618940,6.71,6.72,6.708024349319079
20230714093620700,6.71,6.72,6.708117086769661
20230714093620750,6.71,6.72,6.708117086769661
20230714093621200,6.71,6.72,6.708147680900093
20230714093621210,6.71,6.72,6.7081491105079705
20230714093621230,6.71,6.72,6.7081491105079705
20230714093623590,6.71,6.72,6.7081491105079705
20230714093626240,6.71,6.72,6.7081491105079705
20230714093626250,6.71,6.72,6.7081491105079705
20230714093626470,6.71,6.72,6.7081491105079705
20230714093626560,6.71,6.72,6.7081491105079705
20230714093627120,6.71,6.72,6.7081491105079705
20230714093629300,6.71,6.72,6.7081491105079705
20230714093629310,6.71,6.72,6.7081491105079705
20230714093629570,6.71,6.72,6.7081491105079705
20230714093629610,6.72,6.72,6.7081491105079705
20230714093629720,6.72,6.72,6.7081491105079705
20230714093629800,6.72,6.72,6.7081491105079705
20230714093631380,6.72,6.72,6.7081491105079705
20230714093631760,6.72,6.72,6.7081491105079705
20230714093631890,6.72,6.72,6.7081491105079705
20230714093631970,6.72,6.72,6.7081491105079705
20230714093632090,6.72,6.72,6.7081491105079705
20230714093632520,6.72,6.72,6.7081491105079705
20230714093634010,6.72,6.72,6.7081491105079705
20230714093634080,6.72,6.72,6.708226348545068
20230714093634090,6.72,6.72,6.70822785295358
20230714093634120,6.72,6.72,6.708230860617521
20230714093634370,6.72,6.72,6.708230860617521
20230714093634450,6.72,6.72,6.708297088562574
20230714093634490,6.72,6.72,6.708297088562574
20230714093634510,6.72,6.72,6.708297088562574
20230714093634660,6.72,6.72,6.708297088562574
20230714093634760,6.72,6.72,6.708297088562574
20230714093634820,6.72,6.72,6.708297088562574
20230714093635060,6.72,6.72,6.708297088562574
20230714093635070,6.72,6.72,6.708297088562574
20230714093635100,6.72,6.72,6.708297088562574
20230714093635220,6.72,6.72,6.708297088562574
20230714093636880,6.72,6.72,6.708297088562574
20230714093636990,6.72,6.72,6.708297088562574
20230714093637230,6.72,6.72,6.708297088562574
20230714093637440,6.72,6.72,6.708297088562574
20230714093637660,6.72,6.72,6.70849801085896
20230714093637840,6.72,6.72,6.70849801085896
20230714093639420,6.72,6.72,6.70849801085896
20230714093640140,6.72,6.72,6.70849801085896
20230714093640150,6.72,6.72,6.70849801085896
20230714093642120,6.72,6.72,6.70849801085896
20230714093642290,6.72,6.72,6.70849801085896
20230714093642400,6.72,6.72,6.708499449614731
20230714093643290,6.72,6.72,6.708499449614731
20230714093645130,6.72,6.72,6.708499449614731
20230714093645220,6.72,6.72,6.708499449614731
20230714093647900,6.72,6.72,6.708499449614731
20230714093650310,6.72,6.72,6.708499449614731
20230714093650430,6.72,6.72,6.708499449614731
20230714093651140,6.72,6.72,6.708502326046722
20230714093651160,6.72,6.72,6.708505201040209
20230714093653460,6.72,6.72,6.708505201040209
20230714093653500,6.72,6.72,6.708505201040209
20230714093653680,6.72,6.72,6.708505201040209
20230714093653820,6.72,6.72,6.708505201040209
20230714093653890,6.72,6.72,6.708519554467809
20230714093653920,6.72,6.72,6.708519554467809
20230714093655590,6.72,6.72,6.708519554467809
20230714093655730,6.72,6.72,6.708519554467809
20230714093655880,6.72,6.72,6.708519554467809
20230714093656040,6.72,6.72,6.708519554467809
20230714093656110,6.72,6.72,6.708519554467809
20230714093656210,6.72,6.72,6.708519554467809
20230714093656300,6.72,6.72,6.708519554467809
20230714093656370,6.72,6.72,6.708519554467809
20230714093656590,6.72,6.72,6.708519554467809
20230714093656660,6.72,6.72,6.708519554467809
20230714093658710,6.72,6.72,6.708532957296529
20230714093658720,6.72,6.72,6.708532957296529
20230714093658930,6.72,6.72,6.708532957296529
20230714093659050,6.72,6.72,6.708734640393603
20230714093659120,6.72,6.72,6.708734640393603
20230714093659310,6.72,6.72,6.708734640393603
20230714093659430,6.72,6.72,6.708734640393603
20230714093701060,6.72,6.72,6.708734640393603
20230714093701440,6.72,6.72,6.708734640393603
20230714093703880,6.72,6.72,6.708734640393603
20230714093706630,6.72,6.72,6.708734640393603
20230714093706990,6.72,6.72,6.708734640393603
20230714093707090,6.72,6.72,6.708734640393603
20230714093707150,6.72,6.72,6.708734640393603
20230714093707180,6.72,6.72,6.708734640393603
20230714093707380,6.72,6.72,6.708734640393603
20230714093707480,6.72,6.72,6.708734640393603
20230714093707490,6.72,6.72,6.708734640393603
20230714093707570,6.72,6.72,6.708734640393603
20230714093709080,6.72,6.72,6.708734640393603
20230714093709120,6.72,6.72,6.708734640393603
20230714093709260,6.72,6.72,6.708734640393603
20230714093709980,6.72,6.72,6.708734640393603
20230714093710080,6.72,6.72,6.7087402080707745
20230714093710150,6.72,6.72,6.7087402080707745
20230714093712120,6.72,6.72,6.708749938274654
20230714093712160,6.72,6.72,6.7087527152448665
20230714093712170,6.72,6.72,6.708754103215935
20230714093712530,6.72,6.72,6.708754103215935
20230714093712580,6.72,6.72,6.708754103215935
20230714093712810,6.72,6.72,6.708754103215935
20230714093712940,6.72,6.72,6.708754103215935
20230714093714470,6.72,6.72,6.708907674213467
20230714093714760,6.72,6.72,6.708907674213467
20230714093715300,6.72,6.72,6.708907674213467
20230714093715430,6.72,6.72,6.708907674213467
20230714093717170,6.72,6.72,6.708907674213467
20230714093717560,6.72,6.72,6.708907674213467
20230714093718300,6.72,6.72,6.708907674213467
20230714093720290,6.72,6.72,6.708907674213467
20230714093720500,6.72,6.72,6.708907674213467
20230714093720520,6.72,6.72,6.708907674213467
20230714093721010,6.72,6.72,6.708907674213467
20230714093722940,6.72,6.72,6.709188143706785
20230714093723180,6.72,6.72,6.709188143706785
20230714093723190,6.72,6.72,6.709188143706785
20230714093723220,6.74,6.72,6.71077754454915
20230714093723290,6.74,6.72,6.710807544814056
20230714093723310,6.74,6.72,6.710807544814056
20230714093723320,6.74,6.72,6.710807544814056
20230714093723680,6.73,6.72,6.710807544814056
20230714093723690,6.74,6.73,6.710807544814056
20230714093723800,6.74,6.73,6.710807544814056
20230714093725350,6.74,6.73,6.710807544814056
20230714093725440,6.74,6.73,6.710807544814056
20230714093725460,6.73,6.73,6.710807544814056
20230714093726360,6.73,6.73,6.710807544814056
20230714093728070,6.73,6.73,6.710807544814056
20230714093728160,6.73,6.73,6.710807544814056
20230714093728170,6.73,6.73,6.710807544814056
20230714093728200,6.73,6.73,6.710807544814056
20230714093728310,6.74,6.73,6.711490528307567
20230714093728420,6.74,6.73,6.711490528307567
20230714093728620,6.74,6.73,6.711490528307567
20230714093728650,6.74,6.73,6.711526278515785
20230714093728670,6.74,6.73,6.711526278515785
20230714093728700,6.74,6.73,6.711526278515785
20230714093728710,6.74,6.73,6.711526278515785
20230714093728720,6.74,6.73,6.711664004089719
20230714093728750,6.74,6.73,6.711664004089719
20230714093728760,6.74,6.73,6.711664004089719
20230714093728790,6.74,6.73,6.711664004089719
20230714093728800,6.74,6.73,6.711664004089719
20230714093728900,6.74,6.73,6.711664004089719
20230714093728920,6.74,6.73,6.711664004089719
20230714093729060,6.74,6.73,6.711664004089719
20230714093729110,6.74,6.73,6.711664004089719
20230714093730860,6.74,6.73,6.711664004089719
20230714093730930,6.74,6.73,6.711681562819204
20230714093730960,6.74,6.73,6.711681562819204
20230714093731080,6.74,6.73,6.711681562819204
20230714093731090,6.74,6.73,6.711681562819204
20230714093731400,6.74,6.73,6.711681562819204
20230714093731420,6.74,6.73,6.711681562819204
20230714093733800,6.74,6.73,6.711681562819204
20230714093733910,6.74,6.73,6.711681562819204
20230714093734100,6.74,6.73,6.711681562819204
20230714093734450,6.74,6.73,6.711681562819204
20230714093736600,6.74,6.73,6.711681562819204
20230714093736800,6.74,6.73,6.711681562819204
20230714093736870,6.74,6.73,6.711681562819204
20230714093737080,6.74,6.73,6.711681562819204
20230714093737090,6.74,6.73,6.711681562819204
20230714093737120,6.74,6.73,6.711681562819204
20230714093737200,6.74,6.73,6.711681562819204
20230714093738940,6.74,6.73,6.711681562819204
20230714093739150,6.74,6.73,6.711681562819204
20230714093739220,6.74,6.73,6.711681562819204
20230714093739350,6.74,6.73,6.711681562819204
20230714093739440,6.74,6.73,6.711681562819204
20230714093739450,6.74,6.73,6.711681562819204
20230714093739520,6.74,6.73,6.711681562819204
20230714093741480,6.74,6.73,6.711681562819204
20230714093741610,6.74,6.73,6.711681562819204
20230714093741630,6.74,6.73,6.711681562819204
20230714093741690,6.74,6.73,6.711681562819204
20230714093741720,6.74,6.73,6.711681562819204
20230714093741730,6.74,6.73,6.711681562819204
20230714093741850,6.74,6.73,6.711681562819204
20230714093744500,6.74,6.73,6.711681562819204
20230714093744510,6.74,6.73,6.711681562819204
20230714093744760,6.74,6.73,6.711681562819204
20230714093744850,6.74,6.73,6.711681562819204
20230714093745040,6.74,6.73,6.711681562819204
20230714093745090,6.74,6.73,6.711681562819204
20230714093745210,6.74,6.73,6.711681562819204
20230714093745250,6.74,6.73,6.711681562819204
20230714093745340,6.74,6.73,6.711681562819204
20230714093746920,6.74,6.73,6.711681562819204
20230714093747090,6.74,6.73,6.711681562819204
20230714093747400,6.74,6.73,6.711681562819204
20230714093747680,6.74,6.73,6.711681562819204
20230714093747690,6.74,6.73,6.711681562819204
20230714093747700,6.74,6.73,6.711681562819204
20230714093749780,6.74,6.73,6.712048122065728
20230714093750000,6.74,6.73,6.712048122065728
20230714093750280,6.74,6.73,6.712048122065728
20230714093750390,6.74,6.73,6.712048122065728
20230714093750680,6.74,6.73,6.712077383694151
20230714093750760,6.74,6.73,6.712077383694151
20230714093750790,6.74,6.73,6.712077383694151
20230714093752400,6.74,6.73,6.712077383694151
20230714093752480,6.74,6.73,6.712077383694151
20230714093752690,6.74,6.73,6.712077383694151
20230714093752830,6.74,6.73,6.712077383694151
20230714093753010,6.74,6.73,6.712077383694151
20230714093753020,6.74,6.73,6.712083228669514
20230714093753070,6.74,6.73,6.712083228669514
20230714093753100,6.74,6.73,6.712083228669514
20230714093753340,6.74,6.73,6.712083228669514
20230714093753410,6.74,6.73,6.712083228669514
20230714093753490,6.74,6.73,6.712083228669514
20230714093755090,6.74,6.73,6.7131213092286925
20230714093755110,6.74,6.73,6.71318346336363
20230714093755120,6.74,6.73,6.71321039733237
20230714093755170,6.74,6.73,6.713239962277024
20230714093755180,6.74,6.73,6.713239962277024
20230714093755200,6.74,6.73,6.713239962277024
20230714093755290,6.74,6.73,6.713239962277024
20230714093755300,6.74,6.73,6.713239962277024
20230714093756050,6.74,6.73,6.713239962277024
20230714093756060,6.74,6.73,6.713239962277024
20230714093756070,6.74,6.73,6.713239962277024
20230714093756090,6.74,6.73,6.713239962277024
20230714093756140,6.74,6.73,6.713239962277024
20230714093756170,6.74,6.73,6.713239962277024
20230714093756190,6.74,6.73,6.713239962277024
20230714093757800,6.74,6.73,6.713239962277024
20230714093757850,6.74,6.73,6.713439815183622
20230714093758080,6.74,6.73,6.7135189229974985
20230714093758090,6.74,6.73,6.713714646116247
20230714093758130,6.74,6.73,6.713714646116247
20230714093758200,6.74,6.73,6.713714646116247
20230714093758550,6.74,6.73,6.713714646116247
20230714093758670,6.74,6.73,6.713714646116247
20230714093800400,6.74,6.74,6.713714646116247
20230714093800410,6.74,6.74,6.713714646116247
20230714093800430,6.74,6.74,6.713714646116247
20230714093800510,6.74,6.74,6.713714646116247
20230714093800580,6.74,6.74,6.713714646116247
20230714093800850,6.74,6.74,6.713714646116247
20230714093801020,6.74,6.74,6.713714646116247
20230714093801070,6.74,6.74,6.713714646116247
20230714093801090,6.74,6.74,6.713714646116247
20230714093801190,6.74,6.74,6.713714646116247
20230714093801380,6.74,6.74,6.713714646116247
20230714093801620,6.74,6.74,6.713714646116247
20230714093803430,6.74,6.73,6.713714646116247
20230714093803490,6.74,6.73,6.713714646116247
20230714093803540,6.74,6.73,6.713714646116247
20230714093803770,6.74,6.73,6.713714646116247
20230714093803930,6.74,6.73,6.713714646116247
20230714093804000,6.74,6.73,6.713714646116247
20230714093804090,6.74,6.74,6.713714646116247
20230714093804150,6.74,6.74,6.713714646116247
20230714093806100,6.74,6.74,6.713714646116247
20230714093806170,6.74,6.73,6.713714646116247
20230714093806240,6.74,6.74,6.713714646116247
20230714093806270,6.74,6.74,6.713714646116247
20230714093806370,6.74,6.74,6.713714646116247
20230714093806410,6.74,6.74,6.713714646116247
20230714093806600,6.74,6.74,6.713714646116247
20230714093806900,6.74,6.74,6.713714646116247
20230714093808460,6.74,6.74,6.713714646116247
20230714093808540,6.74,6.74,6.713714646116247
20230714093808760,6.74,6.74,6.713714646116247
20230714093808880,6.74,6.74,6.713714646116247
20230714093808930,6.74,6.74,6.713714646116247
20230714093809020,6.74,6.74,6.713714646116247
20230714093809100,6.74,6.74,6.713714646116247
20230714093809240,6.74,6.74,6.713714646116247
20230714093809260,6.74,6.74,6.713945728407604
20230714093809320,6.74,6.74,6.713945728407604
20230714093809400,6.74,6.74,6.713945728407604
20230714093809450,6.74,6.74,6.713945728407604
20230714093809510,6.74,6.74,6.713945728407604
20230714093809560,6.74,6.74,6.713945728407604
20230714093809620,6.74,6.74,6.713945728407604
20230714093809710,6.74,6.74,6.713945728407604
20230714093811340,6.74,6.74,6.713945728407604
20230714093811450,6.74,6.74,6.713945728407604
20230714093811610,6.74,6.74,6.713945728407604
20230714093811960,6.74,6.74,6.713945728407604
20230714093812050,6.74,6.74,6.713945728407604
20230714093812310,6.74,6.74,6.713945728407604
20230714093812320,6.74,6.74,6.713945728407604
20230714093814200,6.74,6.74,6.713945728407604
20230714093814270,6.74,6.74,6.713945728407604
20230714093814320,6.74,6.74,6.713945728407604
20230714093814560,6.74,6.74,6.713945728407604
20230714093814720,6.74,6.74,6.713945728407604
20230714093814770,6.74,6.74,6.713945728407604
20230714093814900,6.74,6.74,6.713945728407604
20230714093814970,6.74,6.74,6.713945728407604
20230714093815030,6.74,6.74,6.713945728407604
20230714093815040,6.74,6.74,6.713945728407604
20230714093816720,6.74,6.74,6.713945728407604
20230714093816940,6.74,6.74,6.713945728407604
20230714093817020,6.74,6.74,6.713945728407604
20230714093817240,6.74,6.74,6.713945728407604
20230714093817270,6.74,6.74,6.713945728407604
20230714093817300,6.74,6.74,6.713945728407604
20230714093817340,6.74,6.74,6.713945728407604
20230714093817370,6.74,6.74,6.713945728407604
20230714093817800,6.74,6.74,6.713945728407604
20230714093819350,6.74,6.74,6.713945728407604
20230714093819580,6.74,6.74,6.713945728407604
20230714093819700,6.74,6.74,6.713945728407604
20230714093819810,6.74,6.74,6.713945728407604
20230714093819870,6.74,6.74,6.713945728407604
20230714093820130,6.74,6.74,6.713945728407604
20230714093820240,6.74,6.74,6.713945728407604
20230714093820330,6.74,6.74,6.713945728407604
20230714093822430,6.74,6.74,6.714534156725865
20230714093822460,6.74,6.74,6.71454636072613
20230714093822710,6.74,6.74,6.71454636072613
20230714093822940,6.74,6.74,6.71454636072613
20230714093822960,6.74,6.74,6.71454636072613
20230714093823110,6.74,6.74,6.71454636072613
20230714093824670,6.74,6.74,6.71454636072613
20230714093824710,6.74,6.74,6.71454636072613
20230714093824780,6.74,6.74,6.71454636072613
20230714093825010,6.74,6.74,6.71454636072613
20230714093825250,6.74,6.74,6.71454636072613
20230714093825480,6.74,6.74,6.71454636072613
20230714093825770,6.74,6.74,6.71454636072613
20230714093825820,6.74,6.74,6.71454636072613
20230714093825860,6.74,6.74,6.714548800122672
20230714093827690,6.74,6.74,6.714548800122672
20230714093827770,6.74,6.74,6.714548800122672
20230714093827830,6.74,6.74,6.714548800122672
20230714093827900,6.74,6.74,6.714548800122672
20230714093827960,6.74,6.74,6.714548800122672
20230714093828160,6.74,6.74,6.714548800122672
20230714093828350,6.74,6.74,6.714548800122672
20230714093828510,6.74,6.74,6.714548800122672
20230714093828520,6.74,6.74,6.714548800122672
20230714093828550,6.74,6.74,6.714548800122672
20230714093830140,6.74,6.74,6.714548800122672
20230714093830150,6.74,6.74,6.714548800122672
20230714093830300,6.74,6.74,6.714548800122672
20230714093830490,6.74,6.74,6.714548800122672
20230714093832980,6.74,6.74,6.714548800122672
20230714093833230,6.74,6.74,6.714548800122672
20230714093833390,6.74,6.74,6.714548800122672
20230714093833430,6.74,6.74,6.714548800122672
20230714093833490,6.74,6.74,6.714548800122672
20230714093833510,6.74,6.74,6.714548800122672
20230714093833740,6.74,6.74,6.714548800122672
20230714093833940,6.74,6.74,6.714548800122672
20230714093833950,6.74,6.74,6.714548800122672
20230714093836060,6.74,6.74,6.714548800122672
20230714093836200,6.74,6.74,6.714548800122672
20230714093836330,6.74,6.74,6.714548800122672
20230714093836460,6.74,6.74,6.714548800122672
20230714093836530,6.74,6.74,6.714548800122672
20230714093836580,6.74,6.74,6.714548800122672
20230714093838640,6.74,6.74,6.714548800122672
20230714093839010,6.74,6.74,6.714548800122672
20230714093840950,6.74,6.74,6.714548800122672
20230714093841300,6.74,6.74,6.714548800122672
20230714093841470,6.74,6.74,6.714548800122672
20230714093841500,6.74,6.74,6.714548800122672
20230714093841570,6.74,6.74,6.714734187334641
20230714093841610,6.74,6.74,6.714734187334641
20230714093841630,6.74,6.74,6.714734187334641
20230714093843600,6.74,6.74,6.714734187334641
20230714093843610,6.74,6.74,6.714734187334641
20230714093843960,6.74,6.74,6.714734187334641
20230714093843990,6.74,6.74,6.714734187334641
20230714093844060,6.74,6.74,6.714734187334641
20230714093844180,6.74,6.74,6.714734187334641
20230714093844220,6.74,6.74,6.714734187334641
20230714093844330,6.74,6.74,6.714734187334641
20230714093844460,6.74,6.74,6.714734187334641
20230714093844530,6.74,6.74,6.714734187334641
20230714093846480,6.74,6.74,6.714748606540225
20230714093846540,6.74,6.74,6.714748606540225
20230714093846680,6.74,6.74,6.714748606540225
20230714093846710,6.74,6.74,6.714748606540225
20230714093846780,6.74,6.74,6.714748606540225
20230714093847010,6.74,6.74,6.714748606540225
20230714093847030,6.74,6.74,6.714748606540225
20230714093847320,6.74,6.74,6.714748606540225
20230714093847450,6.74,6.74,6.714748606540225
20230714093849120,6.74,6.74,6.714748606540225
20230714093849150,6.74,6.74,6.714748606540225
20230714093849280,6.74,6.74,6.714748606540225
20230714093849670,6.74,6.74,6.714748606540225
20230714093849850,6.74,6.74,6.714748606540225
20230714093849860,6.74,6.74,6.714748606540225
20230714093850030,6.74,6.74,6.714748606540225
20230714093850040,6.74,6.74,6.714748606540225
20230714093851690,6.74,6.74,6.714748606540225
20230714093851960,6.74,6.74,6.714748606540225
20230714093852000,6.74,6.74,6.714748606540225
20230714093852120,6.74,6.74,6.714748606540225
20230714093852160,6.74,6.74,6.714748606540225
20230714093852180,6.74,6.74,6.714748606540225
20230714093852230,6.74,6.74,6.714748606540225
20230714093852540,6.74,6.74,6.714748606540225
20230714093852600,6.74,6.74,6.714748606540225
20230714093852770,6.74,6.74,6.714748606540225
20230714093852780,6.74,6.74,6.714748606540225
20230714093852920,6.74,6.74,6.714748606540225
20230714093854360,6.74,6.74,6.714891734707409
20230714093854460,6.74,6.74,6.714891734707409
20230714093854540,6.74,6.74,6.714891734707409
20230714093854550,6.74,6.74,6.714891734707409
20230714093854990,6.74,6.74,6.714891734707409
20230714093855020,6.74,6.74,6.714891734707409
20230714093855150,6.74,6.74,6.714891734707409
20230714093855300,6.74,6.74,6.714947718721048
20230714093855340,6.74,6.74,6.714947718721048
20230714093855400,6.74,6.74,6.714947718721048
20230714093855530,6.74,6.74,6.714947718721048
20230714093857180,6.74,6.74,6.714947718721048
20230714093857190,6.74,6.74,6.714947718721048
20230714093857330,6.74,6.74,6.714947718721048
20230714093857420,6.74,6.74,6.714947718721048
20230714093857820,6.74,6.74,6.714947718721048
20230714093857870,6.74,6.74,6.714947718721048
20230714093858060,6.74,6.74,6.714947718721048
20230714093858220,6.74,6.74,6.714947718721048
20230714093859770,6.74,6.74,6.714947718721048
20230714093859860,6.74,6.74,6.714947718721048
20230714093859950,6.74,6.74,6.714947718721048
20230714093900000,6.74,6.74,6.714947718721048
20230714093900010,6.74,6.74,6.714947718721048
20230714093900020,6.74,6.74,6.714947718721048
20230714093900070,6.74,6.74,6.714947718721048
20230714093900160,6.74,6.74,6.714947718721048
20230714093900170,6.74,6.74,6.714947718721048
20230714093900480,6.74,6.74,6.714947718721048
20230714093900510,6.74,6.74,6.714947718721048
20230714093900670,6.74,6.74,6.714947718721048
20230714093900890,6.74,6.74,6.714947718721048
20230714093902770,6.74,6.74,6.714947718721048
20230714093902920,6.74,6.74,6.714947718721048
20230714093903380,6.74,6.74,6.714947718721048
20230714093903400,6.74,6.74,6.714947718721048
20230714093903700,6.74,6.74,6.714947718721048
20230714093905290,6.74,6.74,6.714947718721048
20230714093905350,6.74,6.74,6.714947718721048
20230714093906180,6.74,6.74,6.714947718721048
20230714093906290,6.74,6.74,6.714947718721048
20230714093907890,6.74,6.74,6.714947718721048
20230714093908010,6.74,6.74,6.714947718721048
20230714093908040,6.74,6.74,6.714947718721048
20230714093908170,6.74,6.74,6.714947718721048
20230714093908200,6.74,6.74,6.714947718721048
20230714093908310,6.74,6.74,6.714947718721048
20230714093908490,6.74,6.74,6.714947718721048
20230714093908770,6.74,6.74,6.714947718721048
20230714093909000,6.74,6.74,6.714947718721048
20230714093909060,6.74,6.74,6.714947718721048
20230714093909110,6.74,6.74,6.714947718721048
20230714093910620,6.74,6.74,6.714947718721048
20230714093910700,6.74,6.74,6.714947718721048
20230714093911000,6.74,6.74,6.714947718721048
20230714093911060,6.74,6.74,6.714947718721048
20230714093911200,6.74,6.74,6.714947718721048
20230714093911610,6.74,6.74,6.714947718721048
20230714093911670,6.74,6.74,6.714947718721048
20230714093913300,6.74,6.74,6.714947718721048
20230714093913320,6.74,6.74,6.714947718721048
20230714093913420,6.74,6.74,6.714947718721048
20230714093913800,6.74,6.74,6.714947718721048
20230714093913830,6.74,6.74,6.714947718721048
20230714093913930,6.74,6.74,6.714947718721048
20230714093916010,6.74,6.74,6.714947718721048
20230714093916080,6.74,6.74,6.714947718721048
20230714093916090,6.74,6.74,6.714947718721048
20230714093916130,6.74,6.74,6.714947718721048
20230714093916190,6.74,6.74,6.714947718721048
20230714093916220,6.74,6.74,6.714947718721048
20230714093916230,6.74,6.74,6.714947718721048
20230714093916380,6.74,6.74,6.714947718721048
20230714093916450,6.74,6.74,6.714947718721048
20230714093916690,6.74,6.74,6.714947718721048
20230714093916790,6.75,6.74,6.714947718721048
20230714093916840,6.75,6.74,6.714947718721048
20230714093916850,6.75,6.74,6.714947718721048
20230714093917070,6.75,6.74,6.714947718721048
20230714093917140,6.75,6.74,6.714947718721048
20230714093917190,6.75,6.74,6.714947718721048
20230714093918700,6.75,6.74,6.714947718721048
20230714093918750,6.75,6.74,6.714947718721048
20230714093919090,6.75,6.74,6.714947718721048
20230714093919230,6.75,6.74,6.714947718721048
20230714093919490,6.75,6.74,6.714947718721048
20230714093919830,6.75,6.74,6.714947718721048
20230714093921440,6.75,6.74,6.714947718721048
20230714093921590,6.75,6.74,6.714947718721048
20230714093921820,6.75,6.74,6.714947718721048
20230714093922040,6.75,6.74,6.714947718721048
20230714093922050,6.75,6.74,6.714947718721048
20230714093922080,6.75,6.74,6.7173337791700405
20230714093922090,6.76,6.74,6.721338748031253
20230714093922100,6.76,6.75,6.724748527351137
20230714093922110,6.76,6.75,6.724748527351137
20230714093922120,6.76,6.75,6.724748527351137
20230714093922130,6.76,6.75,6.725444217768711
20230714093922140,6.76,6.75,6.725444217768711
20230714093922160,6.76,6.75,6.725444217768711
20230714093922180,6.76,6.75,6.725444217768711
20230714093922210,6.76,6.75,6.725444217768711
20230714093922220,6.76,6.75,6.725444217768711
20230714093922230,6.76,6.75,6.725444217768711
20230714093922240,6.76,6.75,6.725444217768711
20230714093922300,6.76,6.75,6.725444217768711
20230714093922400,6.76,6.75,6.725444217768711
20230714093922430,6.76,6.75,6.726591586192727
20230714093922520,6.76,6.75,6.726591586192727
20230714093922550,6.76,6.75,6.726591586192727
20230714093924140,6.76,6.75,6.726591586192727
20230714093924480,6.76,6.75,6.726591586192727
20230714093924630,6.76,6.75,6.726591586192727
20230714093924830,6.76,6.75,6.726591586192727
20230714093924900,6.76,6.75,6.726591586192727
20230714093924990,6.76,6.75,6.726591586192727
20230714093925010,6.76,6.75,6.726591586192727
20230714093925080,6.76,6.75,6.726591586192727
20230714093925090,6.76,6.76,6.726591586192727
20230714093925110,6.76,6.76,6.727675084743643
20230714093925120,6.76,6.76,6.727675084743643
20230714093925130,6.76,6.76,6.727675084743643
20230714093925160,6.76,6.76,6.727675084743643
20230714093925170,6.76,6.76,6.727675084743643
20230714093925200,6.76,6.76,6.727681773842575
20230714093925210,6.76,6.76,6.727692355780051
20230714093925230,6.76,6.76,6.727826813066292
20230714093925240,6.76,6.76,6.727826813066292
20230714093925250,6.76,6.76,6.727829440941154
20230714093925260,6.76,6.76,6.727874064760293
20230714093925270,6.76,6.76,6.727876686749988
20230714093925310,6.76,6.75,6.729238022577992
20230714093927170,6.76,6.75,6.729238022577992
20230714093927300,6.76,6.75,6.729238022577992
20230714093927350,6.76,6.75,6.729238022577992
20230714093927380,6.76,6.75,6.729377036747366
20230714093927760,6.76,6.75,6.729377036747366
20230714093927800,6.76,6.75,6.729377036747366
20230714093927870,6.76,6.75,6.729377036747366
20230714093927900,6.76,6.76,6.729377036747366
20230714093927960,6.76,6.76,6.729377036747366
20230714093927970,6.76,6.76,6.729377036747366
20230714093928000,6.76,6.76,6.729377036747366
20230714093929470,6.76,6.76,6.729377036747366
20230714093929500,6.76,6.76,6.729377036747366
20230714093929680,6.76,6.76,6.729377036747366
20230714093929860,6.76,6.76,6.729832800215591
20230714093929910,6.76,6.76,6.729832800215591
20230714093929950,6.76,6.76,6.729832800215591
20230714093930460,6.76,6.76,6.729832800215591
20230714093932250,6.76,6.76,6.729832800215591
20230714093932390,6.76,6.76,6.729876918757021
20230714093932460,6.76,6.76,6.729876918757021
20230714093932600,6.76,6.76,6.729876918757021
20230714093932690,6.76,6.76,6.729876918757021
20230714093932780,6.76,6.76,6.729876918757021
20230714093932830,6.76,6.76,6.729876918757021
20230714093933140,6.76,6.76,6.729876918757021
20230714093933360,6.76,6.76,6.729876918757021
20230714093934920,6.76,6.76,6.729884550601226
20230714093935000,6.76,6.76,6.729884550601226
20230714093935520,6.76,6.76,6.729884550601226
20230714093935580,6.76,6.76,6.729884550601226
20230714093935720,6.76,6.76,6.729884550601226
20230714093935840,6.76,6.76,6.729884550601226
20230714093936100,6.76,6.76,6.729884550601226
20230714093937760,6.76,6.76,6.729884550601226
20230714093937840,6.76,6.76,6.729884550601226
20230714093937920,6.76,6.76,6.729957745821272
20230714093937970,6.76,6.76,6.729957745821272
20230714093938180,6.76,6.76,6.729957745821272
20230714093938220,6.76,6.76,6.729957745821272
20230714093940370,6.76,6.76,6.729957745821272
20230714093940530,6.76,6.76,6.729957745821272
20230714093940570,6.76,6.76,6.729957745821272
20230714093940640,6.76,6.76,6.729957745821272
20230714093940670,6.76,6.76,6.729957745821272
20230714093940680,6.76,6.76,6.729957745821272
20230714093940720,6.76,6.76,6.729957745821272
20230714093940790,6.76,6.76,6.729957745821272
20230714093940820,6.76,6.76,6.729957745821272
20230714093941020,6.76,6.76,6.729957745821272
20230714093941190,6.76,6.76,6.729957745821272
20230714093941290,6.76,6.76,6.729957745821272
20230714093941350,6.76,6.76,6.729957745821272
20230714093941490,6.76,6.76,6.729957745821272
20230714093943090,6.76,6.76,6.729957745821272
20230714093943160,6.76,6.76,6.729957745821272
20230714093943170,6.76,6.76,6.729957745821272
20230714093943200,6.76,6.76,6.7306439363520605
20230714093943290,6.76,6.76,6.730756489012435
20230714093943320,6.76,6.76,6.73078788848629
20230714093943330,6.76,6.76,6.73078788848629
20230714093943600,6.76,6.76,6.73078788848629
20230714093943820,6.76,6.76,6.73078788848629
20230714093943940,6.76,6.76,6.73078788848629
20230714093943950,6.76,6.76,6.73078788848629
20230714093943970,6.76,6.76,6.73078788848629
20230714093944010,6.76,6.76,6.73078788848629
20230714093944090,6.76,6.76,6.7307923700241155
20230714093944100,6.76,6.76,6.7307923700241155
20230714093944140,6.76,6.76,6.7307923700241155
20230714093945840,6.76,6.76,6.730810285936233
20230714093945870,6.76,6.76,6.730810285936233
20230714093945910,6.76,6.76,6.730810285936233
20230714093946030,6.76,6.76,6.730810285936233
20230714093946070,6.76,6.76,6.7308281854824905
20230714093946080,6.76,6.76,6.7308617030986175
20230714093946090,6.76,6.76,6.730964133724767
20230714093946160,6.76,6.76,6.730964133724767
20230714093946230,6.76,6.76,6.731008501738993
20230714093946260,6.76,6.76,6.731008501738993
20230714093946280,6.76,6.76,6.731008501738993
20230714093946300,6.76,6.76,6.731008501738993
20230714093946440,6.76,6.76,6.731008501738993
20230714093946460,6.76,6.76,6.731008501738993
20230714093948540,6.76,6.76,6.731036033478316
20230714093948550,6.76,6.76,6.731042669633936
20230714093948710,6.76,6.76,6.731042669633936
20230714093948770,6.76,6.76,6.731042669633936
20230714093948830,6.76,6.76,6.731055935166058
20230714093948880,6.76,6.76,6.731055935166058
20230714093949170,6.76,6.76,6.731055935166058
20230714093949290,6.76,6.76,6.731055935166058
20230714093949320,6.76,6.76,6.731060355002724
20230714093949360,6.76,6.76,6.731060355002724
20230714093949390,6.76,6.76,6.731060355002724
20230714093951240,6.76,6.76,6.731060355002724
20230714093951800,6.76,6.76,6.731060355002724
20230714093951880,6.76,6.76,6.731060355002724
20230714093952080,6.76,6.76,6.731073608495383
20230714093952170,6.76,6.76,6.731075816533745
20230714093952180,6.76,6.76,6.73108023185907
20230714093952250,6.76,6.76,6.73108023185907
20230714093952270,6.76,6.76,6.73108023185907
20230714093953770,6.76,6.76,6.73108023185907
20230714093953840,6.76,6.76,6.73108023185907
20230714093953950,6.76,6.76,6.73110827751142
20230714093953980,6.76,6.76,6.73110827751142
20230714093954100,6.76,6.76,6.73110827751142
20230714093954150,6.76,6.76,6.73110827751142
20230714093954190,6.76,6.76,6.73110827751142
20230714093954240,6.76,6.76,6.73110827751142
20230714093954280,6.76,6.76,6.73110827751142
20230714093954430,6.76,6.76,6.731112685154754
20230714093954440,6.76,6.76,6.731112685154754
20230714093954470,6.76,6.76,6.731112685154754
20230714093954550,6.76,6.76,6.731112685154754
20230714093954690,6.76,6.76,6.731112685154754
20230714093956470,6.76,6.76,6.731112685154754
20230714093956640,6.76,6.76,6.731112685154754
20230714093956650,6.76,6.76,6.731112685154754
20230714093956950,6.76,6.76,6.731112685154754
20230714093957130,6.76,6.76,6.731112685154754
20230714093957240,6.76,6.76,6.731112685154754
20230714093957280,6.76,6.76,6.731112685154754
20230714093957300,6.76,6.76,6.731160774906079
20230714093957310,6.76,6.76,6.731160774906079
20230714093959330,6.76,6.76,6.731160774906079
20230714093959460,6.76,6.76,6.731160774906079
20230714093959490,6.76,6.76,6.731160774906079
20230714093959510,6.76,6.76,6.731160774906079
20230714093959680,6.76,6.76,6.731160774906079
20230714093959920,6.76,6.76,6.731160774906079
20230714093959950,6.76,6.76,6.731226587740901
20230714093959980,6.76,6.76,6.731355371156424
20230714094000000,6.76,6.76,6.731355371156424
20230714094000050,6.76,6.76,6.731355371156424
20230714094000250,6.76,6.76,6.731355371156424
20230714094000320,6.76,6.76,6.731398832619185
20230714094000400,6.76,6.76,6.731398832619185
20230714094001950,6.76,6.76,6.731398832619185
20230714094002070,6.76,6.76,6.731398832619185
20230714094002090,6.76,6.76,6.731398832619185
20230714094002130,6.76,6.76,6.731398832619185
20230714094002300,6.76,6.76,6.731398832619185
20230714094002510,6.77,6.76,6.731522163180198
20230714094002940,6.77,6.76,6.731522163180198
20230714094003030,6.77,6.76,6.731522163180198
20230714094003090,6.77,6.76,6.732278882983948
20230714094004590,6.77,6.76,6.732278882983948
20230714094004660,6.77,6.76,6.732278882983948
20230714094004680,6.77,6.76,6.732278882983948
20230714094004720,6.77,6.76,6.73247317422124
20230714094004770,6.77,6.76,6.73247317422124
20230714094005050,6.77,6.75,6.73247317422124
20230714094005170,6.77,6.75,6.73247317422124
20230714094005220,6.77,6.75,6.73247317422124
20230714094005240,6.77,6.76,6.73247317422124
20230714094005490,6.77,6.76,6.73247317422124
20230714094005620,6.77,6.76,6.73247317422124
20230714094007300,6.77,6.76,6.73247317422124
20230714094007540,6.77,6.76,6.73247317422124
20230714094007550,6.77,6.76,6.73247317422124
20230714094007610,6.77,6.76,6.73247317422124
20230714094007620,6.77,6.76,6.73247317422124
20230714094007810,6.77,6.76,6.73247317422124
20230714094007880,6.77,6.76,6.73247317422124
20230714094007910,6.77,6.76,6.73247317422124
20230714094008370,6.77,6.76,6.73247317422124
20230714094008400,6.77,6.76,6.73247317422124
20230714094010080,6.77,6.76,6.73247317422124
20230714094010130,6.77,6.76,6.73247317422124
20230714094010380,6.77,6.76,6.73247317422124
20230714094010410,6.77,6.76,6.73247317422124
20230714094010490,6.77,6.76,6.73247317422124
20230714094010560,6.77,6.76,6.73247317422124
20230714094010650,6.77,6.76,6.73247317422124
20230714094010730,6.77,6.76,6.73247317422124
20230714094010970,6.77,6.76,6.73247317422124
20230714094011010,6.77,6.76,6.732655715780278
20230714094011030,6.77,6.76,6.732655715780278
20230714094011050,6.77,6.76,6.732694334012089
20230714094012970,6.77,6.76,6.732694334012089
20230714094013080,6.77,6.76,6.732694334012089
20230714094013110,6.77,6.76,6.732694334012089
20230714094013120,6.77,6.76,6.732694334012089
20230714094013260,6.77,6.76,6.732694334012089
20230714094013410,6.77,6.76,6.732694334012089
20230714094013470,6.77,6.76,6.732694334012089
20230714094013510,6.77,6.76,6.732694334012089
20230714094013520,6.77,6.76,6.732694334012089
20230714094013530,6.77,6.76,6.732694334012089
20230714094013540,6.77,6.76,6.732694334012089
20230714094013560,6.77,6.76,6.732694334012089
20230714094013590,6.77,6.76,6.732694334012089
20230714094013650,6.77,6.76,6.732694334012089
20230714094013720,6.77,6.76,6.732694334012089
20230714094013740,6.77,6.76,6.732694334012089
20230714094015390,6.77,6.76,6.732694334012089
20230714094015610,6.77,6.76,6.732694334012089
20230714094015800,6.77,6.76,6.732694334012089
20230714094015970,6.77,6.76,6.732694334012089
20230714094016050,6.77,6.76,6.732694334012089
20230714094016190,6.77,6.76,6.732694334012089
20230714094016200,6.77,6.76,6.732694334012089
20230714094016300,6.77,6.76,6.732694334012089
20230714094016310,6.77,6.76,6.732694334012089
20230714094016320,6.77,6.76,6.732694334012089
20230714094016460,6.77,6.76,6.732694334012089
20230714094016560,6.77,6.76,6.732694334012089
20230714094018070,6.77,6.76,6.732853805180747
20230714094018230,6.77,6.76,6.732853805180747
20230714094018320,6.77,6.76,6.732853805180747
20230714094018340,6.77,6.76,6.732853805180747
20230714094018370,6.77,6.76,6.732853805180747
20230714094018380,6.77,6.76,6.732853805180747
20230714094018400,6.77,6.76,6.732853805180747
20230714094018500,6.77,6.76,6.732853805180747
20230714094018540,6.77,6.76,6.732853805180747
20230714094018580,6.77,6.76,6.732853805180747
20230714094018600,6.77,6.76,6.732853805180747
20230714094018620,6.77,6.76,6.732853805180747
20230714094018700,6.77,6.76,6.732879128646704
20230714094018720,6.77,6.76,6.732879128646704
20230714094018810,6.77,6.76,6.732879128646704
20230714094018890,6.77,6.76,6.732879128646704
20230714094018900,6.77,6.76,6.732879128646704
20230714094019050,6.77,6.76,6.732898840806191
20230714094019150,6.77,6.76,6.732898840806191
20230714094019210,6.77,6.76,6.7329060908273775
20230714094020790,6.77,6.76,6.7329060908273775
20230714094020870,6.77,6.76,6.73298990847219
20230714094021050,6.77,6.76,6.73298990847219
20230714094021220,6.77,6.76,6.73298990847219
20230714094021250,6.77,6.76,6.73298990847219
20230714094021400,6.77,6.76,6.73298990847219
20230714094021560,6.77,6.76,6.73298990847219
20230714094021630,6.77,6.76,6.73298990847219
20230714094021660,6.77,6.76,6.73298990847219
20230714094021840,6.77,6.76,6.73298990847219
20230714094021920,6.77,6.76,6.73298990847219
20230714094021990,6.77,6.76,6.73298990847219
20230714094023440,6.77,6.76,6.73298990847219
20230714094023480,6.77,6.75,6.733304535180922
20230714094023730,6.77,6.75,6.733304535180922
20230714094023930,6.77,6.76,6.733304535180922
20230714094023950,6.77,6.76,6.733304535180922
20230714094024270,6.77,6.75,6.733315808365533
20230714094024380,6.77,6.75,6.733315808365533
20230714094024470,6.77,6.76,6.733315808365533
20230714094024510,6.77,6.76,6.733315808365533
20230714094024520,6.77,6.76,6.733315808365533
20230714094024560,6.77,6.76,6.733315808365533
20230714094024650,6.77,6.76,6.733315808365533
20230714094024690,6.77,6.76,6.733315808365533
20230714094024700,6.77,6.76,6.733315808365533
20230714094026180,6.77,6.76,6.733315808365533
20230714094026200,6.77,6.76,6.733315808365533
20230714094026320,6.77,6.76,6.733315808365533
20230714094026400,6.77,6.76,6.733315808365533
20230714094026480,6.77,6.76,6.733315808365533
20230714094026570,6.77,6.76,6.733315808365533
20230714094026590,6.77,6.76,6.733315808365533
20230714094026660,6.77,6.76,6.733315808365533
20230714094026760,6.77,6.76,6.733315808365533
20230714094027260,6.77,6.76,6.733509823894484
20230714094028940,6.77,6.76,6.733509823894484
20230714094029080,6.77,6.76,6.733533448044318
20230714094029140,6.77,6.76,6.733533448044318
20230714094029200,6.77,6.76,6.733533448044318
20230714094029210,6.77,6.76,6.733533448044318
20230714094029310,6.77,6.76,6.733533448044318
20230714094029620,6.77,6.76,6.733533448044318
20230714094029630,6.77,6.76,6.733533448044318
20230714094029700,6.77,6.76,6.733533448044318
20230714094029920,6.77,6.76,6.733533448044318
20230714094030090,6.77,6.76,6.733533448044318
20230714094030100,6.77,6.75,6.734004665469334
20230714094031660,6.77,6.75,6.734004665469334
20230714094031890,6.77,6.75,6.734004665469334
20230714094032290,6.77,6.75,6.734004665469334
20230714094032510,6.77,6.75,6.734004665469334
20230714094034520,6.77,6.75,6.734004665469334
20230714094034740,6.77,6.75,6.73401003075272
20230714094034850,6.77,6.75,6.73401003075272
20230714094034900,6.77,6.75,6.73401003075272
20230714094034990,6.77,6.75,6.73401003075272
20230714094035090,6.77,6.75,6.73401003075272
20230714094035230,6.77,6.75,6.73401003075272
20230714094035390,6.77,6.75,6.73401003075272
20230714094035490,6.77,6.75,6.73401003075272
20230714094037090,6.77,6.76,6.73401003075272
20230714094037140,6.77,6.76,6.73401003075272
20230714094037350,6.77,6.76,6.73401003075272
20230714094037500,6.77,6.76,6.73401003075272
20230714094037580,6.77,6.76,6.73401003075272
20230714094037650,6.77,6.76,6.73401003075272
20230714094037790,6.77,6.76,6.73401003075272
20230714094037950,6.77,6.76,6.73401003075272
20230714094038030,6.77,6.76,6.73401003075272
20230714094038070,6.77,6.76,6.73401003075272
20230714094038080,6.77,6.76,6.73401003075272
20230714094039690,6.77,6.76,6.73401003075272
20230714094040040,6.77,6.76,6.73401003075272
20230714094040120,6.77,6.76,6.734330278607373
20230714094040230,6.77,6.76,6.734330278607373
20230714094040510,6.77,6.76,6.734330278607373
20230714094040800,6.77,6.76,6.734330278607373
20230714094040840,6.77,6.76,6.734330278607373
20230714094040890,6.77,6.76,6.734330278607373
20230714094042700,6.77,6.76,6.734330278607373
20230714094042980,6.77,6.76,6.734330278607373
20230714094043050,6.77,6.76,6.734330278607373
20230714094043080,6.77,6.76,6.734330278607373
20230714094043090,6.77,6.76,6.734330278607373
20230714094043190,6.77,6.76,6.734330278607373
20230714094043330,6.77,6.76,6.734899302515173
20230714094045100,6.77,6.76,6.734899302515173
20230714094045160,6.77,6.76,6.734962301846256
20230714094045170,6.77,6.76,6.734962301846256
20230714094045210,6.77,6.76,6.734964815242379
20230714094045270,6.77,6.76,6.734964815242379
20230714094045510,6.77,6.76,6.734964815242379
20230714094045790,6.77,6.76,6.734964815242379
20230714094046070,6.77,6.76,6.734971847807541
20230714094046080,6.77,6.76,6.734978877549997
20230714094046100,6.77,6.76,6.7350577681664365
20230714094046120,6.77,6.76,6.7350577681664365
20230714094046250,6.77,6.76,6.7350577681664365
20230714094046270,6.77,6.76,6.7350577681664365
20230714094046300,6.77,6.76,6.7350769985090615
20230714094047910,6.77,6.76,6.7350769985090615
20230714094047920,6.77,6.76,6.7350769985090615
20230714094048040,6.77,6.76,6.7350769985090615
20230714094048060,6.77,6.76,6.7350769985090615
20230714094048150,6.77,6.76,6.735143268049577
20230714094048160,6.77,6.76,6.735143268049577
20230714094048300,6.77,6.76,6.735143268049577
20230714094048330,6.77,6.76,6.735177511546481
20230714094048590,6.77,6.76,6.735177511546481
20230714094048790,6.77,6.76,6.735177511546481
20230714094048870,6.77,6.76,6.735177511546481
20230714094048970,6.77,6.76,6.735177511546481
20230714094050670,6.77,6.76,6.735177511546481
20230714094051160,6.77,6.77,6.735177511546481
20230714094051180,6.77,6.77,6.735177511546481
20230714094051320,6.77,6.77,6.735177511546481
20230714094051350,6.77,6.77,6.735177511546481
20230714094051370,6.77,6.77,6.735177511546481
20230714094051440,6.77,6.77,6.735177511546481
20230714094051510,6.77,6.77,6.735177511546481
20230714094053140,6.77,6.77,6.735350715939466
20230714094053180,6.77,6.77,6.735350715939466
20230714094053200,6.77,6.77,6.735368455555887
20230714094053260,6.77,6.77,6.735368455555887
20230714094053280,6.77,6.77,6.735368455555887
20230714094053300,6.77,6.77,6.735558269951635
20230714094053340,6.77,6.76,6.735558269951635
20230714094053370,6.77,6.76,6.735558269951635
20230714094053470,6.77,6.76,6.735558269951635
20230714094053480,6.77,6.76,6.735558269951635
20230714094053570,6.77,6.76,6.735558269951635
20230714094053590,6.77,6.76,6.735558269951635
20230714094053600,6.77,6.76,6.735558269951635
20230714094053680,6.77,6.76,6.735558269951635
20230714094053820,6.77,6.76,6.735558269951635
20230714094054030,6.77,6.76,6.735558269951635
20230714094054080,6.77,6.76,6.735558269951635
20230714094054100,6.77,6.76,6.735558269951635
20230714094054140,6.77,6.76,6.735558269951635
20230714094055850,6.77,6.76,6.735558269951635
20230714094055870,6.77,6.76,6.735558269951635
20230714094056120,6.77,6.76,6.735558269951635
20230714094056490,6.77,6.76,6.735558269951635
20230714094056520,6.77,6.76,6.735558269951635
20230714094056580,6.77,6.76,6.735558269951635
20230714094056680,6.77,6.76,6.735558269951635
20230714094056700,6.77,6.76,6.735558269951635
20230714094056730,6.77,6.76,6.736235727046761
20230714094056770,6.77,6.76,6.736235727046761
20230714094056790,6.77,6.76,6.736235727046761
20230714094056850,6.77,6.76,6.736235727046761
20230714094057020,6.77,6.76,6.736235727046761
20230714094058730,6.77,6.76,6.736235727046761
20230714094058790,6.77,6.76,6.736235727046761
20230714094058940,6.77,6.76,6.736235727046761
20230714094058960,6.77,6.76,6.736235727046761
20230714094059220,6.77,6.76,6.736235727046761
20230714094059260,6.77,6.76,6.736235727046761
20230714094059410,6.77,6.76,6.736235727046761
20230714094059600,6.77,6.76,6.736235727046761
20230714094059680,6.77,6.76,6.736235727046761
20230714094059720,6.77,6.76,6.736235727046761
20230714094101480,6.77,6.76,6.736235727046761
20230714094101820,6.77,6.76,6.736235727046761
20230714094101970,6.77,6.76,6.736235727046761
20230714094102080,6.77,6.76,6.736235727046761
20230714094102140,6.77,6.77,6.736235727046761
20230714094102150,6.77,6.77,6.736235727046761
20230714094102450,6.77,6.77,6.736235727046761
20230714094104000,6.77,6.76,6.736235727046761
20230714094104150,6.77,6.76,6.736235727046761
20230714094104180,6.77,6.77,6.736235727046761
20230714094104300,6.77,6.77,6.736235727046761
20230714094104320,6.77,6.77,6.736235727046761
20230714094104530,6.77,6.77,6.736235727046761
20230714094104720,6.77,6.77,6.736235727046761
20230714094104770,6.77,6.77,6.736235727046761
20230714094105060,6.77,6.77,6.736235727046761
20230714094105080,6.77,6.77,6.736235727046761
20230714094106770,6.77,6.77,6.736235727046761
20230714094106910,6.77,6.77,6.736235727046761
20230714094106950,6.77,6.77,6.736235727046761
20230714094106970,6.77,6.77,6.736235727046761
20230714094107170,6.77,6.77,6.736562677527755
20230714094107200,6.77,6.77,6.736562677527755
20230714094107330,6.77,6.77,6.736562677527755
20230714094107350,6.77,6.77,6.736562677527755
20230714094107410,6.77,6.77,6.736562677527755
20230714094107420,6.77,6.77,6.736562677527755
20230714094107450,6.77,6.77,6.736562677527755
20230714094107580,6.77,6.77,6.736562677527755
20230714094107610,6.77,6.77,6.736562677527755
20230714094107630,6.77,6.77,6.736562677527755
20230714094107760,6.77,6.77,6.736562677527755
20230714094109400,6.77,6.77,6.736562677527755
20230714094109430,6.77,6.77,6.736562677527755
20230714094109460,6.77,6.77,6.736562677527755
20230714094109540,6.77,6.77,6.736580856878898
20230714094109580,6.77,6.77,6.736580856878898
20230714094109660,6.77,6.77,6.736580856878898
20230714094109910,6.77,6.77,6.736580856878898
20230714094110050,6.77,6.77,6.736580856878898
20230714094110190,6.77,6.77,6.736580856878898
20230714094110220,6.77,6.77,6.736584553799966
20230714094110390,6.77,6.77,6.736584553799966
20230714094110550,6.77,6.77,6.7367178296655865
20230714094112130,6.77,6.77,6.7367178296655865
20230714094112160,6.77,6.77,6.7367178296655865
20230714094112280,6.77,6.77,6.7367178296655865
20230714094112360,6.77,6.77,6.7367178296655865
20230714094112430,6.77,6.77,6.7367178296655865
20230714094112620,6.77,6.77,6.7367178296655865
20230714094112750,6.77,6.77,6.7367178296655865
20230714094112990,6.77,6.77,6.7367178296655865
20230714094113040,6.77,6.77,6.736769793682114
20230714094113050,6.77,6.77,6.736769793682114
20230714094113060,6.77,6.77,6.736769793682114
20230714094113170,6.77,6.77,6.736771863955482
20230714094113190,6.77,6.77,6.736771863955482
20230714094113210,6.77,6.77,6.736771863955482
20230714094113230,6.77,6.77,6.736771863955482
20230714094114810,6.77,6.77,6.736802894278441
20230714094114830,6.77,6.77,6.736802894278441
20230714094114920,6.77,6.77,6.736802894278441
20230714094115010,6.77,6.77,6.736802894278441
20230714094115060,6.77,6.77,6.736802894278441
20230714094115090,6.77,6.77,6.736802894278441
20230714094115220,6.77,6.77,6.736854609047993
20230714094115350,6.77,6.77,6.736854609047993
20230714094115530,6.77,6.77,6.736854609047993
20230714094115600,6.77,6.77,6.736854609047993
20230714094115980,6.77,6.77,6.736854609047993
20230714094117540,6.77,6.77,6.736854609047993
20230714094117670,6.77,6.77,6.736854609047993
20230714094118040,6.77,6.77,6.736854609047993
20230714094118340,6.77,6.77,6.736858254022857
20230714094118660,6.77,6.77,6.736858254022857
20230714094120190,6.77,6.77,6.736858254022857
20230714094120280,6.77,6.77,6.736858254022857
20230714094120520,6.77,6.77,6.736858254022857
20230714094120810,6.77,6.77,6.736858254022857
20230714094120870,6.77,6.77,6.736858254022857
20230714094120880,6.77,6.77,6.736858254022857
20230714094121000,6.77,6.77,6.736858254022857
20230714094121310,6.77,6.77,6.736858254022857
20230714094121320,6.77,6.77,6.736858254022857
20230714094122930,6.77,6.77,6.736858254022857
20230714094123160,6.77,6.77,6.736858254022857
20230714094123180,6.77,6.77,6.736858254022857
20230714094123210,6.77,6.77,6.736858254022857
20230714094123430,6.77,6.77,6.736858254022857
20230714094123520,6.77,6.77,6.736858254022857
20230714094123670,6.77,6.77,6.736858254022857
20230714094123890,6.77,6.77,6.736858254022857
20230714094123960,6.77,6.77,6.736858254022857
20230714094125550,6.77,6.77,6.736858254022857
20230714094125560,6.77,6.77,6.736858254022857
20230714094125630,6.77,6.77,6.736858254022857
20230714094125670,6.77,6.77,6.736858254022857
20230714094125700,6.77,6.77,6.736858254022857
20230714094125860,6.77,6.77,6.736858254022857
20230714094125890,6.77,6.77,6.736858254022857
20230714094125960,6.77,6.77,6.736858254022857
20230714094125970,6.77,6.77,6.736994963679465
20230714094126010,6.77,6.77,6.736994963679465
20230714094126030,6.77,6.77,6.736994963679465
20230714094126090,6.77,6.77,6.736994963679465
20230714094126150,6.77,6.77,6.736994963679465
20230714094126190,6.77,6.77,6.736994963679465
20230714094126200,6.77,6.77,6.736994963679465
20230714094126210,6.77,6.77,6.736994963679465
20230714094126240,6.77,6.77,6.736994963679465
20230714094126350,6.77,6.77,6.736994963679465
20230714094126380,6.77,6.77,6.736994963679465
20230714094126440,6.77,6.77,6.736994963679465
20230714094126600,6.77,6.77,6.736994963679465
20230714094126620,6.77,6.77,6.736994963679465
20230714094126710,6.77,6.77,6.736996534719446
20230714094126720,6.77,6.77,6.736996534719446
20230714094126770,6.77,6.77,6.736996534719446
20230714094126780,6.77,6.77,6.736996534719446
20230714094126790,6.77,6.77,6.737359845946176
20230714094126800,6.77,6.77,6.737359845946176
20230714094128260,6.77,6.77,6.737359845946176
20230714094128350,6.77,6.77,6.7378335060255585
20230714094128380,6.77,6.77,6.7378335060255585
20230714094128390,6.78,6.77,6.738916891006985
20230714094128420,6.78,6.77,6.738918759151305
20230714094128500,6.78,6.77,6.738957950973088
20230714094128510,6.78,6.77,6.739125072390329
20230714094128520,6.78,6.77,6.739178633073371
20230714094128530,6.78,6.77,6.739178633073371
20230714094128570,6.78,6.77,6.739178633073371
20230714094128690,6.78,6.77,6.739217330853542
20230714094128800,6.78,6.77,6.739217330853542
20230714094128820,6.78,6.77,6.739231636990443
20230714094128830,6.78,6.77,6.739409301656903
20230714094128870,6.78,6.77,6.739409301656903
20230714094129000,6.78,6.77,6.739610718213274
20230714094129010,6.78,6.77,6.740057119110145
20230714094129020,6.78,6.77,6.740057119110145
20230714094129030,6.78,6.77,6.740057119110145
20230714094129070,6.78,6.77,6.740057119110145
20230714094129080,6.78,6.77,6.740281878368517
20230714094129100,6.78,6.77,6.740295841866107
20230714094129120,6.78,6.77,6.740836259287194
20230714094129130,6.78,6.77,6.74085322842015
20230714094129150,6.78,6.77,6.740931097408045
20230714094129220,6.78,6.77,6.741372074529488
20230714094129230,6.78,6.77,6.741400129879008
20230714094129300,6.78,6.77,6.741401778924614
20230714094129320,6.78,6.77,6.741416613997028
20230714094130940,6.78,6.77,6.741416613997028
20230714094130980,6.78,6.77,6.741416613997028
20230714094131070,6.78,6.78,6.741416613997028
20230714094131080,6.78,6.78,6.741416613997028
20230714094131090,6.78,6.78,6.741416613997028
20230714094131100,6.78,6.78,6.741416613997028
20230714094131120,6.78,6.78,6.741627608374007
20230714094131130,6.78,6.78,6.741627608374007
20230714094131140,6.78,6.78,6.741627608374007
20230714094131150,6.78,6.78,6.741627608374007
20230714094131160,6.78,6.78,6.741627608374007
20230714094131170,6.78,6.78,6.741627608374007
20230714094131180,6.78,6.78,6.741627608374007
20230714094131190,6.78,6.78,6.741627608374007
20230714094131200,6.78,6.78,6.741627608374007
20230714094131210,6.78,6.78,6.741627608374007
20230714094131240,6.78,6.78,6.741627608374007
20230714094131250,6.78,6.78,6.741627608374007
20230714094131260,6.78,6.78,6.741627608374007
20230714094131270,6.78,6.78,6.741627608374007
20230714094131400,6.78,6.78,6.741627608374007
20230714094131430,6.78,6.78,6.741627608374007
20230714094131450,6.78,6.78,6.741627608374007
20230714094131640,6.78,6.78,6.741627608374007
20230714094131670,6.78,6.78,6.741627608374007
20230714094131770,6.78,6.78,6.741627608374007
20230714094131850,6.78,6.78,6.741627608374007
20230714094131860,6.78,6.78,6.741627608374007
20230714094131910,6.78,6.78,6.741627608374007
20230714094131950,6.78,6.78,6.741627608374007
20230714094133680,6.78,6.78,6.741627608374007
20230714094134100,6.78,6.78,6.741627608374007
20230714094134110,6.78,6.78,6.741627608374007
20230714094134170,6.78,6.78,6.741627608374007
20230714094134180,6.78,6.78,6.741627608374007
20230714094134200,6.78,6.78,6.741627608374007
20230714094134210,6.78,6.78,6.741627608374007
20230714094134310,6.78,6.78,6.741627608374007
20230714094134400,6.78,6.78,6.741627608374007
20230714094134490,6.78,6.78,6.741627608374007
20230714094134580,6.78,6.78,6.741627608374007
20230714094134620,6.78,6.78,6.741627608374007
20230714094134630,6.78,6.78,6.741627608374007
20230714094134770,6.78,6.78,6.741627608374007
20230714094134900,6.78,6.78,6.741627608374007
20230714094136390,6.78,6.78,6.741627608374007
20230714094136410,6.78,6.78,6.741627608374007
20230714094136460,6.78,6.78,6.741627608374007
20230714094136530,6.78,6.78,6.741627608374007
20230714094136580,6.78,6.78,6.741627608374007
20230714094136780,6.78,6.78,6.741627608374007
20230714094136800,6.78,6.78,6.741627608374007
