Timestamp,ask1,bid1,VWAP
20230823093000020,5.68,6.62,6.31
20230823093000030,6.0,6.35,6.300571428571429
20230823093000040,6.0,6.34,6.299156626506024
20230823093000050,6.0,6.34,6.299156626506024
20230823093000070,6.0,6.34,6.299156626506024
20230823093000080,6.0,6.34,6.299156626506024
20230823093000090,6.0,6.34,6.299156626506024
20230823093000120,6.0,6.31,6.299047619047619
20230823093000130,6.0,6.31,6.299047619047619
20230823093000150,6.0,6.31,6.299047619047619
20230823093000160,6.0,6.31,6.299047619047619
20230823093000170,6.14,6.31,6.295555555555556
20230823093000180,6.14,6.31,6.295555555555556
20230823093000200,6.14,6.31,6.295172413793104
20230823093000220,6.14,6.31,6.295172413793104
20230823093000230,6.14,6.31,6.295172413793104
20230823093000240,6.14,6.31,6.295172413793104
20230823093000250,6.14,6.31,6.295172413793104
20230823093000290,6.14,6.31,6.295172413793104
20230823093000300,6.14,6.31,6.295172413793104
20230823093000330,6.14,6.31,6.295172413793104
20230823093000350,6.14,6.31,6.295172413793104
20230823093000420,6.14,6.31,6.295172413793104
20230823093000450,6.14,6.31,6.295172413793104
20230823093000460,6.14,6.31,6.295172413793104
20230823093000510,6.14,6.31,6.295172413793104
20230823093000520,6.14,6.31,6.295172413793104
20230823093000610,6.14,6.31,6.295172413793104
20230823093000650,6.14,6.31,6.295172413793104
20230823093000700,6.14,6.31,6.295172413793104
20230823093000730,6.14,6.31,6.295172413793104
20230823093000790,6.14,6.31,6.295172413793104
20230823093000810,6.14,6.31,6.295172413793104
20230823093000830,6.14,6.31,6.295172413793104
20230823093000960,6.14,6.31,6.295172413793104
20230823093001040,6.14,6.31,6.295172413793104
20230823093001100,6.26,6.31,6.295172413793104
20230823093001120,6.26,6.31,6.295172413793104
20230823093001160,6.26,6.31,6.295172413793104
20230823093001220,6.26,6.31,6.295172413793104
20230823093001240,6.26,6.31,6.295172413793104
20230823093001250,6.26,6.31,6.295172413793104
20230823093001280,6.26,6.31,6.295172413793104
20230823093001340,6.26,6.31,6.295172413793104
20230823093001370,6.26,6.31,6.295172413793104
20230823093001440,6.26,6.31,6.295172413793104
20230823093001460,6.26,6.31,6.295172413793104
20230823093001490,6.26,6.31,6.295172413793104
20230823093001510,6.26,6.31,6.295172413793104
20230823093001560,6.27,6.31,6.295172413793104
20230823093001630,6.27,6.31,6.295172413793104
20230823093001680,6.27,6.31,6.295172413793104
20230823093001720,6.27,6.31,6.295172413793104
20230823093001760,6.27,6.31,6.295172413793104
20230823093001840,6.27,6.31,6.295172413793104
20230823093001850,6.27,6.31,6.295172413793104
20230823093001870,6.27,6.31,6.295172413793104
20230823093002010,6.27,6.31,6.295172413793104
20230823093002020,6.27,6.31,6.295172413793104
20230823093002090,6.27,6.31,6.295172413793104
20230823093002280,6.27,6.31,6.295172413793104
20230823093002550,6.27,6.31,6.295172413793104
20230823093002850,6.27,6.31,6.295172413793104
20230823093002930,6.27,6.31,6.295172413793104
20230823093002980,6.27,6.31,6.295172413793104
20230823093002990,6.27,6.31,6.295172413793104
20230823093003160,6.27,6.31,6.295172413793104
20230823093003500,6.27,6.31,6.295172413793104
20230823093004130,6.27,6.31,6.295172413793104
20230823093004550,6.27,6.31,6.295172413793104
20230823093005160,6.27,6.31,6.295172413793104
20230823093005740,6.27,6.31,6.295172413793104
20230823093005880,6.27,6.31,6.295172413793104
20230823093006480,6.27,6.31,6.295172413793104
20230823093006550,6.27,6.31,6.295172413793104
20230823093006770,6.27,6.31,6.295172413793104
20230823093006890,6.27,6.31,6.295172413793104
20230823093007090,6.27,6.31,6.295172413793104
20230823093007110,6.26,6.25,6.268963815789474
20230823093007120,6.26,6.25,6.268963815789474
20230823093007150,6.26,6.25,6.268963815789474
20230823093007360,6.26,6.25,6.268963815789474
20230823093007370,6.26,6.25,6.268963815789474
20230823093007720,6.26,6.25,6.267017543859649
20230823093007980,6.26,6.25,6.267017543859649
20230823093008690,6.26,6.25,6.267017543859649
20230823093009160,6.26,6.25,6.2659214092140925
20230823093010100,6.26,6.24,6.2659214092140925
20230823093010310,6.26,6.24,6.2659214092140925
20230823093010330,6.26,6.24,6.2659214092140925
20230823093010340,6.26,6.24,6.2659214092140925
20230823093010540,6.26,6.24,6.2659214092140925
20230823093011020,6.26,6.24,6.2659214092140925
20230823093011540,6.21,6.24,6.262239583333334
20230823093011710,6.21,6.24,6.262239583333334
20230823093012310,6.21,6.24,6.262239583333334
20230823093012550,6.21,6.24,6.262239583333334
20230823093012730,6.21,6.24,6.262239583333334
20230823093012770,6.21,6.24,6.262239583333334
20230823093012830,6.21,6.24,6.262239583333334
20230823093012840,6.21,6.24,6.262239583333334
20230823093013110,6.21,6.24,6.262239583333334
20230823093013200,6.21,6.24,6.262239583333334
20230823093013320,6.21,6.24,6.262239583333334
20230823093013420,6.21,6.24,6.262239583333334
20230823093014210,6.21,6.24,6.262239583333334
20230823093014220,6.21,6.24,6.262239583333334
20230823093014300,6.25,6.24,6.262239583333334
20230823093014310,6.25,6.24,6.262239583333334
20230823093014440,6.25,6.24,6.262239583333334
20230823093014460,6.25,6.24,6.262239583333334
20230823093014630,6.25,6.24,6.262239583333334
20230823093014640,6.25,6.24,6.262239583333334
20230823093015010,6.25,6.24,6.260760456273764
20230823093015070,6.25,6.24,6.260760456273764
20230823093015140,6.25,6.24,6.260760456273764
20230823093015150,6.24,6.24,6.259836512261581
20230823093015180,6.24,6.24,6.259836512261581
20230823093015490,6.25,6.24,6.2588113695090435
20230823093015510,6.25,6.24,6.2588113695090435
20230823093015620,6.25,6.24,6.258618925831202
20230823093015640,6.24,6.24,6.258618925831202
20230823093015780,6.24,6.24,6.258618925831202
20230823093015810,6.24,6.24,6.258618925831202
20230823093015820,6.24,6.24,6.258618925831202
20230823093016080,6.24,6.23,6.258547153780799
20230823093016090,6.24,6.23,6.258547153780799
20230823093016110,6.24,6.23,6.258547153780799
20230823093016280,6.24,6.23,6.258547153780799
20230823093016630,6.24,6.23,6.258547153780799
20230823093016830,6.24,6.23,6.257526530612245
20230823093017510,6.24,6.23,6.257526530612245
20230823093017830,6.24,6.23,6.257526530612245
20230823093017890,6.24,6.23,6.257526530612245
20230823093018080,6.24,6.23,6.257526530612245
20230823093018220,6.24,6.23,6.257526530612245
20230823093018250,6.24,6.23,6.257526530612245
20230823093018830,6.24,6.23,6.257526530612245
20230823093019080,6.24,6.23,6.257392363931763
20230823093019490,6.24,6.23,6.257392363931763
20230823093019990,6.24,6.23,6.257155448717949
20230823093021540,6.24,6.23,6.257155448717949
20230823093021770,6.24,6.23,6.257155448717949
20230823093021900,6.24,6.23,6.257141713370697
20230823093022100,6.24,6.23,6.257141713370697
20230823093022110,6.23,6.23,6.257141713370697
20230823093022120,6.23,6.23,6.257141713370697
20230823093022150,6.23,6.23,6.257141713370697
20230823093022510,6.23,6.23,6.257141713370697
20230823093022740,6.23,6.23,6.257141713370697
20230823093022750,6.23,6.24,6.257068145800317
20230823093022760,6.23,6.24,6.257068145800317
20230823093022860,6.23,6.24,6.257068145800317
20230823093022870,6.23,6.24,6.257068145800317
20230823093022920,6.23,6.24,6.257068145800317
20230823093022930,6.23,6.24,6.257001569858713
20230823093022950,6.23,6.24,6.257001569858713
20230823093022970,6.23,6.24,6.257001569858713
20230823093022980,6.23,6.24,6.257001569858713
20230823093023010,6.23,6.24,6.257001569858713
20230823093023030,6.23,6.24,6.257001569858713
20230823093023060,6.23,6.25,6.257001569858713
20230823093023070,6.23,6.25,6.257001569858713
20230823093023190,6.23,6.25,6.257001569858713
20230823093023270,6.23,6.25,6.257001569858713
20230823093023430,6.23,6.25,6.2569960784313725
20230823093023460,6.23,6.25,6.2569960784313725
20230823093024040,6.23,6.25,6.2569960784313725
20230823093024990,6.23,6.25,6.2569960784313725
20230823093025090,6.23,6.25,6.256990595611286
20230823093025100,6.23,6.25,6.256990595611286
20230823093025110,6.23,6.25,6.256990595611286
20230823093025190,6.24,6.24,6.255941176470588
20230823093025300,6.24,6.24,6.255941176470588
20230823093025630,6.24,6.24,6.255941176470588
20230823093026650,6.24,6.24,6.255941176470588
20230823093026660,6.24,6.24,6.255941176470588
20230823093026780,6.24,6.25,6.255941176470588
20230823093026830,6.24,6.24,6.255045045045045
20230823093026870,6.24,6.24,6.255045045045045
20230823093026920,6.24,6.25,6.255041551246538
20230823093026960,6.24,6.25,6.255034578146612
20230823093026970,6.24,6.25,6.255034578146612
20230823093026980,6.24,6.25,6.255034578146612
20230823093027020,6.24,6.25,6.255034578146612
20230823093027040,6.24,6.25,6.255034578146612
20230823093027160,6.24,6.25,6.255034578146612
20230823093028090,6.24,6.24,6.255034578146612
20230823093028130,6.24,6.24,6.255034578146612
20230823093028140,6.24,6.24,6.255034578146612
20230823093028170,6.24,6.24,6.255034578146612
20230823093028210,6.24,6.24,6.255034578146612
20230823093028910,6.24,6.24,6.255034578146612
20230823093029050,6.24,6.24,6.254126055880442
20230823093029190,6.24,6.24,6.254126055880442
20230823093029530,6.24,6.24,6.254126055880442
20230823093029560,6.24,6.24,6.254126055880442
20230823093029650,6.24,6.24,6.254126055880442
20230823093029720,6.24,6.24,6.254126055880442
20230823093029750,6.24,6.24,6.254126055880442
20230823093029780,6.24,6.24,6.254126055880442
20230823093029950,6.24,6.24,6.254126055880442
20230823093030080,6.24,6.24,6.254126055880442
20230823093030200,6.24,6.24,6.254126055880442
20230823093030580,6.24,6.24,6.254126055880442
20230823093030600,6.24,6.24,6.254126055880442
20230823093030720,6.24,6.24,6.254126055880442
20230823093030790,6.24,6.24,6.254126055880442
20230823093031010,6.24,6.24,6.254126055880442
20230823093031050,6.24,6.24,6.254126055880442
20230823093031080,6.24,6.24,6.254126055880442
20230823093031140,6.24,6.24,6.254126055880442
20230823093031910,6.24,6.24,6.254126055880442
20230823093031980,6.24,6.24,6.2541126943005185
20230823093032060,6.24,6.24,6.2541126943005185
20230823093033270,6.24,6.24,6.2541126943005185
20230823093033420,6.24,6.24,6.2541126943005185
20230823093033460,6.24,6.24,6.253858868404323
20230823093033650,6.24,6.24,6.253858868404323
20230823093034020,6.24,6.24,6.253858868404323
20230823093034190,6.24,6.24,6.253858868404323
20230823093034570,6.24,6.24,6.253858868404323
20230823093034620,6.24,6.24,6.253858868404323
20230823093034660,6.24,6.24,6.253858868404323
20230823093035400,6.24,6.24,6.253858868404323
20230823093035420,6.24,6.24,6.253858868404323
20230823093035790,6.24,6.24,6.253858868404323
20230823093035930,6.24,6.24,6.253858868404323
20230823093036010,6.25,6.25,6.252601702932829
20230823093036250,6.25,6.25,6.252601702932829
20230823093036560,6.25,6.25,6.252601702932829
20230823093036880,6.25,6.25,6.252601702932829
20230823093036890,6.25,6.25,6.252601702932829
20230823093037160,6.25,6.25,6.252601702932829
20230823093037330,6.25,6.24,6.252601702932829
20230823093037520,6.25,6.24,6.252601702932829
20230823093037720,6.25,6.24,6.252601702932829
20230823093037740,6.25,6.24,6.252601702932829
20230823093038670,6.25,6.24,6.252601702932829
20230823093038750,6.25,6.24,6.252601702932829
20230823093038770,6.25,6.24,6.252601702932829
20230823093038850,6.25,6.25,6.252448979591836
20230823093039000,6.25,6.25,6.252448979591836
20230823093039110,6.25,6.25,6.252441054091539
20230823093039120,6.25,6.25,6.2524320589590054
20230823093039170,6.25,6.25,6.252552130553037
20230823093039780,6.25,6.25,6.252552130553037
20230823093039910,6.25,6.25,6.252552130553037
20230823093040000,6.25,6.25,6.252552130553037
20230823093040030,6.25,6.25,6.252552130553037
20230823093040040,6.25,6.25,6.252552130553037
20230823093040050,6.25,6.25,6.252552130553037
20230823093040060,6.25,6.25,6.252552130553037
20230823093040110,6.25,6.25,6.252552130553037
20230823093040130,6.25,6.25,6.252552130553037
20230823093040890,6.25,6.25,6.252552130553037
20230823093041450,6.25,6.25,6.252552130553037
20230823093041670,6.25,6.25,6.252552130553037
20230823093041700,6.25,6.25,6.252552130553037
20230823093041730,6.25,6.25,6.252552130553037
20230823093041740,6.25,6.25,6.252552130553037
20230823093041870,6.25,6.25,6.252552130553037
20230823093042150,6.25,6.25,6.252552130553037
20230823093042220,6.25,6.25,6.252552130553037
20230823093042300,6.25,6.25,6.252552130553037
20230823093042360,6.25,6.25,6.252516763522575
20230823093042370,6.25,6.25,6.252495567375886
20230823093042580,6.25,6.25,6.252495567375886
20230823093042590,6.25,6.25,6.252495567375886
20230823093043090,6.25,6.25,6.25246821569487
20230823093043150,6.25,6.25,6.25246821569487
20230823093043260,6.25,6.25,6.25246821569487
20230823093044110,6.25,6.25,6.252459589340323
20230823093044250,6.25,6.25,6.252459589340323
20230823093044430,6.25,6.25,6.252459589340323
20230823093044580,6.25,6.25,6.252459589340323
20230823093044690,6.25,6.25,6.252459589340323
20230823093044770,6.25,6.25,6.252459589340323
20230823093045270,6.25,6.25,6.252459589340323
20230823093045570,6.25,6.25,6.252459589340323
20230823093045840,6.25,6.25,6.252458515283843
20230823093045870,6.25,6.25,6.252458515283843
20230823093046010,6.25,6.24,6.2524414570685165
20230823093046080,6.25,6.24,6.2524414570685165
20230823093046200,6.25,6.25,6.2524414570685165
20230823093046370,6.25,6.25,6.2524414570685165
20230823093046890,6.25,6.25,6.2524414570685165
20230823093047020,6.25,6.25,6.2524414570685165
20230823093047320,6.25,6.24,6.2524414570685165
20230823093047530,6.25,6.24,6.2524414570685165
20230823093047550,6.25,6.24,6.2524414570685165
20230823093047840,6.25,6.24,6.2524414570685165
20230823093048060,6.25,6.24,6.2524414570685165
20230823093048210,6.25,6.24,6.2524414570685165
20230823093048920,6.25,6.24,6.2524414570685165
20230823093049240,6.25,6.24,6.2524414570685165
20230823093049250,6.25,6.24,6.2524414570685165
20230823093049440,6.25,6.24,6.2524414570685165
20230823093049650,6.25,6.24,6.2524414570685165
20230823093050650,6.25,6.24,6.2524414570685165
20230823093050660,6.25,6.24,6.2524414570685165
20230823093050800,6.25,6.24,6.2524414570685165
20230823093050830,6.25,6.24,6.2524414570685165
20230823093050920,6.25,6.24,6.252424503882658
20230823093050960,6.25,6.24,6.252424503882658
20230823093051040,6.25,6.24,6.252424503882658
20230823093051330,6.25,6.24,6.252424503882658
20230823093051480,6.25,6.24,6.252424503882658
20230823093051780,6.25,6.24,6.252423458387236
20230823093052070,6.25,6.24,6.252423458387236
20230823093052130,6.25,6.24,6.252413052812366
20230823093052160,6.25,6.24,6.252413052812366
20230823093052330,6.25,6.24,6.252147058823529
20230823093052850,6.25,6.24,6.252147058823529
20230823093053040,6.25,6.24,6.252147058823529
20230823093053110,6.25,6.24,6.252147058823529
20230823093053120,6.25,6.24,6.252147058823529
20230823093053570,6.25,6.24,6.252147058823529
20230823093053760,6.25,6.24,6.252147058823529
20230823093053910,6.25,6.24,6.252147058823529
20230823093054230,6.25,6.25,6.2520875
20230823093054240,6.25,6.25,6.2520875
20230823093054320,6.25,6.25,6.2520875
20230823093054380,6.25,6.25,6.2520875
20230823093054780,6.25,6.25,6.2520875
20230823093054890,6.25,6.25,6.2520875
20230823093055070,6.25,6.25,6.252086630570596
20230823093055220,6.25,6.25,6.2520857618651124
20230823093055820,6.25,6.25,6.2520857618651124
20230823093056050,6.25,6.25,6.252077114427861
20230823093056400,6.25,6.25,6.252077114427861
20230823093056420,6.25,6.25,6.252077114427861
20230823093056810,6.25,6.25,6.252077114427861
20230823093057110,6.25,6.25,6.252077114427861
20230823093057540,6.25,6.24,6.251905882352941
20230823093057550,6.25,6.24,6.251905882352941
20230823093057960,6.25,6.24,6.251905882352941
20230823093058060,6.25,6.24,6.251905882352941
20230823093058090,6.25,6.24,6.251905882352941
20230823093058120,6.25,6.24,6.251905882352941
20230823093058130,6.25,6.24,6.251905882352941
20230823093058140,6.25,6.24,6.251905882352941
20230823093058200,6.25,6.24,6.251905882352941
20230823093058750,6.25,6.24,6.251905882352941
20230823093058900,6.25,6.24,6.251905882352941
20230823093059130,6.25,6.24,6.251905882352941
20230823093059140,6.25,6.24,6.251905882352941
20230823093059460,6.25,6.24,6.251905882352941
20230823093059470,6.25,6.24,6.251905882352941
20230823093059510,6.25,6.24,6.251905882352941
20230823093059600,6.25,6.24,6.251905882352941
20230823093059700,6.25,6.24,6.251905882352941
20230823093059740,6.25,6.24,6.251905882352941
20230823093059830,6.25,6.24,6.251905882352941
20230823093059870,6.25,6.24,6.251905882352941
20230823093059920,6.25,6.24,6.251905882352941
20230823093100880,6.25,6.24,6.251905882352941
20230823093101070,6.25,6.24,6.251884959191605
20230823093101080,6.25,6.24,6.251881303335919
20230823093101160,6.25,6.24,6.251878388845856
20230823093101440,6.25,6.24,6.251878388845856
20230823093101770,6.25,6.24,6.251878388845856
20230823093101900,6.25,6.24,6.251878388845856
20230823093102450,6.25,6.24,6.251878388845856
20230823093102590,6.25,6.24,6.251878388845856
20230823093102620,6.25,6.24,6.251878388845856
20230823093102700,6.25,6.24,6.251878388845856
20230823093102740,6.25,6.24,6.251828808446455
20230823093103060,6.25,6.25,6.251828808446455
20230823093104000,6.25,6.25,6.251828808446455
20230823093104010,6.25,6.25,6.251828808446455
20230823093104070,6.25,6.24,6.251827430293896
20230823093104080,6.25,6.24,6.251710155148096
20230823093104090,6.25,6.24,6.251710155148096
20230823093104150,6.25,6.24,6.251710155148096
20230823093104170,6.25,6.24,6.251709552344026
20230823093104180,6.25,6.24,6.251707746478873
20230823093104470,6.25,6.24,6.251707145371348
20230823093104540,6.25,6.24,6.25169343575419
20230823093104550,6.25,6.24,6.25169343575419
20230823093104730,6.25,6.24,6.251687543493389
20230823093104920,6.25,6.24,6.251685783802572
20230823093105560,6.25,6.24,6.251685783802572
20230823093105870,6.25,6.24,6.251685783802572
20230823093105990,6.25,6.24,6.251672990686443
20230823093106120,6.25,6.24,6.251424713031735
20230823093106150,6.25,6.24,6.251409485637943
20230823093106260,6.25,6.24,6.251409485637943
20230823093106460,6.25,6.24,6.251409485637943
20230823093106510,6.25,6.24,6.251409485637943
20230823093106940,6.25,6.24,6.251409485637943
20230823093106980,6.25,6.24,6.251409485637943
20230823093106990,6.25,6.24,6.251394580304032
20230823093107080,6.25,6.25,6.251387701414009
20230823093107130,6.25,6.25,6.251387701414009
20230823093107210,6.25,6.25,6.251387701414009
20230823093107380,6.25,6.25,6.251387701414009
20230823093107730,6.25,6.25,6.251387701414009
20230823093107790,6.25,6.25,6.251387701414009
20230823093108320,6.25,6.25,6.251393003466751
20230823093108560,6.25,6.25,6.251393003466751
20230823093108640,6.25,6.25,6.251393003466751
20230823093108870,6.25,6.25,6.251393003466751
20230823093108890,6.25,6.25,6.251393003466751
20230823093108900,6.25,6.25,6.251393003466751
20230823093108990,6.25,6.25,6.251393003466751
20230823093109020,6.25,6.25,6.251393003466751
20230823093109050,6.25,6.25,6.251393003466751
20230823093109060,6.25,6.25,6.251393003466751
20230823093109240,6.25,6.25,6.251392564587271
20230823093109250,6.25,6.25,6.251392564587271
20230823093109260,6.25,6.25,6.251392564587271
20230823093109270,6.25,6.25,6.251392564587271
20230823093109280,6.25,6.25,6.251392564587271
20230823093109290,6.25,6.25,6.251392564587271
20230823093109520,6.25,6.25,6.251333735666868
20230823093109570,6.25,6.25,6.251333735666868
20230823093109580,6.25,6.25,6.251332931242461
20230823093109650,6.25,6.25,6.251332127787824
20230823093109680,6.25,6.25,6.251332127787824
20230823093109710,6.25,6.25,6.251332127787824
20230823093109720,6.25,6.25,6.251332127787824
20230823093109740,6.25,6.25,6.251332127787824
20230823093109750,6.25,6.25,6.251332127787824
20230823093109770,6.25,6.25,6.251332127787824
20230823093109800,6.25,6.25,6.251332127787824
20230823093109840,6.25,6.25,6.251332127787824
20230823093109890,6.25,6.25,6.251332127787824
20230823093110110,6.25,6.25,6.251332127787824
20230823093110150,6.25,6.25,6.251332127787824
20230823093110340,6.25,6.25,6.251358173076923
20230823093110500,6.25,6.25,6.251358173076923
20230823093110540,6.25,6.25,6.251358173076923
20230823093110580,6.25,6.25,6.251358173076923
20230823093110620,6.25,6.25,6.251358173076923
20230823093110650,6.25,6.25,6.251358173076923
20230823093111550,6.25,6.25,6.251358173076923
20230823093111560,6.25,6.25,6.251358173076923
20230823093111760,6.25,6.25,6.251358173076923
20230823093112010,6.25,6.25,6.251358173076923
20230823093112320,6.25,6.25,6.251358173076923
20230823093112360,6.25,6.25,6.251358173076923
20230823093112390,6.25,6.25,6.251363363363363
20230823093112890,6.25,6.25,6.251363363363363
20230823093112980,6.25,6.25,6.251363363363363
20230823093113070,6.25,6.25,6.251363363363363
20230823093113110,6.25,6.25,6.251363363363363
20230823093113170,6.25,6.25,6.251363363363363
20230823093113600,6.25,6.25,6.251363363363363
20230823093113620,6.25,6.25,6.2513613193403295
20230823093114600,6.25,6.25,6.2513613193403295
20230823093114980,6.25,6.25,6.25139486260454
20230823093115090,6.25,6.25,6.25139486260454
20230823093115380,6.25,6.25,6.25139486260454
20230823093116150,6.25,6.25,6.25139486260454
20230823093116250,6.25,6.25,6.25139486260454
20230823093116470,6.25,6.25,6.25139486260454
20230823093116870,6.25,6.25,6.25139486260454
20230823093117480,6.25,6.25,6.25139486260454
20230823093118830,6.25,6.25,6.25139486260454
20230823093119300,6.25,6.25,6.25139486260454
20230823093119320,6.25,6.25,6.25139486260454
20230823093120480,6.25,6.25,6.25139486260454
20230823093120600,6.25,6.25,6.251394446103315
20230823093120650,6.25,6.25,6.251394446103315
20230823093120690,6.25,6.25,6.251394446103315
20230823093120750,6.25,6.25,6.251394446103315
20230823093120770,6.25,6.25,6.251363503649635
20230823093120870,6.25,6.25,6.251343498273878
20230823093120880,6.25,6.25,6.251343498273878
20230823093121050,6.25,6.25,6.251343498273878
20230823093121360,6.25,6.25,6.251343498273878
20230823093121630,6.25,6.25,6.251343498273878
20230823093121990,6.25,6.25,6.251343498273878
20230823093122040,6.25,6.25,6.251343498273878
20230823093122050,6.25,6.25,6.251343498273878
20230823093122160,6.25,6.25,6.251339644291452
20230823093122170,6.25,6.25,6.251339644291452
20230823093122190,6.25,6.25,6.251339644291452
20230823093122200,6.25,6.25,6.251339644291452
20230823093122210,6.25,6.25,6.251339644291452
20230823093122230,6.25,6.25,6.251339644291452
20230823093122730,6.25,6.25,6.251339644291452
20230823093123120,6.25,6.25,6.251339644291452
20230823093123400,6.25,6.25,6.251339644291452
20230823093123490,6.25,6.25,6.251339644291452
20230823093123890,6.25,6.25,6.251339644291452
20230823093124060,6.25,6.25,6.251339644291452
20230823093124230,6.25,6.25,6.251339644291452
20230823093124290,6.25,6.25,6.251339644291452
20230823093124300,6.25,6.25,6.251339644291452
20230823093124340,6.25,6.25,6.251339644291452
20230823093124550,6.25,6.25,6.251339644291452
20230823093124590,6.25,6.25,6.251339644291452
20230823093124610,6.25,6.25,6.251339644291452
20230823093124670,6.25,6.25,6.251336576989124
20230823093124750,6.25,6.25,6.251336576989124
20230823093124760,6.25,6.25,6.251336576989124
20230823093124810,6.25,6.25,6.251336576989124
20230823093124820,6.25,6.25,6.251336576989124
20230823093124960,6.25,6.25,6.251334285714286
20230823093125060,6.25,6.25,6.251334285714286
20230823093125130,6.25,6.24,6.251295558086561
20230823093125220,6.25,6.24,6.251139489194499
20230823093125260,6.25,6.24,6.251139489194499
20230823093125600,6.25,6.24,6.251139489194499
20230823093125670,6.25,6.24,6.251139489194499
20230823093125680,6.25,6.24,6.250706770973833
20230823093125690,6.24,6.24,6.2506636217087586
20230823093125710,6.25,6.24,6.2506636217087586
20230823093125800,6.25,6.24,6.2506636217087586
20230823093125850,6.25,6.24,6.2506636217087586
20230823093126160,6.24,6.24,6.2506636217087586
20230823093126410,6.24,6.24,6.2506636217087586
20230823093126670,6.24,6.24,6.2506636217087586
20230823093126680,6.24,6.24,6.2506636217087586
20230823093126760,6.24,6.24,6.250287068738478
20230823093126770,6.24,6.24,6.250287068738478
20230823093126860,6.24,6.24,6.250287068738478
20230823093127450,6.24,6.24,6.250287068738478
20230823093127790,6.24,6.24,6.250287068738478
20230823093127880,6.24,6.24,6.250287068738478
20230823093128080,6.24,6.23,6.250287068738478
20230823093128120,6.24,6.23,6.250287068738478
20230823093128290,6.24,6.23,6.250287068738478
20230823093128300,6.24,6.23,6.250287068738478
20230823093128400,6.24,6.23,6.250287068738478
20230823093128450,6.24,6.23,6.250287068738478
20230823093128630,6.24,6.23,6.250287068738478
20230823093128690,6.24,6.23,6.250287068738478
20230823093128730,6.24,6.23,6.250287068738478
20230823093128880,6.24,6.23,6.250287068738478
20230823093129170,6.24,6.23,6.249976659751037
20230823093129370,6.24,6.23,6.2498941115702475
20230823093129380,6.24,6.23,6.2498941115702475
20230823093129470,6.24,6.23,6.249842864502834
20230823093129700,6.24,6.23,6.249766487041314
20230823093129730,6.24,6.23,6.249761416110826
20230823093129790,6.24,6.23,6.249761416110826
20230823093129890,6.24,6.23,6.24945202020202
20230823093129900,6.24,6.23,6.2486197727822095
20230823093129920,6.24,6.23,6.24802714720337
20230823093130010,6.24,6.23,6.24802714720337
20230823093130100,6.24,6.23,6.247716191352346
20230823093130110,6.24,6.23,6.247716191352346
20230823093130220,6.24,6.23,6.247699908088236
20230823093130260,6.24,6.23,6.247699908088236
20230823093130290,6.24,6.23,6.247699908088236
20230823093130300,6.24,6.23,6.247699908088236
20230823093130500,6.24,6.23,6.247699908088236
20230823093130570,6.24,6.23,6.247699908088236
20230823093130630,6.24,6.23,6.247699908088236
20230823093130690,6.24,6.23,6.247699908088236
20230823093131030,6.24,6.23,6.247667431192661
20230823093132130,6.24,6.23,6.247667431192661
20230823093132330,6.24,6.23,6.247667431192661
20230823093132850,6.24,6.23,6.247468099395568
20230823093132870,6.24,6.23,6.247468099395568
20230823093132880,6.24,6.23,6.247468099395568
20230823093132960,6.24,6.23,6.247468099395568
20230823093133330,6.24,6.23,6.247468099395568
20230823093133500,6.24,6.23,6.247468099395568
20230823093133560,6.24,6.23,6.247468099395568
20230823093133670,6.24,6.23,6.247468099395568
20230823093133900,6.24,6.23,6.247468099395568
20230823093134540,6.24,6.23,6.247468099395568
20230823093134610,6.24,6.23,6.2470818739054295
20230823093134720,6.24,6.23,6.247052010489511
20230823093134760,6.24,6.23,6.247052010489511
20230823093134790,6.24,6.22,6.246719188430823
20230823093134980,6.24,6.22,6.246719188430823
20230823093135390,6.24,6.23,6.246719188430823
20230823093135430,6.24,6.23,6.246719188430823
20230823093135450,6.24,6.23,6.246719188430823
20230823093135660,6.24,6.23,6.246534504929276
20230823093135990,6.23,6.22,6.246530962074138
20230823093137220,6.23,6.22,6.246530962074138
20230823093137280,6.23,6.22,6.246530962074138
20230823093137290,6.23,6.22,6.246530962074138
20230823093138320,6.23,6.22,6.246530962074138
20230823093138390,6.23,6.22,6.246530962074138
20230823093138450,6.23,6.22,6.246530962074138
20230823093138750,6.23,6.22,6.246530962074138
20230823093138830,6.23,6.22,6.246530962074138
20230823093139230,6.23,6.22,6.246530962074138
20230823093139260,6.23,6.22,6.246530962074138
20230823093139270,6.23,6.22,6.246530962074138
20230823093139300,6.23,6.22,6.246530962074138
20230823093139580,6.23,6.22,6.246530962074138
20230823093139590,6.23,6.22,6.246509736785791
20230823093139640,6.23,6.22,6.246509736785791
20230823093139750,6.23,6.22,6.246492090637024
20230823093139800,6.23,6.22,6.24647448216955
20230823093139970,6.23,6.22,6.24647448216955
20230823093140180,6.23,6.22,6.246467449306297
20230823093140770,6.23,6.22,6.246467449306297
20230823093140810,6.24,6.23,6.246369615955866
20230823093141790,6.24,6.23,6.24636614340263
20230823093142110,6.24,6.23,6.24636614340263
20230823093142180,6.24,6.23,6.24636614340263
20230823093142220,6.24,6.23,6.246244277985851
20230823093142290,6.24,6.23,6.246244277985851
20230823093142300,6.24,6.23,6.246244277985851
20230823093142620,6.24,6.23,6.246244277985851
20230823093142750,6.24,6.23,6.246244277985851
20230823093143080,6.23,6.23,6.246130165289256
20230823093143160,6.23,6.23,6.246130165289256
20230823093143170,6.23,6.23,6.246130165289256
20230823093143180,6.23,6.23,6.246130165289256
20230823093143220,6.23,6.23,6.246130165289256
20230823093143230,6.23,6.23,6.246130165289256
20230823093143460,6.23,6.23,6.246130165289256
20230823093143490,6.23,6.23,6.24610274396534
20230823093143760,6.23,6.23,6.24610274396534
20230823093143770,6.23,6.23,6.24608615004122
20230823093143820,6.23,6.23,6.24608615004122
20230823093143860,6.23,6.23,6.246053064582476
20230823093144390,6.23,6.23,6.246053064582476
20230823093144540,6.23,6.23,6.245987300286767
20230823093144630,6.23,6.23,6.245987300286767
20230823093145560,6.23,6.23,6.245922072623419
20230823093145710,6.23,6.23,6.245922072623419
20230823093145730,6.23,6.23,6.245922072623419
20230823093145930,6.23,6.23,6.245922072623419
20230823093146100,6.23,6.23,6.245915579119086
20230823093146130,6.23,6.23,6.245915579119086
20230823093146150,6.23,6.23,6.245899368506824
20230823093146160,6.24,6.23,6.245653830726033
20230823093146200,6.24,6.23,6.245653830726033
20230823093146210,6.24,6.23,6.245653830726033
20230823093146290,6.24,6.23,6.245653830726033
20230823093146300,6.24,6.23,6.24564128256513
20230823093146320,6.24,6.23,6.24564128256513
20230823093146410,6.24,6.23,6.24564128256513
20230823093146440,6.24,6.23,6.24564128256513
20230823093146610,6.24,6.23,6.24564128256513
20230823093146670,6.24,6.23,6.24564128256513
20230823093147960,6.24,6.23,6.24564128256513
20230823093149230,6.24,6.22,6.2456318846384935
20230823093149400,6.24,6.22,6.245506153235411
20230823093149550,6.24,6.22,6.245506153235411
20230823093149740,6.24,6.23,6.245506153235411
20230823093149830,6.24,6.23,6.245506153235411
20230823093150200,6.24,6.23,6.245506153235411
20230823093150240,6.24,6.23,6.245506153235411
20230823093150340,6.24,6.23,6.245506153235411
20230823093151050,6.24,6.23,6.245506153235411
20230823093151180,6.24,6.23,6.245506153235411
20230823093151380,6.24,6.23,6.245506153235411
20230823093151750,6.24,6.23,6.245506153235411
20230823093151890,6.24,6.23,6.245414364640884
20230823093152410,6.24,6.23,6.245414364640884
20230823093152460,6.24,6.23,6.245414364640884
20230823093152470,6.24,6.23,6.245414364640884
20230823093152630,6.24,6.23,6.245396137169886
20230823093152650,6.24,6.23,6.245396137169886
20230823093152770,6.24,6.23,6.245396137169886
20230823093153030,6.24,6.23,6.245396137169886
20230823093153080,6.24,6.23,6.245396137169886
20230823093153120,6.24,6.23,6.245396137169886
20230823093153260,6.24,6.23,6.245396137169886
20230823093153280,6.24,6.23,6.245396137169886
20230823093153540,6.24,6.23,6.245396137169886
20230823093153700,6.24,6.23,6.245396137169886
20230823093153910,6.24,6.23,6.245393103448276
20230823093154520,6.24,6.23,6.245393103448276
20230823093154620,6.24,6.23,6.245393103448276
20230823093154650,6.24,6.23,6.245393103448276
20230823093154740,6.24,6.23,6.245390070921986
20230823093154780,6.24,6.23,6.245390070921986
20230823093155110,6.24,6.23,6.245390070921986
20230823093155360,6.24,6.23,6.245390070921986
20230823093155470,6.24,6.23,6.245390070921986
20230823093155540,6.24,6.23,6.245390070921986
20230823093155570,6.24,6.23,6.245390070921986
20230823093156040,6.24,6.23,6.245390070921986
20230823093156200,6.24,6.23,6.245390070921986
20230823093156240,6.24,6.23,6.245390070921986
20230823093156250,6.24,6.23,6.245390070921986
20230823093156420,6.24,6.23,6.245390070921986
20230823093156820,6.24,6.23,6.245390070921986
20230823093157540,6.24,6.23,6.245052023121387
20230823093157550,6.24,6.23,6.245052023121387
20230823093157700,6.24,6.23,6.245052023121387
20230823093157710,6.24,6.23,6.245052023121387
20230823093157730,6.24,6.23,6.245052023121387
20230823093157940,6.24,6.23,6.245052023121387
20230823093158570,6.24,6.23,6.245052023121387
20230823093158840,6.24,6.23,6.245052023121387
20230823093158880,6.24,6.23,6.245052023121387
20230823093158920,6.24,6.23,6.245052023121387
20230823093159120,6.24,6.23,6.245052023121387
20230823093159510,6.24,6.23,6.245052023121387
20230823093200480,6.24,6.23,6.245052023121387
20230823093200560,6.24,6.23,6.245052023121387
20230823093200730,6.24,6.23,6.245052023121387
20230823093200960,6.24,6.23,6.245052023121387
20230823093201080,6.24,6.23,6.245026850786345
20230823093201110,6.24,6.23,6.245026850786345
20230823093201150,6.24,6.23,6.245026850786345
20230823093201180,6.24,6.23,6.245026850786345
20230823093201190,6.24,6.23,6.245026850786345
20230823093201270,6.24,6.23,6.245026850786345
20230823093201340,6.24,6.23,6.245026850786345
20230823093201480,6.24,6.23,6.245026850786345
20230823093201780,6.24,6.23,6.245026850786345
20230823093201810,6.24,6.23,6.245026850786345
20230823093202010,6.24,6.23,6.245026850786345
20230823093202170,6.24,6.23,6.245026850786345
20230823093202350,6.24,6.23,6.245026850786345
20230823093202440,6.24,6.23,6.245026850786345
20230823093202720,6.24,6.23,6.245026850786345
20230823093203220,6.24,6.23,6.245026850786345
20230823093203280,6.24,6.23,6.245026850786345
20230823093203350,6.24,6.23,6.245026850786345
20230823093203600,6.24,6.23,6.245026850786345
20230823093204200,6.24,6.23,6.245026850786345
20230823093204470,6.24,6.23,6.245026850786345
20230823093204590,6.24,6.23,6.245026850786345
20230823093205410,6.24,6.23,6.245026850786345
20230823093205900,6.24,6.23,6.245026850786345
20230823093205960,6.24,6.23,6.245026850786345
20230823093206060,6.24,6.23,6.245026850786345
20230823093206230,6.24,6.23,6.245026850786345
20230823093206290,6.24,6.23,6.245026850786345
20230823093206520,6.24,6.23,6.245026850786345
20230823093206840,6.24,6.23,6.245026850786345
20230823093206960,6.24,6.23,6.245001914241961
20230823093206990,6.24,6.23,6.245001914241961
20230823093207480,6.24,6.23,6.245001914241961
20230823093207530,6.24,6.23,6.245001914241961
20230823093207570,6.24,6.23,6.245001914241961
20230823093207760,6.24,6.23,6.245001914241961
20230823093208030,6.24,6.23,6.244993303998469
20230823093208210,6.24,6.23,6.244993303998469
20230823093208880,6.24,6.23,6.244993303998469
20230823093209050,6.24,6.23,6.244993303998469
20230823093209690,6.24,6.23,6.244993303998469
20230823093209730,6.24,6.23,6.244993303998469
20230823093209830,6.24,6.23,6.244993303998469
20230823093209950,6.24,6.23,6.244993303998469
20230823093210030,6.24,6.23,6.244993303998469
20230823093210090,6.24,6.23,6.244963768115942
20230823093210530,6.24,6.23,6.244963768115942
20230823093210630,6.24,6.23,6.244963768115942
20230823093210660,6.24,6.23,6.244963768115942
20230823093210760,6.24,6.23,6.244963768115942
20230823093210970,6.24,6.23,6.24495337773549
20230823093211330,6.24,6.23,6.24495337773549
20230823093211770,6.24,6.23,6.24495337773549
20230823093211970,6.24,6.23,6.24495337773549
20230823093212050,6.24,6.23,6.244049704988378
20230823093212210,6.24,6.23,6.24402963756472
20230823093212230,6.24,6.23,6.243744971138709
20230823093212300,6.24,6.23,6.243744971138709
20230823093212390,6.24,6.23,6.243744971138709
20230823093212670,6.24,6.23,6.243744971138709
20230823093212940,6.24,6.23,6.243744971138709
20230823093212980,6.24,6.23,6.243744971138709
20230823093213080,6.24,6.23,6.243742567331235
20230823093213090,6.24,6.23,6.243737762237762
20230823093213110,6.24,6.23,6.2437281621243885
20230823093213160,6.24,6.23,6.243725764192139
20230823093213190,6.24,6.23,6.243725764192139
20230823093213200,6.24,6.23,6.243725764192139
20230823093213210,6.24,6.23,6.243725764192139
20230823093213220,6.24,6.23,6.243725764192139
20230823093213310,6.24,6.23,6.24370900209351
20230823093213350,6.24,6.23,6.24370900209351
20230823093213420,6.24,6.23,6.243611640394942
20230823093213480,6.24,6.23,6.243562305833621
20230823093213800,6.24,6.23,6.243562305833621
20230823093214070,6.24,6.23,6.243478559176673
20230823093214130,6.24,6.23,6.2433530805687205
20230823093214160,6.23,6.23,6.2433485617597295
20230823093214330,6.23,6.23,6.2433485617597295
20230823093214450,6.23,6.23,6.2433485617597295
20230823093214460,6.23,6.23,6.2433485617597295
20230823093214560,6.23,6.23,6.2433485617597295
20230823093214590,6.23,6.23,6.2433485617597295
20230823093214640,6.23,6.23,6.2433485617597295
20230823093214720,6.23,6.23,6.2433305170665765
20230823093214830,6.23,6.23,6.2433305170665765
20230823093214990,6.23,6.23,6.2433305170665765
20230823093215340,6.23,6.23,6.2433305170665765
20230823093215680,6.23,6.23,6.2433305170665765
20230823093215860,6.23,6.23,6.2433305170665765
20230823093215890,6.23,6.23,6.2433305170665765
20230823093216060,6.23,6.23,6.2433305170665765
20230823093216080,6.23,6.23,6.2432967774590855
20230823093216120,6.23,6.23,6.2432967774590855
20230823093216160,6.23,6.23,6.2432967774590855
20230823093216190,6.23,6.23,6.2432967774590855
20230823093216220,6.23,6.23,6.2432967774590855
20230823093216240,6.23,6.23,6.243269295584766
20230823093216250,6.23,6.23,6.243269295584766
20230823093216260,6.23,6.23,6.243269295584766
20230823093216300,6.23,6.23,6.243269295584766
20230823093216900,6.23,6.23,6.243269295584766
20230823093217030,6.23,6.23,6.243269295584766
20230823093217130,6.24,6.22,6.243187070842405
20230823093217170,6.24,6.22,6.243187070842405
20230823093217530,6.23,6.22,6.243187070842405
20230823093217630,6.24,6.22,6.2431650225714765
20230823093217930,6.24,6.22,6.2431650225714765
20230823093218060,6.24,6.22,6.243132088058706
20230823093218070,6.24,6.22,6.243132088058706
20230823093218160,6.24,6.22,6.2431012658227845
20230823093218200,6.24,6.22,6.2431012658227845
20230823093218270,6.24,6.22,6.2431012658227845
20230823093218290,6.24,6.22,6.2431012658227845
20230823093218300,6.24,6.22,6.2431012658227845
20230823093218390,6.24,6.22,6.2431012658227845
20230823093218600,6.23,6.22,6.2431012658227845
20230823093218680,6.23,6.22,6.2431012658227845
20230823093218830,6.23,6.22,6.2431012658227845
20230823093218880,6.23,6.22,6.2430969030969035
20230823093218930,6.23,6.22,6.2430969030969035
20230823093219090,6.23,6.22,6.2430969030969035
20230823093219300,6.23,6.22,6.243031809145129
20230823093219310,6.24,6.22,6.243010254713861
20230823093219430,6.24,6.22,6.243010254713861
20230823093219630,6.24,6.22,6.2430081031916655
20230823093219750,6.24,6.22,6.242994229183842
20230823093219780,6.24,6.22,6.242994229183842
20230823093219810,6.24,6.22,6.242994229183842
20230823093219890,6.24,6.22,6.242994229183842
20230823093219900,6.24,6.23,6.242994229183842
20230823093219910,6.24,6.22,6.242944170771757
20230823093220030,6.24,6.22,6.242944170771757
20230823093220050,6.24,6.22,6.242944170771757
20230823093220080,6.24,6.22,6.242944170771757
20230823093220140,6.24,6.22,6.242944170771757
20230823093220170,6.24,6.22,6.242912637272578
20230823093220250,6.23,6.22,6.242912637272578
20230823093220400,6.23,6.22,6.242912637272578
20230823093220420,6.23,6.22,6.242912637272578
20230823093220430,6.23,6.22,6.242912637272578
20230823093220440,6.23,6.22,6.242845236149698
20230823093220670,6.23,6.22,6.242845236149698
20230823093220860,6.23,6.22,6.2428305582762
20230823093221110,6.23,6.22,6.2428305582762
20230823093221150,6.23,6.22,6.2428305582762
20230823093221280,6.23,6.22,6.242808219178082
20230823093221310,6.23,6.22,6.242725210628645
20230823093221520,6.23,6.22,6.242725210628645
20230823093221580,6.23,6.22,6.242725210628645
20230823093221680,6.23,6.22,6.242704626334519
20230823093221830,6.23,6.22,6.242704626334519
20230823093221860,6.23,6.22,6.242704626334519
20230823093221890,6.23,6.22,6.242704626334519
20230823093222280,6.23,6.22,6.242704626334519
20230823093222790,6.23,6.22,6.242704626334519
20230823093222980,6.23,6.22,6.242704626334519
20230823093223000,6.23,6.22,6.242704626334519
20230823093223090,6.23,6.22,6.242678946518016
20230823093223170,6.23,6.22,6.242656451612903
20230823093223520,6.23,6.22,6.242656451612903
20230823093223820,6.23,6.22,6.242656451612903
20230823093223910,6.23,6.22,6.242656451612903
20230823093223920,6.23,6.22,6.242656451612903
20230823093224080,6.23,6.22,6.242656451612903
20230823093224770,6.23,6.22,6.242656451612903
20230823093224920,6.23,6.22,6.242656451612903
20230823093225000,6.23,6.22,6.242656451612903
20230823093225040,6.23,6.22,6.242656451612903
20230823093225230,6.23,6.22,6.242656451612903
20230823093225310,6.23,6.22,6.242656451612903
20230823093225740,6.23,6.22,6.242656451612903
20230823093225870,6.23,6.22,6.242656451612903
20230823093226110,6.23,6.22,6.24264421527554
20230823093226630,6.23,6.22,6.24264421527554
20230823093227540,6.23,6.22,6.24264421527554
20230823093227570,6.23,6.22,6.24264421527554
20230823093228010,6.23,6.22,6.2424437044085
20230823093228020,6.23,6.22,6.242345814977973
20230823093228080,6.23,6.22,6.242338785781692
20230823093228170,6.23,6.22,6.242338785781692
20230823093228190,6.23,6.22,6.242102396514161
20230823093228230,6.23,6.22,6.242081778606965
20230823093228330,6.23,6.22,6.242081778606965
20230823093228390,6.23,6.22,6.242081778606965
20230823093228760,6.23,6.22,6.242081778606965
20230823093228890,6.23,6.22,6.242081778606965
20230823093229080,6.23,6.22,6.242081778606965
20230823093229390,6.23,6.22,6.242044327340359
20230823093229830,6.23,6.22,6.242044327340359
20230823093229930,6.23,6.22,6.242044327340359
20230823093230000,6.23,6.22,6.242044327340359
20230823093231090,6.23,6.22,6.242030669144982
20230823093231270,6.23,6.22,6.242030669144982
20230823093231460,6.23,6.22,6.242006807983908
20230823093231470,6.23,6.22,6.242006807983908
20230823093231530,6.23,6.22,6.242006807983908
20230823093231650,6.23,6.22,6.242006807983908
20230823093231710,6.23,6.22,6.242006807983908
20230823093232140,6.23,6.22,6.241984555984556
20230823093232450,6.23,6.22,6.241984555984556
20230823093232600,6.23,6.22,6.241984555984556
20230823093232680,6.23,6.22,6.241984555984556
20230823093232890,6.23,6.22,6.241984555984556
20230823093232940,6.23,6.22,6.241984555984556
20230823093233740,6.23,6.22,6.2419811612106235
20230823093233880,6.23,6.22,6.2419811612106235
20230823093233990,6.23,6.22,6.2419811612106235
20230823093234090,6.23,6.22,6.241967592592593
20230823093234160,6.23,6.22,6.241967592592593
20230823093234220,6.23,6.22,6.241967592592593
20230823093234350,6.23,6.22,6.241967592592593
20230823093234420,6.23,6.22,6.241967592592593
20230823093234430,6.23,6.22,6.241967592592593
20230823093234540,6.23,6.22,6.241930769230769
20230823093234550,6.23,6.22,6.241930769230769
20230823093234640,6.23,6.22,6.241930769230769
20230823093234680,6.23,6.22,6.241930769230769
20230823093235790,6.23,6.22,6.241930769230769
20230823093236160,6.23,6.22,6.241930769230769
20230823093236180,6.23,6.22,6.241930769230769
20230823093236270,6.23,6.22,6.241894171779141
20230823093236490,6.23,6.22,6.241894171779141
20230823093236570,6.23,6.22,6.241894171779141
20230823093236610,6.23,6.22,6.241894171779141
20230823093236710,6.23,6.22,6.241894171779141
20230823093236880,6.23,6.22,6.241894171779141
20230823093237060,6.23,6.22,6.241894171779141
20230823093237590,6.23,6.22,6.241894171779141
20230823093237690,6.23,6.22,6.241892347799418
20230823093238200,6.23,6.22,6.241879595588236
20230823093238370,6.23,6.22,6.241879595588236
20230823093238500,6.23,6.22,6.241879595588236
20230823093238690,6.23,6.22,6.241879595588236
20230823093239080,6.23,6.22,6.241879595588236
20230823093239690,6.23,6.22,6.241870503597123
20230823093240020,6.23,6.22,6.241870503597123
20230823093240170,6.23,6.22,6.2416915422885575
20230823093240230,6.23,6.22,6.241688018085908
20230823093240290,6.23,6.22,6.241688018085908
20230823093240420,6.23,6.22,6.241688018085908
20230823093241220,6.23,6.22,6.241688018085908
20230823093241500,6.23,6.22,6.241688018085908
20230823093241530,6.23,6.22,6.241686256781193
20230823093241740,6.23,6.22,6.241686256781193
20230823093242030,6.23,6.22,6.241677458214125
20230823093242310,6.23,6.22,6.241677458214125
20230823093242330,6.23,6.22,6.241677458214125
20230823093242570,6.23,6.22,6.241659900766802
20230823093242850,6.23,6.22,6.241659900766802
20230823093243000,6.23,6.22,6.241659900766802
20230823093243120,6.23,6.22,6.241658147925436
20230823093243410,6.23,6.22,6.241606178764247
20230823093243480,6.23,6.22,6.241606178764247
20230823093243570,6.23,6.22,6.241606178764247
20230823093243890,6.23,6.22,6.241606178764247
20230823093243910,6.23,6.22,6.241606178764247
20230823093243970,6.23,6.22,6.241606178764247
20230823093244820,6.23,6.22,6.2416026986506745
20230823093245520,6.23,6.22,6.2416026986506745
20230823093245730,6.23,6.22,6.2414313146233384
20230823093246110,6.23,6.22,6.241421192443919
20230823093246150,6.23,6.22,6.241414454277286
20230823093246160,6.23,6.22,6.241414454277286
20230823093246170,6.23,6.22,6.241414454277286
20230823093246460,6.24,6.23,6.241222447795824
20230823093246480,6.24,6.23,6.241185142361613
20230823093246740,6.24,6.23,6.241185142361613
20230823093246750,6.24,6.23,6.241185142361613
20230823093246860,6.24,6.23,6.241185142361613
20230823093247380,6.24,6.23,6.241185142361613
20230823093247470,6.24,6.23,6.241185142361613
20230823093247650,6.24,6.23,6.241165776944164
20230823093247800,6.24,6.23,6.241165776944164
20230823093247850,6.24,6.23,6.241165776944164
20230823093248170,6.24,6.23,6.241165776944164
20230823093248730,6.24,6.23,6.241154511386567
20230823093248740,6.24,6.23,6.241154511386567
20230823093248770,6.24,6.23,6.241154511386567
20230823093248920,6.24,6.23,6.241154511386567
20230823093248970,6.24,6.23,6.241120850696939
20230823093249050,6.24,6.23,6.241120850696939
20230823093249070,6.24,6.23,6.241088981229402
20230823093249080,6.23,6.22,6.24106994707481
20230823093249120,6.23,6.22,6.241036846615253
20230823093249130,6.23,6.22,6.241036846615253
20230823093249150,6.23,6.22,6.241036846615253
20230823093249160,6.23,6.22,6.241036846615253
20230823093249310,6.23,6.22,6.241036846615253
20230823093249390,6.23,6.22,6.241014823261118
20230823093249590,6.23,6.22,6.241011684240524
20230823093249640,6.23,6.22,6.241010115401054
20230823093249670,6.23,6.22,6.241010115401054
20230823093249700,6.23,6.22,6.241010115401054
20230823093249710,6.23,6.22,6.241010115401054
20230823093249780,6.23,6.22,6.241010115401054
20230823093250100,6.23,6.22,6.241010115401054
20230823093250200,6.23,6.22,6.241010115401054
20230823093250550,6.23,6.22,6.241010115401054
20230823093250700,6.23,6.22,6.241010115401054
20230823093250770,6.23,6.22,6.241010115401054
20230823093250780,6.23,6.22,6.241008547008547
20230823093251060,6.23,6.22,6.241005411563657
20230823093251080,6.23,6.22,6.241005411563657
20230823093251100,6.23,6.22,6.241005411563657
20230823093251110,6.23,6.22,6.241005411563657
20230823093251120,6.23,6.22,6.241005411563657
20230823093251580,6.23,6.22,6.241005411563657
20230823093251710,6.23,6.22,6.241005411563657
20230823093251780,6.23,6.22,6.241005411563657
20230823093251830,6.23,6.22,6.241005411563657
20230823093252330,6.23,6.22,6.241005411563657
20230823093252470,6.23,6.22,6.241005411563657
20230823093252490,6.23,6.22,6.241005411563657
20230823093252690,6.23,6.22,6.241005411563657
20230823093252720,6.23,6.22,6.241005411563657
20230823093252810,6.23,6.22,6.240850884582982
20230823093252850,6.24,6.23,6.240779746129167
20230823093252930,6.24,6.23,6.240779746129167
20230823093252940,6.24,6.23,6.240779746129167
20230823093252990,6.24,6.23,6.240779746129167
20230823093253100,6.24,6.23,6.240779746129167
20230823093253190,6.24,6.23,6.240779746129167
20230823093253230,6.24,6.23,6.240779746129167
20230823093253490,6.24,6.23,6.240779746129167
20230823093253910,6.24,6.23,6.240778242677824
20230823093253970,6.24,6.23,6.240778242677824
20230823093254590,6.24,6.23,6.240778242677824
20230823093254720,6.24,6.23,6.240778242677824
20230823093254740,6.24,6.23,6.240769230769231
20230823093255040,6.24,6.23,6.240769230769231
20230823093255070,6.23,6.23,6.240751252086811
20230823093255080,6.23,6.22,6.2407253022092535
20230823093255090,6.23,6.22,6.2407253022092535
20230823093255100,6.23,6.22,6.2407253022092535
20230823093255170,6.23,6.22,6.2407253022092535
20230823093255180,6.23,6.22,6.2407253022092535
20230823093255220,6.23,6.22,6.2407253022092535
20230823093255230,6.23,6.22,6.2407253022092535
20230823093255250,6.23,6.22,6.240695579880837
20230823093255490,6.23,6.22,6.240695579880837
20230823093255910,6.23,6.22,6.240695579880837
20230823093256100,6.23,6.22,6.240692712662788
20230823093256470,6.23,6.22,6.240692712662788
20230823093256640,6.23,6.22,6.240692712662788
20230823093256750,6.23,6.22,6.240669062759193
20230823093256830,6.23,6.22,6.240669062759193
20230823093257300,6.23,6.22,6.24063964709126
20230823093257410,6.23,6.22,6.2406162310866575
20230823093257550,6.23,6.22,6.2406162310866575
20230823093257930,6.23,6.22,6.2406162310866575
20230823093258080,6.23,6.22,6.240610393181194
20230823093258170,6.23,6.22,6.240610393181194
20230823093258440,6.23,6.22,6.240610393181194
20230823093258450,6.23,6.22,6.240610393181194
20230823093259260,6.23,6.22,6.240610393181194
20230823093259290,6.23,6.22,6.240610393181194
20230823093259370,6.23,6.22,6.240610393181194
20230823093259390,6.23,6.22,6.240610393181194
20230823093259670,6.23,6.22,6.240610393181194
20230823093300050,6.23,6.22,6.240610393181194
20230823093300130,6.23,6.22,6.240610393181194
20230823093300140,6.23,6.22,6.240610393181194
20230823093300240,6.23,6.22,6.240610393181194
20230823093300250,6.23,6.22,6.240610393181194
20230823093300260,6.23,6.22,6.240590010976948
20230823093300270,6.23,6.22,6.240590010976948
20230823093300490,6.23,6.22,6.240590010976948
20230823093300510,6.23,6.22,6.240590010976948
20230823093300910,6.23,6.22,6.240590010976948
20230823093301090,6.23,6.22,6.240587186170942
20230823093301110,6.23,6.22,6.240587186170942
20230823093301170,6.23,6.22,6.240587186170942
20230823093301400,6.23,6.22,6.240587186170942
20230823093301520,6.23,6.22,6.240587186170942
20230823093302120,6.23,6.22,6.240587186170942
20230823093302380,6.23,6.22,6.240587186170942
20230823093302440,6.23,6.22,6.240587186170942
20230823093302990,6.23,6.22,6.240587186170942
20230823093303460,6.23,6.22,6.240587186170942
20230823093303710,6.23,6.22,6.240587186170942
20230823093303740,6.23,6.22,6.240587186170942
20230823093303780,6.23,6.22,6.240587186170942
20230823093303840,6.23,6.22,6.240587186170942
20230823093303860,6.23,6.22,6.240587186170942
20230823093304080,6.23,6.22,6.240587186170942
20230823093304150,6.23,6.22,6.24057557900507
20230823093304230,6.23,6.22,6.24057557900507
20230823093304390,6.23,6.22,6.24057557900507
20230823093304410,6.23,6.22,6.24057557900507
20230823093304590,6.23,6.22,6.24057557900507
20230823093304610,6.23,6.22,6.24057557900507
20230823093304850,6.23,6.22,6.240503606914387
20230823093305300,6.23,6.22,6.240503606914387
20230823093305600,6.23,6.22,6.240503606914387
20230823093305780,6.23,6.22,6.240503606914387
20230823093305940,6.23,6.22,6.240503606914387
20230823093306000,6.23,6.22,6.240503606914387
20230823093306290,6.23,6.22,6.240503606914387
20230823093306730,6.23,6.22,6.240503606914387
20230823093307040,6.23,6.22,6.240503606914387
20230823093307210,6.23,6.22,6.240503606914387
20230823093307490,6.23,6.22,6.240503606914387
20230823093307690,6.23,6.22,6.240503606914387
20230823093307910,6.23,6.22,6.240502177463255
20230823093308020,6.23,6.22,6.240491022850925
20230823093308080,6.23,6.22,6.240485318107667
20230823093308090,6.23,6.22,6.2404540525887775
20230823093308110,6.23,6.22,6.240451219512195
20230823093308120,6.23,6.23,6.24043566499797
20230823093308130,6.23,6.23,6.24043566499797
20230823093308140,6.23,6.23,6.24043566499797
20230823093308150,6.23,6.23,6.24043566499797
20230823093308180,6.23,6.23,6.24043566499797
20230823093308290,6.23,6.23,6.24043566499797
20230823093310070,6.23,6.23,6.2404314308899105
20230823093310100,6.23,6.23,6.2404314308899105
20230823093310170,6.23,6.23,6.2404314308899105
20230823093310200,6.23,6.23,6.2404314308899105
20230823093310270,6.23,6.23,6.2404314308899105
20230823093310300,6.23,6.23,6.2404314308899105
20230823093310330,6.23,6.23,6.2404314308899105
20230823093310370,6.23,6.23,6.2404314308899105
20230823093310460,6.23,6.23,6.2404314308899105
20230823093310670,6.23,6.23,6.2404314308899105
20230823093310760,6.23,6.23,6.2404314308899105
20230823093310890,6.23,6.23,6.2404314308899105
20230823093310940,6.23,6.23,6.2404314308899105
20230823093311430,6.23,6.23,6.2404314308899105
20230823093311700,6.23,6.23,6.2404314308899105
20230823093311940,6.23,6.23,6.2404314308899105
20230823093312340,6.23,6.23,6.2404314308899105
20230823093312490,6.23,6.23,6.2404314308899105
20230823093312840,6.23,6.23,6.2404314308899105
20230823093313200,6.23,6.23,6.2404314308899105
20230823093313910,6.23,6.23,6.2404314308899105
20230823093314190,6.23,6.23,6.2404314308899105
20230823093314210,6.23,6.23,6.2404314308899105
20230823093314740,6.23,6.23,6.240430020283975
20230823093315090,6.23,6.23,6.240430020283975
20230823093315150,6.23,6.23,6.240430020283975
20230823093315450,6.23,6.23,6.240430020283975
20230823093315500,6.23,6.23,6.240430020283975
20230823093315660,6.23,6.23,6.240430020283975
20230823093315750,6.23,6.23,6.240430020283975
20230823093315910,6.23,6.23,6.240430020283975
20230823093315940,6.23,6.23,6.240430020283975
20230823093316090,6.23,6.23,6.240430020283975
20230823093316130,6.23,6.23,6.240430020283975
20230823093316250,6.23,6.23,6.240430020283975
20230823093316330,6.23,6.23,6.240430020283975
20230823093316470,6.23,6.23,6.240430020283975
20230823093316480,6.23,6.23,6.240430020283975
20230823093316710,6.23,6.23,6.240290860573716
20230823093317080,6.23,6.23,6.240290860573716
20230823093317090,6.23,6.23,6.240290860573716
20230823093317220,6.23,6.23,6.240290860573716
20230823093317400,6.23,6.23,6.240290860573716
20230823093317430,6.23,6.23,6.240290860573716
20230823093317450,6.23,6.23,6.240290860573716
20230823093317580,6.23,6.23,6.240290860573716
20230823093317740,6.23,6.23,6.240290860573716
20230823093317910,6.23,6.23,6.240290860573716
20230823093318030,6.23,6.23,6.240290860573716
20230823093318180,6.23,6.23,6.240290860573716
20230823093318200,6.23,6.23,6.240290860573716
20230823093318340,6.23,6.23,6.240290860573716
20230823093318370,6.23,6.23,6.240290860573716
20230823093318520,6.23,6.23,6.240290860573716
20230823093318610,6.23,6.23,6.240290860573716
20230823093318730,6.23,6.23,6.240290860573716
20230823093319350,6.23,6.23,6.240290860573716
20230823093319460,6.23,6.23,6.240290860573716
20230823093320010,6.23,6.23,6.240289487726788
20230823093320140,6.23,6.23,6.240289487726788
20230823093320370,6.23,6.23,6.240289487726788
20230823093320550,6.23,6.23,6.240289487726788
20230823093320790,6.23,6.23,6.240289487726788
20230823093320840,6.23,6.23,6.240289487726788
20230823093321010,6.23,6.23,6.240289487726788
20230823093321430,6.23,6.23,6.240289487726788
20230823093321480,6.23,6.23,6.240289487726788
20230823093321590,6.23,6.23,6.240289487726788
20230823093321700,6.23,6.23,6.240289487726788
20230823093321750,6.23,6.23,6.240289487726788
20230823093322020,6.23,6.23,6.240289487726788
20230823093322150,6.23,6.23,6.240289487726788
20230823093322210,6.23,6.23,6.240289487726788
20230823093322350,6.23,6.23,6.240289487726788
20230823093322380,6.23,6.23,6.240289487726788
20230823093322600,6.23,6.23,6.240289487726788
20230823093322730,6.23,6.23,6.240289487726788
20230823093322750,6.23,6.23,6.240289487726788
20230823093322790,6.23,6.23,6.240289487726788
20230823093322850,6.23,6.23,6.240289487726788
20230823093323040,6.23,6.23,6.240289487726788
20230823093323430,6.23,6.23,6.240289487726788
20230823093323710,6.23,6.23,6.240289487726788
20230823093323760,6.23,6.23,6.240289487726788
20230823093324060,6.23,6.23,6.240289487726788
20230823093324120,6.23,6.23,6.240289487726788
20230823093324150,6.23,6.23,6.240289487726788
20230823093324190,6.23,6.23,6.240289487726788
20230823093324410,6.23,6.23,6.240289487726788
20230823093324890,6.23,6.23,6.240289487726788
20230823093325110,6.23,6.23,6.240289487726788
20230823093325120,6.23,6.23,6.240289487726788
20230823093325130,6.23,6.23,6.240289487726788
20230823093325160,6.23,6.23,6.240289487726788
20230823093325190,6.23,6.23,6.240289487726788
20230823093325250,6.23,6.23,6.2402881040892195
20230823093325300,6.23,6.23,6.2402881040892195
20230823093325330,6.23,6.23,6.2402881040892195
20230823093325480,6.23,6.23,6.2402881040892195
20230823093325490,6.23,6.23,6.2402881040892195
20230823093325810,6.23,6.23,6.2402881040892195
20230823093326050,6.23,6.23,6.2402881040892195
20230823093326320,6.23,6.23,6.2402881040892195
20230823093326610,6.23,6.23,6.2402881040892195
20230823093326780,6.23,6.23,6.2402881040892195
20230823093327360,6.23,6.24,6.2402881040892195
20230823093327550,6.23,6.24,6.2402881040892195
20230823093327650,6.23,6.24,6.2402881040892195
20230823093327690,6.23,6.23,6.24028400796284
20230823093327740,6.23,6.23,6.24028400796284
20230823093327840,6.23,6.23,6.24028400796284
20230823093327870,6.23,6.23,6.24028400796284
20230823093327920,6.23,6.23,6.24028400796284
20230823093328560,6.23,6.23,6.24028400796284
20230823093328700,6.23,6.23,6.24028400796284
20230823093329000,6.23,6.23,6.24028400796284
20230823093329190,6.23,6.23,6.24028400796284
20230823093329290,6.23,6.23,6.24028400796284
20230823093329450,6.23,6.23,6.24028400796284
20230823093329460,6.23,6.23,6.24027446300716
20230823093329680,6.23,6.23,6.24027446300716
20230823093330530,6.23,6.23,6.24027446300716
20230823093330720,6.23,6.23,6.24027446300716
20230823093330900,6.23,6.23,6.24027446300716
20230823093331000,6.23,6.23,6.24027446300716
20230823093331180,6.23,6.23,6.24027446300716
20230823093331200,6.23,6.23,6.240274426620708
20230823093331220,6.23,6.23,6.240274426620708
20230823093331290,6.23,6.23,6.240274426620708
20230823093331460,6.23,6.23,6.240274426620708
20230823093331480,6.23,6.23,6.240274426620708
20230823093331880,6.23,6.23,6.240274426620708
20230823093332480,6.23,6.23,6.240274426620708
20230823093332930,6.23,6.23,6.240274426620708
20230823093332980,6.23,6.23,6.240274426620708
20230823093333060,6.23,6.23,6.240274426620708
20230823093333090,6.23,6.23,6.240274426620708
20230823093333230,6.23,6.23,6.240274426620708
20230823093333420,6.23,6.23,6.240274426620708
20230823093333730,6.23,6.23,6.240274426620708
20230823093333930,6.23,6.23,6.240274426620708
20230823093334070,6.23,6.23,6.240274426620708
20230823093334130,6.23,6.23,6.240273064687169
20230823093334200,6.23,6.23,6.240273064687169
20230823093334330,6.23,6.23,6.240273064687169
20230823093335050,6.23,6.23,6.240273064687169
20230823093335280,6.23,6.23,6.240273064687169
20230823093335390,6.23,6.23,6.240273064687169
20230823093335640,6.23,6.23,6.240273064687169
20230823093335850,6.23,6.23,6.240273064687169
20230823093336030,6.23,6.23,6.240273064687169
20230823093336320,6.23,6.23,6.240273064687169
20230823093336340,6.23,6.23,6.240273064687169
20230823093336450,6.23,6.23,6.240273064687169
20230823093336710,6.23,6.23,6.240273064687169
20230823093336720,6.23,6.23,6.240273064687169
20230823093336900,6.23,6.23,6.240273064687169
20230823093337220,6.23,6.23,6.240273064687169
20230823093337230,6.23,6.23,6.240273064687169
20230823093337930,6.23,6.23,6.240273064687169
20230823093338190,6.23,6.23,6.240273064687169
20230823093338910,6.23,6.23,6.240273064687169
20230823093338930,6.23,6.23,6.240273064687169
20230823093338960,6.23,6.23,6.240273064687169
20230823093338980,6.23,6.23,6.240273064687169
20230823093339030,6.23,6.23,6.240273064687169
20230823093339210,6.23,6.23,6.240273064687169
20230823093339310,6.23,6.23,6.240273064687169
20230823093339840,6.23,6.23,6.240273064687169
20230823093339950,6.23,6.23,6.240273064687169
20230823093340300,6.23,6.23,6.240273064687169
20230823093340530,6.24,6.23,6.24026949241235
20230823093341210,6.24,6.23,6.24026949241235
20230823093341220,6.24,6.23,6.24026949241235
20230823093341230,6.24,6.24,6.24024789410349
20230823093341240,6.24,6.24,6.24024789410349
20230823093341270,6.24,6.24,6.24024789410349
20230823093341280,6.24,6.24,6.24024789410349
20230823093341290,6.24,6.24,6.24024789410349
20230823093341350,6.24,6.24,6.24024789410349
20230823093341390,6.24,6.24,6.24024789410349
20230823093341660,6.24,6.24,6.24024789410349
20230823093341690,6.24,6.24,6.24024789410349
20230823093341750,6.24,6.24,6.240259615384615
20230823093342400,6.24,6.24,6.240259615384615
20230823093342500,6.24,6.24,6.240259615384615
20230823093342830,6.24,6.24,6.240259615384615
20230823093343010,6.24,6.24,6.240308538627123
20230823093343080,6.24,6.25,6.240308538627123
20230823093343090,6.24,6.25,6.240308538627123
20230823093343100,6.24,6.25,6.240308538627123
20230823093343110,6.24,6.25,6.240308538627123
20230823093343140,6.24,6.25,6.240308538627123
20230823093343170,6.24,6.25,6.240308538627123
20230823093343210,6.24,6.25,6.240322426558395
20230823093343230,6.24,6.25,6.240337426970311
20230823093343240,6.24,6.25,6.240340882002384
20230823093343320,6.24,6.25,6.240340882002384
20230823093343420,6.24,6.25,6.240340882002384
20230823093343780,6.24,6.25,6.240340882002384
20230823093344050,6.24,6.25,6.240340882002384
20230823093344070,6.24,6.25,6.240340882002384
20230823093344350,6.24,6.25,6.240340882002384
20230823093344390,6.24,6.25,6.240394690055707
20230823093344400,6.25,6.25,6.240399241795996
20230823093344470,6.25,6.25,6.240417405699421
20230823093344480,6.25,6.25,6.240417405699421
20230823093344500,6.25,6.25,6.240421935941378
20230823093344510,6.25,6.25,6.240421935941378
20230823093344520,6.25,6.25,6.240421935941378
20230823093344580,6.25,6.25,6.240421935941378
20230823093344690,6.25,6.25,6.240421935941378
20230823093344800,6.25,6.25,6.240421935941378
20230823093344830,6.25,6.25,6.240421935941378
20230823093344910,6.25,6.25,6.240421935941378
20230823093345020,6.25,6.25,6.240421935941378
20230823093345050,6.25,6.25,6.240421935941378
20230823093345100,6.25,6.25,6.240421935941378
20230823093345160,6.25,6.25,6.2404309835872
20230823093345170,6.25,6.25,6.240430678466077
20230823093345440,6.25,6.25,6.240430678466077
20230823093345450,6.25,6.25,6.240430678466077
20230823093345520,6.25,6.25,6.240430678466077
20230823093345630,6.25,6.25,6.240430678466077
20230823093345730,6.25,6.25,6.240430678466077
20230823093345740,6.25,6.25,6.240430678466077
20230823093345820,6.25,6.25,6.240430678466077
20230823093345850,6.25,6.25,6.240430678466077
20230823093346000,6.25,6.25,6.240430678466077
20230823093346020,6.25,6.25,6.240430678466077
20230823093346070,6.25,6.25,6.240430678466077
20230823093346090,6.25,6.25,6.240430678466077
20230823093346190,6.25,6.25,6.240430678466077
20230823093346200,6.25,6.25,6.240430678466077
20230823093346220,6.25,6.25,6.240430678466077
20230823093346230,6.25,6.25,6.240430678466077
20230823093346440,6.25,6.25,6.240430678466077
20230823093346640,6.25,6.25,6.240436320754717
20230823093346690,6.25,6.25,6.240447585394582
20230823093346710,6.25,6.25,6.240447585394582
20230823093346750,6.25,6.25,6.240447585394582
20230823093347260,6.25,6.25,6.240447585394582
20230823093347460,6.25,6.25,6.240447585394582
20230823093347470,6.25,6.25,6.240447585394582
20230823093347540,6.25,6.25,6.240447585394582
20230823093347820,6.25,6.25,6.240480554576431
20230823093347830,6.25,6.25,6.240480554576431
20230823093347840,6.25,6.25,6.2404804981203
20230823093348240,6.25,6.25,6.2404804981203
20230823093348250,6.25,6.25,6.2404804981203
20230823093348390,6.25,6.25,6.2404804981203
20230823093348420,6.25,6.24,6.240480328831474
20230823093348470,6.25,6.24,6.240482564283198
20230823093348580,6.25,6.24,6.240482564283198
20230823093348740,6.25,6.24,6.240482564283198
20230823093348750,6.25,6.24,6.240482564283198
20230823093348770,6.25,6.24,6.240482564283198
20230823093348910,6.25,6.24,6.24049929676512
20230823093349120,6.25,6.24,6.24049929676512
20230823093349240,6.25,6.24,6.240500410172272
20230823093349290,6.25,6.24,6.240500410172272
20230823093349320,6.25,6.24,6.240500410172272
20230823093349340,6.25,6.24,6.240500410172272
20230823093349370,6.25,6.24,6.240500410172272
20230823093349540,6.25,6.24,6.240500410172272
20230823093349600,6.25,6.24,6.240508196721311
20230823093350550,6.25,6.24,6.240508196721311
20230823093350760,6.25,6.24,6.240508196721311
20230823093350800,6.25,6.24,6.240508196721311
20230823093350890,6.25,6.24,6.2405170800187175
20230823093351070,6.25,6.24,6.240523731587562
20230823093351080,6.25,6.24,6.240523731587562
20230823093351190,6.25,6.24,6.240523670368206
20230823093351210,6.25,6.24,6.240523670368206
20230823093351370,6.25,6.24,6.240523670368206
20230823093351380,6.25,6.24,6.240523670368206
20230823093351390,6.25,6.24,6.240523670368206
20230823093351420,6.25,6.24,6.240523670368206
20230823093351510,6.25,6.24,6.240523670368206
20230823093351610,6.25,6.25,6.240529205607476
20230823093351650,6.25,6.25,6.240529205607476
20230823093351730,6.25,6.25,6.240536944087778
20230823093351760,6.25,6.25,6.240536944087778
20230823093351810,6.25,6.25,6.240550565729616
20230823093351980,6.25,6.25,6.240577751892836
20230823093352010,6.25,6.25,6.240595833818224
20230823093352020,6.25,6.25,6.240595833818224
20230823093352070,6.25,6.24,6.240602395627398
20230823093352080,6.25,6.25,6.240602395627398
20230823093352170,6.25,6.25,6.240603488372093
20230823093352210,6.25,6.25,6.240604580862691
20230823093352280,6.25,6.25,6.240604580862691
20230823093352370,6.25,6.24,6.240606765081949
20230823093352380,6.25,6.24,6.240606765081949
20230823093352390,6.25,6.24,6.240606765081949
20230823093352400,6.25,6.24,6.240606765081949
20230823093352460,6.25,6.24,6.240606765081949
20230823093352490,6.25,6.24,6.240615491812798
20230823093352810,6.25,6.24,6.240615491812798
20230823093352910,6.25,6.24,6.2406154203437065
20230823093353070,6.25,6.24,6.2406154203437065
20230823093353250,6.25,6.24,6.2406154203437065
20230823093353320,6.25,6.24,6.24065964587432
20230823093353450,6.25,6.24,6.24065964587432
20230823093353750,6.25,6.24,6.240677534975141
20230823093354100,6.25,6.24,6.240677534975141
20230823093354240,6.25,6.24,6.240677534975141
20230823093354290,6.25,6.24,6.240677534975141
20230823093354300,6.25,6.24,6.240683997689197
20230823093354380,6.25,6.24,6.240701835391897
20230823093354460,6.25,6.24,6.240701835391897
20230823093354470,6.25,6.24,6.240696848137536
20230823093354490,6.25,6.24,6.240696848137536
20230823093354540,6.25,6.24,6.2407145310889724
20230823093354730,6.25,6.24,6.2407145310889724
20230823093354770,6.25,6.24,6.2407145310889724
20230823093354800,6.25,6.24,6.2407145310889724
20230823093355050,6.25,6.24,6.2407145310889724
20230823093355060,6.25,6.25,6.240741036766385
20230823093355080,6.25,6.25,6.240741036766385
20230823093355310,6.25,6.25,6.240741036766385
20230823093355480,6.25,6.25,6.240741036766385
20230823093355500,6.25,6.25,6.240752025562022
20230823093355540,6.25,6.25,6.240752025562022
20230823093355600,6.25,6.25,6.240752025562022
20230823093355870,6.25,6.25,6.240752025562022
20230823093356430,6.25,6.25,6.240752025562022
20230823093356520,6.25,6.25,6.240758353289999
20230823093356580,6.25,6.25,6.240758353289999
20230823093357470,6.25,6.25,6.240758353289999
20230823093357490,6.25,6.25,6.240759407069556
20230823093357500,6.25,6.25,6.240764672364673
20230823093357620,6.25,6.25,6.240764672364673
20230823093357780,6.25,6.25,6.240764672364673
20230823093358080,6.25,6.24,6.240776234919189
20230823093358090,6.25,6.24,6.240776234919189
20230823093358230,6.25,6.24,6.240776234919189
20230823093358280,6.25,6.24,6.240776234919189
20230823093358330,6.25,6.24,6.240776234919189
20230823093358370,6.25,6.24,6.240776234919189
20230823093358380,6.25,6.24,6.240776234919189
20230823093358440,6.25,6.24,6.240776234919189
20230823093358650,6.25,6.24,6.240786721236926
20230823093358750,6.25,6.24,6.240786721236926
20230823093358950,6.25,6.24,6.240786721236926
20230823093359220,6.25,6.24,6.240786721236926
20230823093359250,6.25,6.24,6.240786721236926
20230823093400160,6.25,6.24,6.240786721236926
20230823093400240,6.25,6.25,6.240830504639058
20230823093400380,6.25,6.25,6.240830504639058
20230823093400550,6.25,6.25,6.240830504639058
20230823093400580,6.25,6.25,6.240830504639058
20230823093400830,6.25,6.25,6.240830504639058
20230823093401050,6.25,6.25,6.240830504639058
20230823093401070,6.25,6.25,6.240835689245731
20230823093401080,6.25,6.25,6.240835689245731
20230823093401160,6.25,6.25,6.240835689245731
20230823093401170,6.25,6.25,6.240835689245731
20230823093401180,6.25,6.25,6.240836725463591
20230823093401220,6.25,6.25,6.240836725463591
20230823093401430,6.25,6.25,6.240836725463591
20230823093402290,6.25,6.25,6.240836725463591
20230823093402320,6.25,6.25,6.240842937853107
20230823093402390,6.25,6.25,6.240842937853107
20230823093402530,6.25,6.25,6.240842937853107
20230823093402690,6.25,6.25,6.240842937853107
20230823093403010,6.25,6.25,6.240842937853107
20230823093403050,6.25,6.25,6.240842937853107
20230823093403240,6.25,6.25,6.240848108413326
20230823093403250,6.25,6.25,6.240848108413326
20230823093403320,6.25,6.25,6.240848108413326
20230823093403530,6.25,6.25,6.240848108413326
20230823093403580,6.25,6.25,6.24085430538314
20230823093403590,6.25,6.25,6.240856369175223
20230823093403780,6.25,6.25,6.240856369175223
20230823093403960,6.25,6.25,6.240857400722022
20230823093404080,6.25,6.24,6.240889263631254
20230823093404150,6.25,6.24,6.240889263631254
20230823093404160,6.25,6.24,6.240889263631254
20230823093404170,6.25,6.24,6.240889263631254
20230823093404230,6.25,6.24,6.240889263631254
20230823093404240,6.25,6.24,6.240889263631254
20230823093404250,6.25,6.24,6.240889263631254
20230823093404590,6.25,6.25,6.240889263631254
20230823093404780,6.25,6.25,6.240889263631254
20230823093404800,6.25,6.25,6.240889263631254
20230823093404890,6.25,6.25,6.240889263631254
20230823093405220,6.25,6.25,6.240889263631254
20230823093405230,6.25,6.25,6.240889263631254
20230823093405620,6.25,6.25,6.240889263631254
20230823093405810,6.25,6.25,6.240889263631254
20230823093405820,6.25,6.25,6.240889263631254
20230823093406280,6.25,6.25,6.240889263631254
20230823093406300,6.25,6.25,6.240889263631254
20230823093406540,6.25,6.25,6.240889263631254
20230823093406700,6.25,6.25,6.240889263631254
20230823093406970,6.25,6.25,6.240889263631254
20230823093407160,6.25,6.25,6.240889263631254
20230823093407190,6.25,6.25,6.240889263631254
20230823093407240,6.25,6.25,6.240889263631254
20230823093407250,6.25,6.25,6.240889263631254
20230823093408030,6.25,6.25,6.24089233535626
20230823093408170,6.25,6.25,6.24089233535626
20230823093408490,6.25,6.25,6.24089233535626
20230823093408540,6.25,6.25,6.24089233535626
20230823093408740,6.25,6.25,6.24089233535626
20230823093408790,6.25,6.25,6.2408944825261266
20230823093410170,6.25,6.25,6.2408944825261266
20230823093410190,6.25,6.25,6.2408944825261266
20230823093410210,6.25,6.25,6.2408944825261266
20230823093410350,6.25,6.25,6.2408944825261266
20230823093410570,6.25,6.25,6.2408944825261266
20230823093411340,6.25,6.25,6.2408944825261266
20230823093412090,6.25,6.25,6.240898573514546
20230823093412100,6.25,6.25,6.240898573514546
20230823093412150,6.25,6.25,6.240899595687331
20230823093412490,6.25,6.25,6.240899595687331
20230823093412550,6.25,6.25,6.240899595687331
20230823093412580,6.25,6.25,6.240899595687331
20230823093412590,6.25,6.25,6.241321106962443
20230823093412620,6.25,6.25,6.241321106962443
20230823093412720,6.25,6.25,6.241321106962443
20230823093413040,6.25,6.25,6.241321106962443
20230823093413220,6.25,6.25,6.241321106962443
20230823093413230,6.25,6.25,6.241321106962443
20230823093413380,6.25,6.25,6.241321106962443
20230823093413400,6.25,6.25,6.241321106962443
20230823093413520,6.25,6.25,6.241321106962443
20230823093413730,6.25,6.25,6.241321106962443
20230823093413740,6.25,6.25,6.241321106962443
20230823093413760,6.25,6.25,6.241321106962443
20230823093413780,6.25,6.25,6.241321106962443
20230823093413990,6.25,6.25,6.241321106962443
20230823093414210,6.25,6.25,6.241321106962443
20230823093414540,6.25,6.25,6.241321106962443
20230823093414580,6.25,6.25,6.241321106962443
20230823093415030,6.25,6.25,6.241321106962443
20230823093415060,6.25,6.25,6.241321106962443
20230823093415490,6.25,6.25,6.241321106962443
20230823093415740,6.25,6.25,6.241321106962443
20230823093416000,6.25,6.25,6.241321106962443
20230823093416270,6.25,6.25,6.241321106962443
20230823093416490,6.25,6.25,6.241321106962443
20230823093416780,6.25,6.25,6.241323965309035
20230823093416900,6.25,6.25,6.241323965309035
20230823093416940,6.25,6.25,6.241323965309035
20230823093417320,6.25,6.25,6.241323965309035
20230823093417510,6.25,6.25,6.241323965309035
20230823093417530,6.25,6.25,6.241323965309035
20230823093417770,6.25,6.25,6.241323965309035
20230823093417780,6.25,6.25,6.241323965309035
20230823093417810,6.25,6.25,6.241323965309035
20230823093418210,6.25,6.25,6.241330627468188
20230823093418250,6.25,6.25,6.241330627468188
20230823093418410,6.25,6.25,6.241330627468188
20230823093418760,6.25,6.25,6.241330627468188
20230823093418780,6.25,6.25,6.241333479548196
20230823093418880,6.25,6.25,6.241345816907578
20230823093418940,6.25,6.25,6.241345816907578
20230823093418960,6.25,6.25,6.241345816907578
20230823093418970,6.25,6.25,6.241345816907578
20230823093419040,6.25,6.25,6.241349901467046
20230823093419050,6.25,6.25,6.241349901467046
20230823093419180,6.25,6.25,6.241349901467046
20230823093419200,6.25,6.25,6.241349901467046
20230823093419420,6.25,6.25,6.241349901467046
20230823093419570,6.25,6.25,6.241349901467046
20230823093419950,6.25,6.25,6.241349901467046
20230823093420840,6.25,6.25,6.241349901467046
20230823093421030,6.25,6.25,6.241349901467046
20230823093421320,6.25,6.25,6.241349901467046
20230823093421440,6.25,6.25,6.241349901467046
20230823093421550,6.25,6.25,6.241349901467046
20230823093421940,6.25,6.25,6.241349901467046
20230823093421950,6.25,6.25,6.241349901467046
20230823093422220,6.25,6.25,6.241349901467046
20230823093422300,6.25,6.25,6.241349901467046
20230823093422330,6.25,6.25,6.241349901467046
20230823093422350,6.25,6.25,6.2413682598709395
20230823093422490,6.25,6.25,6.2413682598709395
20230823093422560,6.25,6.25,6.2413682598709395
20230823093422660,6.25,6.25,6.2413682598709395
20230823093422740,6.25,6.25,6.2413682598709395
20230823093422810,6.25,6.25,6.2413682598709395
20230823093422950,6.25,6.25,6.2413682598709395
20230823093423150,6.25,6.25,6.2413682598709395
20230823093423900,6.25,6.25,6.2413682598709395
20230823093424010,6.25,6.25,6.2413682598709395
20230823093424190,6.25,6.25,6.2413682598709395
20230823093424340,6.25,6.25,6.2413682598709395
20230823093424520,6.25,6.25,6.2413682598709395
20230823093424650,6.25,6.25,6.2413682598709395
20230823093424800,6.25,6.25,6.2413682598709395
20230823093424870,6.25,6.25,6.2413682598709395
20230823093424950,6.25,6.25,6.2413682598709395
20230823093425610,6.25,6.25,6.2413682598709395
20230823093425960,6.25,6.25,6.2413682598709395
20230823093426160,6.25,6.25,6.2413682598709395
20230823093426390,6.25,6.25,6.2413682598709395
20230823093426940,6.25,6.25,6.2413682598709395
20230823093427450,6.25,6.25,6.2413682598709395
20230823093428070,6.25,6.25,6.2413682598709395
20230823093428140,6.25,6.25,6.2413682598709395
20230823093428240,6.25,6.25,6.2413682598709395
20230823093428400,6.25,6.25,6.2413682598709395
20230823093428730,6.25,6.25,6.2413682598709395
20230823093428780,6.25,6.25,6.2413682598709395
20230823093428820,6.25,6.25,6.2413682598709395
20230823093428880,6.25,6.25,6.2413682598709395
20230823093429250,6.25,6.25,6.2413682598709395
20230823093429300,6.25,6.25,6.2413682598709395
20230823093429690,6.25,6.25,6.2413682598709395
20230823093429750,6.25,6.25,6.2413682598709395
20230823093429810,6.25,6.25,6.2413682598709395
20230823093430140,6.25,6.25,6.2413682598709395
20230823093430380,6.25,6.25,6.2413682598709395
20230823093430450,6.25,6.25,6.241370297462817
20230823093431210,6.25,6.25,6.241370297462817
20230823093431660,6.25,6.25,6.241370297462817
20230823093432480,6.25,6.25,6.241370297462817
20230823093433100,6.25,6.25,6.241370297462817
20230823093433400,6.25,6.25,6.241396745659059
20230823093433720,6.25,6.25,6.241396745659059
20230823093434110,6.25,6.25,6.241406898057193
20230823093434130,6.25,6.25,6.241408927207247
20230823093434160,6.25,6.25,6.241408927207247
20230823093435370,6.25,6.25,6.241408927207247
20230823093435650,6.25,6.25,6.241427169646751
20230823093435790,6.25,6.25,6.241427169646751
20230823093435980,6.25,6.25,6.241427169646751
20230823093436700,6.25,6.25,6.241427169646751
20230823093436780,6.25,6.25,6.241427169646751
20230823093436900,6.25,6.25,6.241427169646751
20230823093437420,6.25,6.25,6.241443355119825
20230823093438120,6.25,6.25,6.24147362697118
20230823093438240,6.25,6.25,6.24147362697118
20230823093438420,6.25,6.25,6.24147362697118
20230823093438680,6.25,6.25,6.24147362697118
20230823093438840,6.25,6.25,6.24147362697118
20230823093439470,6.25,6.25,6.241483695652174
20230823093439800,6.25,6.25,6.241483695652174
20230823093439930,6.25,6.25,6.241483695652174
20230823093440330,6.25,6.25,6.241483695652174
20230823093440420,6.25,6.25,6.241483695652174
20230823093440440,6.25,6.25,6.241483695652174
20230823093440650,6.25,6.25,6.241483695652174
20230823093440660,6.25,6.25,6.241483695652174
20230823093441020,6.25,6.25,6.241483695652174
20230823093441060,6.25,6.25,6.241543878656555
20230823093441180,6.25,6.25,6.241543878656555
20230823093441350,6.25,6.25,6.241543878656555
20230823093441410,6.25,6.25,6.24157382368848
20230823093441470,6.25,6.25,6.24157382368848
20230823093442140,6.25,6.25,6.24157382368848
20230823093442640,6.25,6.25,6.241583783783784
20230823093443060,6.25,6.25,6.241583783783784
20230823093443150,6.25,6.25,6.241583783783784
20230823093443270,6.25,6.25,6.241621534146078
20230823093443300,6.25,6.25,6.241720141646099
20230823093443310,6.25,6.25,6.241720141646099
20230823093443610,6.25,6.25,6.241720141646099
20230823093443770,6.25,6.25,6.241720141646099
20230823093444650,6.25,6.25,6.241720141646099
20230823093444740,6.25,6.25,6.241720141646099
20230823093444950,6.25,6.25,6.241720141646099
20230823093445390,6.25,6.25,6.241720141646099
20230823093445600,6.25,6.25,6.241720141646099
20230823093446090,6.25,6.25,6.241720141646099
20230823093446130,6.25,6.25,6.241720141646099
20230823093446180,6.25,6.25,6.241729944229944
20230823093446790,6.25,6.25,6.241729944229944
20230823093447260,6.25,6.25,6.241809930592632
20230823093447850,6.26,6.25,6.241914215946491
20230823093448120,6.26,6.25,6.241914215946491
20230823093448260,6.26,6.25,6.241914215946491
20230823093448300,6.26,6.25,6.241914215946491
20230823093448650,6.26,6.25,6.241916135881104
20230823093448870,6.26,6.25,6.241916135881104
20230823093449110,6.26,6.25,6.241918055408131
20230823093449160,6.26,6.25,6.241918055408131
20230823093449340,6.26,6.25,6.241923811544991
20230823093449440,6.26,6.25,6.241923811544991
20230823093449730,6.26,6.25,6.241925729442971
20230823093451280,6.26,6.25,6.241925729442971
20230823093451390,6.26,6.25,6.241925729442971
20230823093451540,6.26,6.25,6.241925729442971
20230823093452040,6.26,6.25,6.241925729442971
20230823093452570,6.26,6.25,6.241925729442971
20230823093453640,6.26,6.25,6.241956360555026
20230823093453860,6.26,6.25,6.241956360555026
20230823093453910,6.26,6.25,6.241957212454988
20230823093454000,6.26,6.25,6.241957212454988
20230823093454530,6.26,6.25,6.241957212454988
20230823093454690,6.26,6.25,6.241957212454988
20230823093454760,6.26,6.25,6.241957212454988
20230823093454770,6.26,6.25,6.241957212454988
20230823093454800,6.26,6.25,6.241957212454988
20230823093455210,6.26,6.25,6.2419591231600124
20230823093455280,6.26,6.25,6.2419591231600124
20230823093455300,6.26,6.25,6.2419591231600124
20230823093455350,6.26,6.25,6.2419591231600124
20230823093455460,6.26,6.25,6.2419591231600124
20230823093455480,6.26,6.25,6.2419591231600124
20230823093455520,6.26,6.25,6.2419591231600124
20230823093455960,6.26,6.25,6.2419591231600124
20230823093456090,6.26,6.25,6.2419591231600124
20230823093456400,6.26,6.25,6.2419591231600124
20230823093456530,6.26,6.25,6.2419591231600124
20230823093457120,6.26,6.25,6.2419591231600124
20230823093457450,6.26,6.25,6.2419591231600124
20230823093457570,6.26,6.25,6.2419591231600124
20230823093457770,6.26,6.25,6.2419591231600124
20230823093457800,6.26,6.25,6.2419591231600124
20230823093458060,6.26,6.25,6.2419591231600124
20230823093458080,6.26,6.25,6.241964229018944
20230823093458200,6.26,6.25,6.241964229018944
20230823093458470,6.26,6.25,6.241965079365079
20230823093459250,6.26,6.25,6.241965079365079
20230823093459270,6.26,6.25,6.241973572938689
20230823093459460,6.26,6.25,6.241973572938689
20230823093500190,6.26,6.25,6.241973572938689
20230823093500300,6.26,6.25,6.241973572938689
20230823093500370,6.26,6.25,6.241973572938689
20230823093500390,6.26,6.25,6.241973572938689
20230823093500590,6.26,6.25,6.241973572938689
20230823093500670,6.26,6.25,6.241980354879594
20230823093500820,6.26,6.25,6.241980354879594
20230823093500880,6.26,6.25,6.241980354879594
20230823093500900,6.26,6.25,6.241980354879594
20230823093501080,6.26,6.25,6.241982895153627
20230823093501410,6.26,6.25,6.241982895153627
20230823093501450,6.26,6.25,6.241982895153627
20230823093501630,6.26,6.25,6.241982895153627
20230823093501650,6.26,6.25,6.241982895153627
20230823093502010,6.26,6.25,6.241982895153627
20230823093502210,6.26,6.25,6.241984797297297
20230823093502790,6.26,6.25,6.241984797297297
20230823093502940,6.26,6.25,6.241984797297297
20230823093503710,6.26,6.25,6.242011385199241
20230823093504120,6.26,6.25,6.242024649741915
20230823093504160,6.26,6.25,6.242045454545455
20230823093504220,6.26,6.25,6.242045454545455
20230823093504280,6.26,6.25,6.242045454545455
20230823093505410,6.26,6.25,6.242045454545455
20230823093505660,6.26,6.25,6.242045454545455
20230823093505690,6.26,6.25,6.242045454545455
20230823093506150,6.26,6.25,6.242045454545455
20230823093506250,6.26,6.25,6.242045454545455
20230823093506320,6.26,6.25,6.242045454545455
20230823093506360,6.26,6.25,6.242045454545455
20230823093506440,6.26,6.25,6.242045454545455
20230823093507200,6.26,6.25,6.242045454545455
20230823093508110,6.26,6.25,6.242045454545455
20230823093508410,6.26,6.25,6.242045454545455
20230823093508420,6.26,6.25,6.242045454545455
20230823093508760,6.26,6.25,6.242045454545455
20230823093509290,6.26,6.25,6.242073747242357
20230823093509710,6.26,6.25,6.242073747242357
20230823093509820,6.26,6.25,6.242073747242357
20230823093510090,6.26,6.25,6.242077512866295
20230823093510230,6.26,6.25,6.242077512866295
20230823093510260,6.26,6.25,6.242077512866295
20230823093511080,6.26,6.25,6.242077512866295
20230823093511090,6.26,6.26,6.242077512866295
20230823093511100,6.26,6.26,6.242077512866295
20230823093511110,6.26,6.26,6.242077512866295
20230823093511130,6.26,6.26,6.242077512866295
20230823093511180,6.26,6.26,6.242077512866295
20230823093511190,6.26,6.26,6.242077512866295
20230823093511230,6.26,6.26,6.242077512866295
20230823093511310,6.26,6.26,6.242077512866295
20230823093512050,6.26,6.26,6.242077512866295
20230823093512270,6.26,6.26,6.242077512866295
20230823093512290,6.26,6.26,6.242077512866295
20230823093512430,6.26,6.26,6.242077512866295
20230823093512520,6.26,6.26,6.242077512866295
20230823093512640,6.26,6.26,6.242077512866295
20230823093512670,6.26,6.26,6.242077512866295
20230823093512780,6.26,6.26,6.242077512866295
20230823093512790,6.26,6.26,6.242244493162126
20230823093512800,6.26,6.26,6.242244493162126
20230823093512920,6.26,6.26,6.242244493162126
20230823093513010,6.26,6.26,6.242244493162126
20230823093513080,6.26,6.26,6.2422502870264065
20230823093513110,6.26,6.26,6.2422502870264065
20230823093513120,6.26,6.26,6.2422502870264065
20230823093513200,6.26,6.26,6.2422502870264065
20230823093513220,6.26,6.26,6.2422502870264065
20230823093513370,6.26,6.26,6.242583574081717
20230823093513490,6.26,6.26,6.242583574081717
20230823093513500,6.26,6.26,6.242583574081717
20230823093513510,6.26,6.26,6.242583574081717
20230823093513540,6.26,6.27,6.242583574081717
20230823093513600,6.26,6.27,6.242611832611833
20230823093513660,6.26,6.27,6.242611832611833
20230823093513710,6.26,6.26,6.242634397528321
20230823093513780,6.26,6.26,6.242634397528321
20230823093514670,6.26,6.26,6.242634397528321
20230823093514780,6.26,6.26,6.242656925293271
20230823093514790,6.26,6.26,6.242689541812204
20230823093514800,6.26,6.26,6.242689541812204
20230823093515160,6.26,6.26,6.242689541812204
20230823093515260,6.26,6.26,6.242714769578159
20230823093515300,6.26,6.26,6.242714769578159
20230823093515380,6.26,6.26,6.242714769578159
20230823093515390,6.26,6.26,6.242714769578159
20230823093515440,6.26,6.26,6.242714769578159
20230823093515630,6.26,6.26,6.242737155163573
20230823093515660,6.26,6.26,6.242737155163573
20230823093515700,6.26,6.26,6.242756607252613
20230823093516070,6.26,6.26,6.242756607252613
20230823093516170,6.26,6.26,6.242756607252613
20230823093516200,6.26,6.26,6.242756607252613
20230823093516330,6.26,6.26,6.242756607252613
20230823093516470,6.26,6.26,6.242759397726108
20230823093516540,6.26,6.26,6.242759397726108
20230823093516550,6.26,6.26,6.242759397726108
20230823093516570,6.26,6.26,6.242759397726108
20230823093517210,6.26,6.26,6.242759397726108
20230823093517340,6.26,6.26,6.242759397726108
20230823093517400,6.26,6.26,6.242759397726108
20230823093517570,6.26,6.26,6.242759397726108
20230823093517710,6.26,6.26,6.242759397726108
20230823093517730,6.26,6.26,6.242759397726108
20230823093517880,6.26,6.26,6.242759397726108
20230823093517930,6.26,6.26,6.242759397726108
20230823093518860,6.26,6.26,6.242759397726108
20230823093519010,6.26,6.26,6.242759397726108
20230823093519040,6.26,6.26,6.242759397726108
20230823093519300,6.26,6.26,6.242759397726108
20230823093519900,6.26,6.26,6.242759397726108
20230823093519980,6.26,6.27,6.242759397726108
20230823093520060,6.26,6.27,6.242759397726108
20230823093520170,6.26,6.27,6.242759397726108
20230823093520200,6.26,6.27,6.242759397726108
20230823093520440,6.26,6.27,6.242796193984039
20230823093520600,6.26,6.27,6.242796193984039
20230823093520700,6.26,6.27,6.242796193984039
20230823093520900,6.26,6.27,6.242796193984039
20230823093521430,6.26,6.27,6.242796193984039
20230823093521730,6.26,6.27,6.242796193984039
20230823093522060,6.26,6.27,6.242796193984039
20230823093522090,6.26,6.27,6.242796193984039
20230823093522100,6.26,6.27,6.242796193984039
20230823093522140,6.26,6.27,6.2428
20230823093522200,6.26,6.27,6.2428
20230823093522220,6.26,6.26,6.24285699703991
20230823093522230,6.26,6.26,6.24285699703991
20230823093522290,6.26,6.26,6.24285699703991
20230823093522300,6.26,6.26,6.24285699703991
20230823093522440,6.26,6.26,6.24285699703991
20230823093522460,6.26,6.26,6.24285699703991
20230823093522470,6.26,6.26,6.242870842685166
20230823093522780,6.26,6.27,6.242881909035285
20230823093522790,6.26,6.27,6.242881909035285
20230823093522830,6.26,6.27,6.242881909035285
20230823093523040,6.26,6.27,6.242881909035285
20230823093523130,6.26,6.27,6.242881909035285
20230823093523190,6.26,6.27,6.242881909035285
20230823093523310,6.26,6.27,6.242881909035285
20230823093523320,6.26,6.27,6.242881909035285
20230823093523490,6.26,6.27,6.242881909035285
20230823093523710,6.26,6.27,6.242881909035285
20230823093524050,6.26,6.27,6.242881909035285
20230823093524150,6.26,6.27,6.242881909035285
20230823093524250,6.26,6.27,6.242881909035285
20230823093524430,6.26,6.27,6.242881909035285
20230823093524720,6.26,6.27,6.242881909035285
20230823093524840,6.26,6.27,6.242881909035285
20230823093525090,6.26,6.27,6.2428874388254485
20230823093525190,6.26,6.27,6.2428874388254485
20230823093525210,6.26,6.27,6.2428874388254485
20230823093525220,6.26,6.27,6.2428874388254485
20230823093525240,6.26,6.27,6.2428874388254485
20230823093525280,6.26,6.27,6.2428874388254485
20230823093525550,6.26,6.27,6.2428874388254485
20230823093525580,6.26,6.27,6.243625462176476
20230823093525620,6.26,6.27,6.243625462176476
20230823093526210,6.26,6.27,6.243625462176476
20230823093526220,6.26,6.27,6.243643627646824
20230823093526580,6.26,6.27,6.243643627646824
20230823093526610,6.26,6.27,6.243643627646824
20230823093526730,6.26,6.27,6.243643627646824
20230823093527060,6.26,6.27,6.243643627646824
20230823093527500,6.26,6.27,6.243643627646824
20230823093527680,6.26,6.27,6.243643627646824
20230823093527930,6.26,6.27,6.243643627646824
20230823093528840,6.26,6.27,6.243643627646824
20230823093529250,6.26,6.27,6.243643627646824
20230823093529320,6.26,6.27,6.243643627646824
20230823093529340,6.26,6.27,6.243643627646824
20230823093529360,6.26,6.27,6.243643627646824
20230823093529470,6.26,6.27,6.243782414307004
20230823093529590,6.26,6.27,6.243782414307004
20230823093529650,6.26,6.27,6.243782414307004
20230823093529700,6.27,6.26,6.24389124642258
20230823093529970,6.27,6.26,6.244062745098039
20230823093529980,6.27,6.26,6.244166585294405
20230823093530070,6.27,6.26,6.24416813122437
20230823093530280,6.27,6.26,6.24416813122437
20230823093530420,6.27,6.26,6.24416813122437
20230823093531070,6.27,6.26,6.24416813122437
20230823093531090,6.27,6.26,6.244178215889128
20230823093531270,6.27,6.26,6.244303613053613
20230823093531280,6.27,6.26,6.244316085816911
20230823093531340,6.27,6.26,6.244316085816911
20230823093532220,6.27,6.26,6.244316085816911
20230823093532600,6.27,6.26,6.244316085816911
20230823093532750,6.27,6.26,6.244316085816911
20230823093533180,6.27,6.26,6.244316085816911
20230823093533200,6.27,6.26,6.244316085816911
20230823093533230,6.27,6.26,6.244316085816911
20230823093533270,6.27,6.26,6.244316085816911
20230823093533340,6.27,6.26,6.244316085816911
20230823093533480,6.27,6.26,6.244316085816911
20230823093533490,6.27,6.26,6.244316085816911
20230823093533520,6.27,6.26,6.244316085816911
20230823093533680,6.27,6.26,6.244316085816911
20230823093534080,6.27,6.26,6.244316085816911
20230823093534090,6.27,6.26,6.24432854647778
20230823093534120,6.27,6.26,6.24432854647778
20230823093534460,6.27,6.26,6.24432854647778
20230823093535520,6.27,6.26,6.24432854647778
20230823093535590,6.27,6.26,6.24432854647778
20230823093535890,6.27,6.26,6.24432854647778
20230823093536270,6.27,6.26,6.24432854647778
20230823093536390,6.27,6.26,6.24432854647778
20230823093536420,6.27,6.26,6.24432854647778
20230823093536500,6.27,6.26,6.24432854647778
20230823093536540,6.27,6.26,6.24432854647778
20230823093536700,6.27,6.26,6.24432854647778
20230823093537360,6.27,6.26,6.24432854647778
20230823093537670,6.27,6.26,6.24432854647778
20230823093537760,6.27,6.26,6.24432854647778
20230823093538170,6.27,6.26,6.24432854647778
20230823093538390,6.27,6.26,6.2443708224353385
20230823093538440,6.27,6.26,6.2443708224353385
20230823093538650,6.27,6.26,6.2443708224353385
20230823093538840,6.27,6.26,6.2443708224353385
20230823093539100,6.27,6.26,6.2443708224353385
20230823093539770,6.27,6.26,6.244393147502904
20230823093539970,6.27,6.26,6.244425326244563
20230823093540080,6.27,6.26,6.244425326244563
20230823093540240,6.27,6.26,6.244425326244563
20230823093540560,6.27,6.26,6.244425326244563
20230823093540600,6.27,6.26,6.244425326244563
20230823093541220,6.27,6.26,6.244446375132735
20230823093541310,6.27,6.26,6.244446375132735
20230823093541710,6.27,6.26,6.244446375132735
20230823093541910,6.27,6.26,6.244447876447876
20230823093542280,6.27,6.26,6.244447876447876
20230823093542490,6.27,6.26,6.24445034263102
20230823093543210,6.27,6.26,6.24445034263102
20230823093543280,6.27,6.26,6.24445034263102
20230823093543560,6.27,6.26,6.24445034263102
20230823093544180,6.27,6.26,6.244465129738594
20230823093544200,6.27,6.26,6.244465129738594
20230823093544240,6.27,6.26,6.244465129738594
20230823093544270,6.27,6.26,6.244587693193818
20230823093544310,6.27,6.26,6.244587693193818
20230823093544320,6.27,6.26,6.244592571264037
20230823093544430,6.27,6.26,6.244696854146807
20230823093544600,6.27,6.26,6.244696854146807
20230823093545330,6.27,6.26,6.244776204504419
20230823093545410,6.27,6.26,6.244776204504419
20230823093545640,6.27,6.26,6.244776204504419
20230823093546090,6.27,6.26,6.244783393501805
20230823093546100,6.27,6.26,6.244783393501805
20230823093546110,6.27,6.26,6.244792972459639
20230823093546160,6.27,6.26,6.244812108559499
20230823093546190,6.27,6.26,6.244812108559499
20230823093546740,6.27,6.26,6.244812108559499
20230823093547270,6.27,6.26,6.244812108559499
20230823093548430,6.27,6.26,6.244812108559499
20230823093548880,6.27,6.26,6.244812108559499
20230823093549080,6.27,6.26,6.24481688804554
20230823093549260,6.27,6.26,6.24482166571808
20230823093549320,6.27,6.26,6.24482166571808
20230823093549430,6.27,6.26,6.24482166571808
20230823093549490,6.27,6.26,6.24482166571808
20230823093549670,6.27,6.26,6.24482166571808
20230823093549910,6.27,6.26,6.244971239981141
20230823093549950,6.27,6.26,6.244971239981141
20230823093549990,6.27,6.26,6.245123711340206
20230823093550000,6.27,6.26,6.245123711340206
20230823093550030,6.27,6.26,6.245123711340206
20230823093550150,6.27,6.26,6.245123711340206
20230823093550260,6.27,6.26,6.245123711340206
20230823093550300,6.27,6.26,6.245123711340206
20230823093550400,6.27,6.26,6.245126042545216
20230823093550440,6.27,6.26,6.245126042545216
20230823093550450,6.27,6.26,6.245140020605039
20230823093550720,6.27,6.26,6.245140020605039
20230823093551140,6.27,6.26,6.245140020605039
20230823093551710,6.27,6.26,6.245140020605039
20230823093551730,6.27,6.26,6.245140020605039
20230823093552350,6.27,6.26,6.245140020605039
20230823093552640,6.27,6.26,6.24519809381424
20230823093552820,6.27,6.26,6.245281984576791
20230823093553070,6.27,6.26,6.245281984576791
20230823093553220,6.27,6.26,6.245309512761021
20230823093553320,6.27,6.26,6.245309512761021
20230823093553340,6.27,6.26,6.245309512761021
20230823093553650,6.27,6.26,6.245309512761021
20230823093553920,6.27,6.26,6.245309512761021
20230823093553950,6.27,6.26,6.245309512761021
20230823093554020,6.27,6.26,6.245309512761021
20230823093554900,6.27,6.26,6.245446239040148
20230823093554950,6.27,6.26,6.245446239040148
20230823093555020,6.27,6.26,6.245523047198454
20230823093555080,6.27,6.26,6.245590421139554
20230823093555090,6.27,6.26,6.2455948995504995
20230823093555100,6.27,6.26,6.245603851444292
20230823093555110,6.27,6.26,6.245617266978279
20230823093555170,6.27,6.26,6.245639593443824
20230823093555300,6.27,6.26,6.245639593443824
20230823093556110,6.27,6.26,6.245639593443824
20230823093556180,6.27,6.26,6.245644053831365
20230823093556220,6.27,6.26,6.245644053831365
20230823093557250,6.27,6.26,6.245644053831365
20230823093557260,6.27,6.26,6.245644053831365
20230823093558040,6.27,6.26,6.245644053831365
20230823093558070,6.27,6.26,6.245644053831365
20230823093558080,6.27,6.26,6.245648512585812
20230823093558090,6.27,6.26,6.245650741350906
20230823093558740,6.27,6.26,6.245681901279707
20230823093559260,6.27,6.26,6.245681901279707
20230823093559320,6.27,6.26,6.245693010507081
20230823093600050,6.27,6.26,6.245697451356536
20230823093600070,6.27,6.26,6.245704109589041
20230823093600080,6.27,6.26,6.245712981559247
20230823093600090,6.27,6.26,6.245730706075534
20230823093600100,6.27,6.26,6.245737346101231
20230823093600110,6.27,6.26,6.245741770766846
20230823093600130,6.27,6.26,6.245750615258409
20230823093600240,6.27,6.26,6.245889070146819
20230823093600250,6.27,6.26,6.245969650438082
20230823093600460,6.27,6.26,6.246069058295964
20230823093600740,6.27,6.26,6.246069058295964
20230823093600770,6.27,6.26,6.246069058295964
20230823093600780,6.27,6.26,6.246069058295964
20230823093600790,6.27,6.26,6.246069058295964
20230823093600820,6.27,6.26,6.246167381207574
20230823093600830,6.27,6.26,6.246175892857143
20230823093600910,6.27,6.26,6.246413860160877
20230823093600920,6.27,6.26,6.2464180291648255
20230823093601780,6.27,6.26,6.2464180291648255
20230823093601810,6.27,6.26,6.2464180291648255
20230823093602080,6.27,6.26,6.2464180291648255
20230823093602530,6.27,6.26,6.2464180291648255
20230823093603070,6.27,6.26,6.2464637911264
20230823093603240,6.27,6.26,6.2464637911264
20230823093603260,6.27,6.26,6.2464637911264
20230823093603510,6.27,6.26,6.246465866995943
20230823093603620,6.27,6.26,6.246465866995943
20230823093603690,6.27,6.26,6.246465866995943
20230823093604090,6.27,6.26,6.246465866995943
20230823093604110,6.27,6.26,6.246467942499339
20230823093604120,6.27,6.26,6.246467942499339
20230823093604370,6.27,6.26,6.246467942499339
20230823093604440,6.27,6.26,6.246467942499339
20230823093604590,6.27,6.26,6.246480387836051
20230823093604600,6.27,6.26,6.246511443661972
20230823093604740,6.27,6.26,6.246582311733801
20230823093605100,6.27,6.26,6.246688458856346
20230823093605110,6.27,6.26,6.246692522224159
20230823093605130,6.28,6.27,6.246875162436108
20230823093605140,6.28,6.27,6.246875162436108
20230823093605150,6.28,6.27,6.24689317867036
20230823093605220,6.28,6.27,6.246895178741452
20230823093605290,6.28,6.27,6.2469180866707035
20230823093605410,6.28,6.27,6.2469657972015895
20230823093605440,6.28,6.27,6.2469797151489
20230823093605450,6.28,6.27,6.2469797151489
20230823093605630,6.28,6.27,6.2469797151489
20230823093605640,6.28,6.27,6.2469797151489
20230823093605700,6.27,6.26,6.246981702054203
20230823093605800,6.27,6.26,6.246981702054203
20230823093605810,6.27,6.26,6.246981702054203
20230823093605940,6.27,6.26,6.246981702054203
20230823093606040,6.27,6.26,6.246981702054203
20230823093606050,6.27,6.26,6.246981702054203
20230823093606120,6.27,6.26,6.246981702054203
20230823093606150,6.27,6.26,6.246981702054203
20230823093606160,6.27,6.26,6.246981702054203
20230823093606180,6.27,6.26,6.246981702054203
20230823093606380,6.27,6.26,6.246981702054203
20230823093606410,6.27,6.26,6.246981702054203
20230823093606950,6.27,6.26,6.246981702054203
20230823093607040,6.27,6.26,6.246981702054203
20230823093607060,6.27,6.26,6.246981702054203
20230823093607180,6.27,6.26,6.246981702054203
20230823093607220,6.27,6.26,6.246983688616553
20230823093607250,6.27,6.26,6.246983688616553
20230823093607260,6.27,6.26,6.246983688616553
20230823093607310,6.27,6.26,6.246983688616553
20230823093607340,6.27,6.26,6.246983688616553
20230823093607430,6.27,6.26,6.246983688616553
20230823093607440,6.27,6.26,6.246983688616553
20230823093607600,6.27,6.26,6.246983688616553
20230823093607720,6.27,6.26,6.246983688616553
20230823093607770,6.27,6.26,6.246983688616553
20230823093608050,6.27,6.26,6.246984811874353
20230823093608070,6.27,6.26,6.246984811874353
20230823093608580,6.27,6.26,6.246985934938303
20230823093608610,6.27,6.26,6.247021770931934
20230823093608620,6.27,6.26,6.2470240041297425
20230823093608970,6.27,6.26,6.247028468220521
20230823093609020,6.27,6.26,6.247032929240822
20230823093609260,6.27,6.26,6.247032929240822
20230823093609770,6.27,6.26,6.247034044016506
20230823093609840,6.27,6.26,6.247035158600533
20230823093609980,6.27,6.26,6.247035158600533
20230823093610010,6.27,6.26,6.247035158600533
20230823093610090,6.27,6.26,6.247044068379005
20230823093610170,6.27,6.26,6.247087328767123
20230823093610180,6.27,6.26,6.247087328767123
20230823093610220,6.27,6.26,6.247087328767123
20230823093610270,6.27,6.26,6.2474264276781994
20230823093610300,6.27,6.26,6.247430619218268
20230823093610310,6.27,6.26,6.247430619218268
20230823093610330,6.27,6.26,6.247448402130493
20230823093610340,6.27,6.26,6.247680117627839
20230823093610350,6.26,6.26,6.247680117627839
20230823093610440,6.26,6.26,6.247680117627839
20230823093610450,6.26,6.26,6.247680117627839
20230823093610460,6.26,6.26,6.247680117627839
20230823093610510,6.26,6.26,6.247680117627839
20230823093610570,6.26,6.25,6.247695179354001
20230823093610590,6.26,6.25,6.247695179354001
20230823093610600,6.26,6.25,6.247695179354001
20230823093610900,6.26,6.25,6.247695179354001
20230823093610930,6.26,6.25,6.247695179354001
20230823093611040,6.27,6.25,6.247695179354001
20230823093611120,6.26,6.25,6.247695179354001
20230823093611420,6.26,6.25,6.247695179354001
20230823093611480,6.26,6.25,6.247695179354001
20230823093611490,6.26,6.25,6.247695179354001
20230823093611540,6.26,6.25,6.247695179354001
20230823093611550,6.26,6.25,6.247695179354001
20230823093611560,6.26,6.25,6.247695179354001
20230823093611570,6.26,6.25,6.247695179354001
20230823093611590,6.26,6.25,6.247695179354001
20230823093611680,6.26,6.25,6.247695179354001
20230823093611700,6.26,6.25,6.247695179354001
20230823093611710,6.26,6.25,6.247695179354001
20230823093611730,6.26,6.25,6.247695179354001
20230823093613100,6.26,6.25,6.247736352608168
20230823093613140,6.26,6.25,6.247736352608168
20230823093613180,6.26,6.25,6.247736352608168
20230823093613240,6.26,6.25,6.247736352608168
20230823093613400,6.26,6.25,6.247737084647102
20230823093613520,6.26,6.25,6.247751265365149
20230823093613530,6.26,6.25,6.247753972075109
20230823093613890,6.25,6.25,6.247773092529239
20230823093614060,6.25,6.25,6.247728207562095
20230823093614140,6.25,6.25,6.247728207562095
20230823093614170,6.25,6.25,6.247728207562095
20230823093614270,6.25,6.25,6.247730003161555
20230823093614400,6.25,6.25,6.247730003161555
20230823093614540,6.25,6.25,6.247730003161555
