Timestamp,ask1,bid1,VWAP
20230628093000030,6.66,6.64,6.65
20230628093000040,6.66,6.64,6.65
20230628093000180,6.66,6.64,6.65
20230628093000190,6.66,6.64,6.65
20230628093000200,6.66,6.64,6.65
20230628093000210,6.66,6.64,6.65
20230628093000220,6.66,6.64,6.65
20230628093000230,6.66,6.64,6.65
20230628093000240,6.66,6.64,6.65
20230628093000250,6.66,6.64,6.65
20230628093000270,6.66,6.64,6.65
20230628093000300,6.66,6.64,6.65
20230628093000350,6.66,6.64,6.65
20230628093000390,6.66,6.64,6.65
20230628093000400,6.66,6.64,6.65
20230628093000410,6.66,6.64,6.65015873015873
20230628093000850,6.66,6.64,6.65015873015873
20230628093000860,6.66,6.64,6.65015873015873
20230628093000870,6.66,6.64,6.65015873015873
20230628093000900,6.66,6.64,6.65015873015873
20230628093000920,6.66,6.65,6.65015873015873
20230628093000930,6.66,6.65,6.650305676855895
20230628093000940,6.66,6.65,6.650305676855895
20230628093000950,6.66,6.65,6.650305676855895
20230628093000970,6.66,6.65,6.650305676855895
20230628093000980,6.66,6.65,6.650305676855895
20230628093000990,6.66,6.65,6.650305676855895
20230628093001000,6.66,6.65,6.650305676855895
20230628093001010,6.66,6.65,6.650305676855895
20230628093001020,6.66,6.65,6.650305676855895
20230628093001050,6.66,6.65,6.650305676855895
20230628093001060,6.66,6.65,6.650305676855895
20230628093001070,6.66,6.65,6.650305676855895
20230628093001100,6.65,6.64,6.650104633781764
20230628093001120,6.65,6.64,6.650104633781764
20230628093001140,6.65,6.64,6.650104633781764
20230628093001160,6.65,6.64,6.650104166666667
20230628093001180,6.65,6.64,6.650104166666667
20230628093001230,6.65,6.64,6.6501040118870725
20230628093001250,6.65,6.64,6.6501040118870725
20230628093001300,6.65,6.64,6.6501040118870725
20230628093001310,6.65,6.64,6.6501040118870725
20230628093001320,6.65,6.64,6.6501040118870725
20230628093001340,6.65,6.64,6.6501040118870725
20230628093001360,6.65,6.64,6.650102489019034
20230628093002240,6.65,6.64,6.650102489019034
20230628093002310,6.65,6.64,6.650102489019034
20230628093002340,6.65,6.64,6.650102489019034
20230628093002350,6.65,6.64,6.650102489019034
20230628093002360,6.65,6.64,6.650102489019034
20230628093002470,6.65,6.64,6.650102489019034
20230628093002550,6.65,6.65,6.650287356321839
20230628093002570,6.65,6.65,6.650287356321839
20230628093002590,6.65,6.65,6.650287356321839
20230628093002610,6.65,6.65,6.650287356321839
20230628093002640,6.65,6.65,6.650287356321839
20230628093002670,6.65,6.65,6.650287356321839
20230628093002690,6.65,6.65,6.650287356321839
20230628093002730,6.65,6.65,6.650287356321839
20230628093002750,6.65,6.65,6.650287356321839
20230628093002810,6.65,6.65,6.650287356321839
20230628093002830,6.65,6.65,6.650287356321839
20230628093002870,6.65,6.65,6.650287356321839
20230628093002890,6.65,6.65,6.650287356321839
20230628093002900,6.65,6.65,6.650287356321839
20230628093002920,6.66,6.65,6.650287356321839
20230628093002930,6.66,6.65,6.650287356321839
20230628093002980,6.66,6.65,6.650287356321839
20230628093002990,6.66,6.65,6.650287356321839
20230628093003030,6.66,6.65,6.650287356321839
20230628093003090,6.66,6.65,6.650287356321839
20230628093003120,6.66,6.65,6.650287356321839
20230628093003130,6.66,6.65,6.650287356321839
20230628093003140,6.66,6.65,6.650287356321839
20230628093003170,6.66,6.65,6.650287356321839
20230628093003190,6.66,6.65,6.650287356321839
20230628093003220,6.66,6.65,6.650287356321839
20230628093003240,6.66,6.65,6.650287356321839
20230628093003250,6.66,6.65,6.650287356321839
20230628093003320,6.66,6.65,6.650287356321839
20230628093004900,6.66,6.65,6.650287356321839
20230628093004950,6.66,6.65,6.650287356321839
20230628093004970,6.66,6.65,6.650287356321839
20230628093004980,6.66,6.65,6.650287356321839
20230628093005010,6.66,6.65,6.650287356321839
20230628093005100,6.66,6.65,6.650287356321839
20230628093005150,6.66,6.65,6.650287356321839
20230628093005170,6.66,6.65,6.650287356321839
20230628093005260,6.66,6.65,6.650287356321839
20230628093005310,6.66,6.65,6.650287356321839
20230628093005460,6.66,6.65,6.650287356321839
20230628093005480,6.66,6.65,6.650287356321839
20230628093005560,6.66,6.65,6.650287356321839
20230628093005650,6.66,6.65,6.650287356321839
20230628093005670,6.66,6.65,6.650287356321839
20230628093005690,6.66,6.65,6.650287356321839
20230628093005710,6.66,6.65,6.650287356321839
20230628093005750,6.66,6.65,6.650287356321839
20230628093005890,6.66,6.65,6.650287356321839
20230628093005910,6.66,6.65,6.650287356321839
20230628093005920,6.66,6.65,6.650287356321839
20230628093006000,6.66,6.65,6.650287356321839
20230628093006010,6.66,6.65,6.650287356321839
20230628093006020,6.66,6.65,6.650693333333333
20230628093006030,6.66,6.65,6.650693333333333
20230628093006250,6.66,6.66,6.650815789473684
20230628093006430,6.66,6.66,6.650815789473684
20230628093006510,6.66,6.65,6.650839895013124
20230628093006750,6.66,6.65,6.650839895013124
20230628093006960,6.66,6.65,6.650839895013124
20230628093007000,6.66,6.65,6.650839895013124
20230628093007010,6.66,6.65,6.650839895013124
20230628093007050,6.66,6.65,6.650839895013124
20230628093007080,6.66,6.65,6.650839895013124
20230628093007100,6.66,6.65,6.650819462227913
20230628093007120,6.66,6.65,6.650819462227913
20230628093007150,6.66,6.65,6.650819462227913
20230628093007190,6.66,6.65,6.650819462227913
20230628093007200,6.66,6.65,6.650819462227913
20230628093007250,6.66,6.65,6.65081841432225
20230628093007300,6.66,6.65,6.651002506265664
20230628093007360,6.66,6.65,6.651002506265664
20230628093010560,6.66,6.65,6.651002506265664
20230628093011010,6.66,6.65,6.651002506265664
20230628093011180,6.66,6.65,6.651002506265664
20230628093011340,6.66,6.65,6.651002506265664
20230628093011490,6.66,6.65,6.650956937799043
20230628093011840,6.66,6.65,6.650956937799043
20230628093012590,6.66,6.65,6.650956937799043
20230628093015390,6.66,6.65,6.650956937799043
20230628093015590,6.65,6.65,6.650956937799043
20230628093015720,6.65,6.65,6.650956937799043
20230628093015860,6.65,6.65,6.650956937799043
20230628093015930,6.65,6.65,6.650956937799043
20230628093016040,6.65,6.65,6.650956937799043
20230628093016080,6.65,6.64,6.650956937799043
20230628093016150,6.65,6.64,6.650956937799043
20230628093016210,6.65,6.64,6.650956937799043
20230628093016540,6.65,6.64,6.650956937799043
20230628093016580,6.65,6.64,6.650956937799043
20230628093018390,6.65,6.64,6.650956937799043
20230628093018410,6.65,6.64,6.650956937799043
20230628093018550,6.65,6.64,6.650956937799043
20230628093018570,6.65,6.64,6.650956937799043
20230628093018630,6.65,6.64,6.650956937799043
20230628093018640,6.65,6.64,6.650956937799043
20230628093018660,6.65,6.64,6.650956937799043
20230628093018710,6.65,6.64,6.650956937799043
20230628093018730,6.65,6.64,6.650956937799043
20230628093018910,6.65,6.64,6.650956937799043
20230628093018970,6.65,6.64,6.650956937799043
20230628093019060,6.65,6.64,6.650956937799043
20230628093019230,6.65,6.64,6.650956937799043
20230628093019260,6.65,6.64,6.650956937799043
20230628093021060,6.65,6.64,6.650956937799043
20230628093021300,6.65,6.64,6.650956937799043
20230628093021400,6.65,6.64,6.650956937799043
20230628093021700,6.65,6.64,6.650956937799043
20230628093021930,6.65,6.64,6.650956937799043
20230628093021940,6.65,6.64,6.650956937799043
20230628093021960,6.65,6.65,6.650956937799043
20230628093023450,6.65,6.65,6.650956937799043
20230628093023780,6.65,6.65,6.650956937799043
20230628093024080,6.65,6.65,6.650956937799043
20230628093024100,6.65,6.64,6.650956937799043
20230628093024140,6.65,6.64,6.650956937799043
20230628093024400,6.65,6.64,6.650956937799043
20230628093024630,6.65,6.64,6.650956937799043
20230628093026650,6.65,6.64,6.650956937799043
20230628093026690,6.65,6.65,6.650956937799043
20230628093026700,6.65,6.65,6.650956937799043
20230628093026730,6.65,6.65,6.650956937799043
20230628093026990,6.66,6.65,6.650956937799043
20230628093027030,6.66,6.65,6.650956937799043
20230628093029900,6.66,6.66,6.650956937799043
20230628093030020,6.66,6.66,6.650956937799043
20230628093031960,6.66,6.66,6.650956937799043
20230628093032080,6.66,6.66,6.650956937799043
20230628093032090,6.66,6.66,6.650956937799043
20230628093032200,6.66,6.66,6.650956937799043
20230628093034270,6.66,6.66,6.650956937799043
20230628093034800,6.66,6.66,6.650956937799043
20230628093035100,6.66,6.66,6.650956937799043
20230628093035120,6.66,6.66,6.650956937799043
20230628093035170,6.66,6.66,6.650956937799043
20230628093035330,6.66,6.66,6.650956937799043
20230628093035460,6.66,6.66,6.650956937799043
20230628093037080,6.66,6.66,6.650956937799043
20230628093037110,6.66,6.66,6.650956937799043
20230628093037160,6.66,6.66,6.650956937799043
20230628093037210,6.66,6.66,6.650956937799043
20230628093037290,6.66,6.66,6.650956937799043
20230628093037340,6.66,6.66,6.650956937799043
20230628093040140,6.66,6.66,6.650956937799043
20230628093040150,6.66,6.66,6.650956937799043
20230628093040230,6.66,6.66,6.650956937799043
20230628093040270,6.66,6.66,6.650956937799043
20230628093040280,6.66,6.66,6.650956937799043
20230628093040290,6.66,6.66,6.650956937799043
20230628093040300,6.66,6.66,6.650956937799043
20230628093040330,6.66,6.66,6.651283509341998
20230628093040360,6.66,6.66,6.651283509341998
20230628093040370,6.66,6.66,6.651772151898734
20230628093040410,6.66,6.66,6.651772151898734
20230628093040500,6.66,6.66,6.653330924855491
20230628093040580,6.66,6.66,6.653330924855491
20230628093040590,6.66,6.66,6.653330924855491
20230628093040620,6.66,6.66,6.653330924855491
20230628093040670,6.66,6.66,6.653330924855491
20230628093040760,6.66,6.66,6.653488538681948
20230628093040780,6.66,6.66,6.653488538681948
20230628093040830,6.66,6.66,6.653488538681948
20230628093042590,6.66,6.66,6.653488538681948
20230628093042600,6.66,6.66,6.653488538681948
20230628093043080,6.66,6.66,6.653817802503477
20230628093043090,6.66,6.66,6.653817802503477
20230628093043110,6.66,6.66,6.653862690707351
20230628093043130,6.66,6.66,6.653862690707351
20230628093043170,6.66,6.65,6.654111776447106
20230628093043200,6.66,6.66,6.654111776447106
20230628093043220,6.66,6.66,6.654111776447106
20230628093043450,6.66,6.66,6.654111776447106
20230628093043570,6.66,6.66,6.654111776447106
20230628093045130,6.66,6.65,6.654111776447106
20230628093045250,6.66,6.65,6.654122340425532
20230628093045290,6.66,6.65,6.654122340425532
20230628093045650,6.66,6.66,6.654122340425532
20230628093045660,6.66,6.66,6.654122340425532
20230628093045740,6.66,6.66,6.654268774703557
20230628093045860,6.66,6.66,6.654287590282338
20230628093045950,6.66,6.66,6.654287590282338
20230628093045960,6.66,6.66,6.654287590282338
20230628093045970,6.66,6.66,6.654287590282338
20230628093046070,6.66,6.66,6.654291338582677
20230628093046100,6.66,6.66,6.654291338582677
20230628093046210,6.66,6.66,6.654291338582677
20230628093047880,6.66,6.66,6.654322200392928
20230628093048330,6.66,6.66,6.654322200392928
20230628093048880,6.66,6.66,6.654322200392928
20230628093050440,6.66,6.66,6.654322200392928
20230628093050630,6.66,6.66,6.654322200392928
20230628093050790,6.66,6.66,6.654322200392928
20230628093050930,6.66,6.66,6.65435294117647
20230628093051070,6.66,6.66,6.65435294117647
20230628093051540,6.66,6.66,6.65435294117647
20230628093051580,6.67,6.66,6.654454545454546
20230628093051670,6.67,6.66,6.654454545454546
20230628093053630,6.67,6.66,6.654454545454546
20230628093053710,6.67,6.66,6.654454545454546
20230628093053890,6.67,6.66,6.654454545454546
20230628093053960,6.67,6.66,6.654486765655261
20230628093054360,6.67,6.66,6.654486765655261
20230628093055870,6.67,6.66,6.654486765655261
20230628093056090,6.67,6.66,6.654486765655261
20230628093056130,6.67,6.66,6.654486765655261
20230628093056210,6.67,6.66,6.654486765655261
20230628093056530,6.67,6.66,6.654486765655261
20230628093056600,6.67,6.66,6.654486765655261
20230628093058600,6.67,6.66,6.654486765655261
20230628093058650,6.67,6.66,6.654486765655261
20230628093059360,6.67,6.66,6.654486765655261
20230628093059620,6.67,6.66,6.654486765655261
20230628093101540,6.67,6.66,6.654486765655261
20230628093104130,6.67,6.65,6.654486765655261
20230628093104180,6.66,6.65,6.654486765655261
20230628093104240,6.66,6.65,6.654486765655261
20230628093104260,6.66,6.65,6.654486765655261
20230628093104310,6.66,6.65,6.654486765655261
20230628093104380,6.66,6.65,6.654486765655261
20230628093104890,6.66,6.65,6.654486765655261
20230628093107070,6.66,6.65,6.654486765655261
20230628093107130,6.66,6.65,6.654486765655261
20230628093107560,6.66,6.65,6.654486765655261
20230628093109600,6.66,6.65,6.654486765655261
20230628093109680,6.66,6.65,6.654486765655261
20230628093110100,6.66,6.65,6.654486765655261
20230628093110240,6.66,6.65,6.654486765655261
20230628093110280,6.66,6.65,6.654486765655261
20230628093110310,6.66,6.65,6.654486765655261
20230628093110430,6.66,6.65,6.654486765655261
20230628093110510,6.67,6.65,6.654486765655261
20230628093110530,6.67,6.65,6.654486765655261
20230628093110550,6.67,6.65,6.654486765655261
20230628093112060,6.67,6.65,6.654486765655261
20230628093112110,6.67,6.65,6.654486765655261
20230628093112150,6.66,6.65,6.654486765655261
20230628093112610,6.66,6.65,6.654486765655261
20230628093112650,6.66,6.65,6.654486765655261
20230628093112660,6.66,6.65,6.654486765655261
20230628093112730,6.64,6.63,6.652543103448276
20230628093112740,6.64,6.63,6.652429995253915
20230628093112770,6.64,6.63,6.652429995253915
20230628093112900,6.64,6.63,6.652429995253915
20230628093113030,6.64,6.63,6.652429995253915
20230628093113070,6.64,6.63,6.651406794425087
20230628093113080,6.64,6.63,6.6509444212285835
20230628093113090,6.64,6.63,6.6509444212285835
20230628093113100,6.64,6.63,6.6509444212285835
20230628093113120,6.64,6.63,6.6509444212285835
20230628093113160,6.64,6.63,6.6509444212285835
20230628093113180,6.64,6.63,6.65093984962406
20230628093114750,6.64,6.63,6.65093984962406
20230628093114990,6.64,6.63,6.65093984962406
20230628093115000,6.64,6.63,6.650930717863105
20230628093115090,6.64,6.63,6.64873
20230628093115100,6.64,6.63,6.648643564356435
20230628093115110,6.64,6.63,6.648635014836795
20230628093115770,6.64,6.63,6.647914777878513
20230628093115780,6.64,6.64,6.647914777878513
20230628093115800,6.64,6.64,6.647897897897898
20230628093115810,6.64,6.65,6.6479041916167665
20230628093115820,6.64,6.65,6.6479041916167665
20230628093115930,6.64,6.65,6.6479041916167665
20230628093115940,6.64,6.65,6.647905445840814
20230628093117490,6.64,6.65,6.647905445840814
20230628093117650,6.64,6.65,6.647905445840814
20230628093118540,6.65,6.64,6.647909823828009
20230628093118580,6.65,6.64,6.647909823828009
20230628093120190,6.65,6.64,6.647909823828009
20230628093120550,6.65,6.63,6.647909823828009
20230628093120740,6.65,6.63,6.647909823828009
20230628093122920,6.65,6.63,6.647909823828009
20230628093123100,6.65,6.63,6.647909823828009
20230628093123380,6.65,6.63,6.647909823828009
20230628093123460,6.65,6.63,6.647909823828009
20230628093123490,6.65,6.63,6.647909823828009
20230628093123710,6.65,6.63,6.647909823828009
20230628093125640,6.65,6.63,6.647909823828009
20230628093125690,6.65,6.63,6.647909823828009
20230628093126000,6.65,6.63,6.647909823828009
20230628093126150,6.65,6.63,6.647909823828009
20230628093126500,6.65,6.63,6.647909823828009
20230628093128630,6.65,6.63,6.647909823828009
20230628093128690,6.65,6.63,6.647909823828009
20230628093128870,6.65,6.63,6.647909823828009
20230628093128900,6.65,6.63,6.64748322147651
20230628093129010,6.64,6.63,6.64748322147651
20230628093129050,6.65,6.64,6.647472772968444
20230628093129060,6.65,6.64,6.647466517857143
20230628093129120,6.65,6.64,6.647466517857143
20230628093129130,6.65,6.64,6.647454038997214
20230628093129140,6.65,6.64,6.647433333333334
20230628093129180,6.65,6.64,6.647433333333334
20230628093129230,6.65,6.64,6.647431269091919
20230628093129470,6.65,6.64,6.647431269091919
20230628093129480,6.65,6.64,6.647414796342477
20230628093131010,6.64,6.64,6.647414796342477
20230628093131050,6.64,6.64,6.647414796342477
20230628093131130,6.64,6.64,6.647414796342477
20230628093131170,6.64,6.64,6.647414796342477
20230628093131260,6.64,6.64,6.647414796342477
20230628093131360,6.64,6.64,6.6474106895596785
20230628093131660,6.64,6.64,6.6474106895596785
20230628093133710,6.64,6.64,6.6474106895596785
20230628093133760,6.64,6.64,6.6474106895596785
20230628093133790,6.64,6.63,6.6474106895596785
20230628093133900,6.64,6.63,6.6474106895596785
20230628093133970,6.64,6.63,6.6474106895596785
20230628093134090,6.64,6.63,6.6474106895596785
20230628093134460,6.64,6.63,6.6474106895596785
20230628093134640,6.64,6.63,6.6474106895596785
20230628093136390,6.64,6.64,6.6474106895596785
20230628093136440,6.64,6.64,6.6474106895596785
20230628093136490,6.65,6.64,6.6474106895596785
20230628093136970,6.65,6.64,6.6474106895596785
20230628093137060,6.65,6.64,6.6474106895596785
20230628093137140,6.65,6.64,6.6474106895596785
20230628093137260,6.65,6.64,6.6474106895596785
20230628093139080,6.65,6.64,6.6474106895596785
20230628093139280,6.65,6.64,6.647331506849315
20230628093139440,6.65,6.64,6.647271739130435
20230628093139860,6.65,6.64,6.647271739130435
20230628093139990,6.65,6.64,6.647271739130435
20230628093140120,6.65,6.64,6.647271739130435
20230628093141770,6.65,6.64,6.647271739130435
20230628093141790,6.65,6.64,6.647271739130435
20230628093141800,6.65,6.64,6.647271739130435
20230628093141860,6.65,6.64,6.647271739130435
20230628093141950,6.65,6.64,6.647271739130435
20230628093141980,6.65,6.64,6.647271739130435
20230628093142650,6.65,6.64,6.647271739130435
20230628093142940,6.65,6.64,6.647271739130435
20230628093142980,6.65,6.64,6.647271739130435
20230628093144610,6.65,6.64,6.647272480304265
20230628093144660,6.65,6.64,6.647272480304265
20230628093144750,6.65,6.64,6.647272480304265
20230628093144800,6.65,6.64,6.647272480304265
20230628093144940,6.65,6.64,6.647272480304265
20230628093145000,6.65,6.64,6.647272480304265
20230628093145490,6.65,6.64,6.647272480304265
20230628093147250,6.65,6.64,6.647272480304265
20230628093147320,6.65,6.64,6.647272480304265
20230628093147520,6.65,6.64,6.647272480304265
20230628093148310,6.65,6.64,6.647272480304265
20230628093150050,6.65,6.64,6.647272480304265
20230628093150120,6.65,6.64,6.647272480304265
20230628093150180,6.65,6.64,6.647272480304265
20230628093150220,6.65,6.64,6.647272480304265
20230628093150230,6.65,6.64,6.647272480304265
20230628093150240,6.65,6.64,6.647272480304265
20230628093150260,6.65,6.64,6.647272480304265
20230628093150270,6.65,6.64,6.647272480304265
20230628093150280,6.65,6.64,6.647272480304265
20230628093150310,6.65,6.64,6.647272480304265
20230628093150320,6.65,6.64,6.647272480304265
20230628093150750,6.65,6.64,6.647272480304265
20230628093150910,6.65,6.64,6.647272480304265
20230628093152570,6.65,6.64,6.647272480304265
20230628093152760,6.65,6.64,6.647272480304265
20230628093152770,6.65,6.64,6.647272480304265
20230628093152780,6.65,6.64,6.647272480304265
20230628093152790,6.65,6.64,6.647272480304265
20230628093152810,6.65,6.64,6.647272480304265
20230628093153150,6.65,6.64,6.647272480304265
20230628093153620,6.65,6.64,6.647272480304265
20230628093153770,6.65,6.64,6.647272480304265
20230628093155320,6.65,6.64,6.646987731662751
20230628093155550,6.65,6.64,6.646992442011989
20230628093155900,6.65,6.64,6.646992442011989
20230628093156370,6.65,6.64,6.646992442011989
20230628093156480,6.65,6.64,6.646992442011989
20230628093158080,6.65,6.64,6.646992442011989
20230628093158380,6.65,6.64,6.646992442011989
20230628093158950,6.65,6.64,6.646992442011989
20230628093200770,6.65,6.64,6.646992442011989
20230628093200850,6.65,6.64,6.646992442011989
20230628093201090,6.65,6.64,6.646965212876427
20230628093201100,6.65,6.64,6.646965212876427
20230628093201140,6.65,6.64,6.646965212876427
20230628093201160,6.65,6.64,6.646963405138853
20230628093201170,6.65,6.64,6.646961598339388
20230628093201200,6.65,6.64,6.646961598339388
20230628093201360,6.65,6.64,6.646961598339388
20230628093203690,6.65,6.64,6.646961598339388
20230628093203750,6.65,6.64,6.646961598339388
20230628093203860,6.65,6.65,6.646961598339388
20230628093204100,6.65,6.65,6.646961598339388
20230628093204390,6.65,6.65,6.646961598339388
20230628093204420,6.65,6.65,6.646961598339388
20230628093206160,6.65,6.65,6.646961598339388
20230628093206180,6.65,6.65,6.646961598339388
20230628093206290,6.65,6.65,6.646961598339388
20230628093206320,6.65,6.65,6.646961598339388
20230628093206420,6.65,6.65,6.646961598339388
20230628093208870,6.65,6.65,6.646961598339388
20230628093208940,6.65,6.65,6.646961598339388
20230628093209020,6.65,6.65,6.646961598339388
20230628093209730,6.65,6.65,6.646961598339388
20230628093209740,6.65,6.65,6.646957987551867
20230628093211540,6.65,6.65,6.646957987551867
20230628093211640,6.65,6.65,6.646957987551867
20230628093211710,6.65,6.65,6.646957987551867
20230628093211940,6.65,6.65,6.646957987551867
20230628093212090,6.65,6.65,6.646957987551867
20230628093212100,6.65,6.65,6.646957987551867
20230628093212160,6.65,6.65,6.64696571281258
20230628093212220,6.65,6.65,6.64696571281258
20230628093212400,6.65,6.65,6.64696571281258
20230628093214110,6.64,6.65,6.64696571281258
20230628093214130,6.64,6.65,6.64696571281258
20230628093214210,6.64,6.65,6.64696571281258
20230628093214230,6.65,6.65,6.64696571281258
20230628093214280,6.64,6.65,6.64696571281258
20230628093214370,6.64,6.65,6.64696571281258
20230628093214590,6.64,6.65,6.64696571281258
20230628093214670,6.64,6.65,6.64696571281258
20230628093214710,6.64,6.65,6.64696571281258
20230628093215140,6.64,6.65,6.64696571281258
20230628093215250,6.64,6.65,6.64696571281258
20230628093215260,6.64,6.65,6.64696571281258
20230628093215270,6.64,6.65,6.64696571281258
20230628093215290,6.64,6.65,6.64696571281258
20230628093216970,6.64,6.65,6.64696571281258
20230628093217120,6.64,6.65,6.64696571281258
20230628093217200,6.64,6.65,6.64696571281258
20230628093217330,6.64,6.65,6.646932956588749
20230628093217460,6.64,6.65,6.646932956588749
20230628093217730,6.64,6.65,6.646932956588749
20230628093217760,6.64,6.65,6.646932956588749
20230628093217810,6.64,6.65,6.646932956588749
20230628093217890,6.64,6.65,6.646932956588749
20230628093219610,6.64,6.65,6.646932956588749
20230628093219720,6.64,6.65,6.646932956588749
20230628093219910,6.64,6.65,6.646932956588749
20230628093220070,6.64,6.65,6.646932956588749
20230628093220190,6.64,6.65,6.646932956588749
20230628093220280,6.64,6.65,6.646932956588749
20230628093220360,6.64,6.65,6.646932956588749
20230628093220450,6.64,6.65,6.646932956588749
20230628093220590,6.64,6.65,6.646932956588749
20230628093220680,6.64,6.65,6.646932956588749
20230628093222300,6.64,6.65,6.646932956588749
20230628093222310,6.64,6.65,6.646932956588749
20230628093222340,6.64,6.65,6.646932956588749
20230628093222400,6.64,6.65,6.646932956588749
20230628093222590,6.64,6.65,6.646932956588749
20230628093222820,6.64,6.65,6.646932956588749
20230628093223070,6.64,6.64,6.6468464094045485
20230628093224930,6.64,6.64,6.6468464094045485
20230628093225080,6.64,6.64,6.646837803320562
20230628093225150,6.64,6.64,6.646837803320562
20230628093225540,6.64,6.64,6.646837803320562
20230628093225570,6.64,6.64,6.646837803320562
20230628093225640,6.64,6.64,6.646837803320562
20230628093225870,6.64,6.64,6.646837803320562
20230628093228080,6.64,6.64,6.646833503575077
20230628093228180,6.64,6.64,6.646833503575077
20230628093228300,6.64,6.64,6.646833503575077
20230628093228310,6.64,6.64,6.646833503575077
20230628093228330,6.64,6.64,6.646824910668709
20230628093230330,6.64,6.64,6.646820617504465
20230628093230420,6.64,6.64,6.646820617504465
20230628093230600,6.64,6.64,6.646820617504465
20230628093230680,6.64,6.64,6.646820617504465
20230628093230730,6.64,6.64,6.646820617504465
20230628093230940,6.64,6.64,6.646791158536585
20230628093230960,6.64,6.64,6.646791158536585
20230628093231080,6.64,6.64,6.646723178137652
20230628093231210,6.64,6.64,6.646723178137652
20230628093231230,6.64,6.64,6.646723178137652
20230628093231300,6.64,6.64,6.646723178137652
20230628093231340,6.64,6.64,6.646723178137652
20230628093233250,6.64,6.64,6.646704516780217
20230628093233260,6.64,6.64,6.646704516780217
20230628093233270,6.64,6.64,6.646704516780217
20230628093233290,6.64,6.64,6.646704516780217
20230628093233340,6.64,6.64,6.646704516780217
20230628093233940,6.64,6.64,6.646554138534634
20230628093234200,6.64,6.64,6.646554138534634
20230628093239440,6.64,6.64,6.646554138534634
20230628093239600,6.64,6.64,6.646545863534117
20230628093241260,6.64,6.64,6.646545863534117
20230628093241350,6.64,6.64,6.6464746600741655
20230628093241520,6.64,6.64,6.6464746600741655
20230628093242130,6.64,6.64,6.6464746600741655
20230628093242170,6.64,6.64,6.6464746600741655
20230628093242350,6.64,6.64,6.6464746600741655
20230628093244090,6.64,6.64,6.6464746600741655
20230628093244980,6.64,6.64,6.646469861660079
20230628093246640,6.64,6.64,6.646469861660079
20230628093249230,6.64,6.64,6.646469861660079
20230628093249260,6.64,6.64,6.646466666666667
20230628093249390,6.64,6.64,6.646466666666667
20230628093249600,6.64,6.64,6.646466666666667
20230628093249740,6.64,6.64,6.646466666666667
20230628093252410,6.64,6.64,6.646384690394929
20230628093252490,6.64,6.64,6.646344476744186
20230628093252500,6.64,6.64,6.646344476744186
20230628093252870,6.64,6.64,6.646333736396614
20230628093253050,6.64,6.64,6.64632150615496
20230628093255080,6.64,6.64,6.646318455971049
20230628093255090,6.64,6.64,6.646243146603099
20230628093255120,6.64,6.64,6.646238685088138
20230628093255170,6.64,6.64,6.646235714285714
20230628093255290,6.64,6.64,6.646235714285714
20230628093255330,6.64,6.64,6.646235714285714
20230628093255710,6.64,6.64,6.646235714285714
20230628093255830,6.64,6.64,6.646235714285714
20230628093257420,6.64,6.64,6.646235714285714
20230628093257900,6.64,6.64,6.646235714285714
20230628093258070,6.64,6.64,6.646235714285714
20230628093258110,6.64,6.64,6.646235714285714
20230628093258250,6.64,6.64,6.646235714285714
20230628093258520,6.64,6.64,6.646235714285714
20230628093300600,6.64,6.64,6.646235714285714
20230628093300630,6.64,6.64,6.646235714285714
20230628093300660,6.64,6.64,6.6462282996432815
20230628093301170,6.64,6.64,6.6462282996432815
20230628093302780,6.64,6.64,6.6462091038406825
20230628093303000,6.64,6.64,6.6462091038406825
20230628093303010,6.64,6.64,6.646195883605394
20230628093303120,6.64,6.64,6.646195883605394
20230628093303200,6.64,6.64,6.6459692092372284
20230628093303350,6.64,6.64,6.645471486304445
20230628093303380,6.64,6.64,6.645471486304445
20230628093303450,6.64,6.64,6.645471486304445
20230628093303500,6.64,6.64,6.645471486304445
20230628093305560,6.64,6.64,6.645471486304445
20230628093306400,6.64,6.64,6.645471486304445
20230628093308550,6.64,6.64,6.645471486304445
20230628093308590,6.64,6.64,6.645471486304445
20230628093310840,6.64,6.64,6.645471486304445
20230628093310930,6.64,6.64,6.645471486304445
20230628093311190,6.64,6.64,6.645471486304445
20230628093311740,6.64,6.64,6.645471486304445
20230628093311750,6.64,6.64,6.645471486304445
20230628093312040,6.64,6.64,6.645471486304445
20230628093313530,6.64,6.64,6.645471486304445
20230628093313570,6.64,6.64,6.645471486304445
20230628093314130,6.64,6.64,6.645471486304445
20230628093314410,6.64,6.64,6.645471486304445
20230628093316620,6.64,6.63,6.64505979560774
20230628093317020,6.64,6.63,6.64505979560774
20230628093317110,6.64,6.63,6.64505979560774
20230628093317400,6.64,6.63,6.6447202204323865
20230628093317410,6.64,6.63,6.6447202204323865
20230628093319000,6.64,6.63,6.6447202204323865
20230628093319080,6.64,6.63,6.6447202204323865
20230628093319450,6.64,6.63,6.644605997931747
20230628093319530,6.64,6.63,6.644605997931747
20230628093319600,6.64,6.63,6.644605997931747
20230628093320050,6.64,6.63,6.644605997931747
20230628093320080,6.64,6.63,6.644605045492142
20230628093322110,6.64,6.63,6.644601239669422
20230628093322330,6.64,6.63,6.644600289196447
20230628093322340,6.64,6.63,6.644599339116068
20230628093324890,6.64,6.63,6.644599339116068
20230628093325080,6.64,6.63,6.64459838942804
20230628093325100,6.64,6.63,6.644596491228071
20230628093325150,6.64,6.63,6.644596491228071
20230628093325260,6.64,6.63,6.644596491228071
20230628093325300,6.64,6.63,6.644596491228071
20230628093325310,6.64,6.63,6.644596491228071
20230628093325330,6.64,6.63,6.644596491228071
20230628093325340,6.64,6.63,6.644596491228071
20230628093325360,6.64,6.63,6.644596491228071
20230628093327100,6.64,6.64,6.6443251116721695
20230628093327110,6.64,6.64,6.6443251116721695
20230628093327150,6.64,6.64,6.6443167280480715
20230628093327310,6.64,6.64,6.6443167280480715
20230628093327340,6.64,6.64,6.644310044513257
20230628093327460,6.64,6.64,6.644310044513257
20230628093327510,6.64,6.64,6.644310044513257
20230628093327530,6.64,6.64,6.644310044513257
20230628093327930,6.64,6.64,6.644375358714368
20230628093327960,6.64,6.64,6.644375358714368
20230628093328030,6.64,6.64,6.644375358714368
20230628093328040,6.64,6.64,6.644375358714368
20230628093328090,6.64,6.64,6.644375358714368
20230628093328100,6.64,6.64,6.644375358714368
20230628093328110,6.64,6.64,6.644375358714368
20230628093328120,6.64,6.64,6.644375358714368
20230628093328130,6.64,6.64,6.644375358714368
20230628093328180,6.64,6.64,6.6444076820688345
20230628093330300,6.64,6.64,6.6444076820688345
20230628093330550,6.64,6.64,6.644406844106464
20230628093332450,6.64,6.64,6.644406844106464
20230628093332900,6.64,6.64,6.644404332129964
20230628093332910,6.64,6.64,6.644404332129964
20230628093333080,6.64,6.64,6.644404332129964
20230628093333500,6.64,6.64,6.644404332129964
20230628093333670,6.64,6.64,6.644326280623608
20230628093335210,6.64,6.64,6.644326280623608
20230628093335300,6.64,6.64,6.644326280623608
20230628093335660,6.64,6.64,6.644321468298109
20230628093336360,6.64,6.64,6.644321468298109
20230628093338220,6.64,6.64,6.644321468298109
20230628093338240,6.64,6.64,6.644321468298109
20230628093340560,6.64,6.64,6.644321468298109
20230628093340770,6.64,6.64,6.644316666666667
20230628093340780,6.64,6.64,6.644303119808012
20230628093340790,6.64,6.64,6.644295190713101
20230628093340800,6.64,6.64,6.644291237113402
20230628093340810,6.64,6.64,6.644288079470199
20230628093340820,6.64,6.64,6.644286502390584
20230628093340830,6.64,6.64,6.644284138945046
20230628093340840,6.64,6.64,6.644282564762079
20230628093340880,6.64,6.64,6.644282564762079
20230628093340890,6.64,6.64,6.64431404657933
20230628093340900,6.64,6.64,6.644311693035097
20230628093341080,6.64,6.64,6.644310909090909
20230628093341100,6.64,6.64,6.644310909090909
20230628093341160,6.64,6.64,6.644310909090909
20230628093341530,6.64,6.64,6.644310909090909
20230628093343340,6.64,6.64,6.644310909090909
20230628093343610,6.64,6.64,6.644310909090909
20230628093343780,6.64,6.64,6.644310909090909
20230628093344070,6.64,6.64,6.644310909090909
20230628093344480,6.64,6.64,6.644310909090909
20230628093346110,6.64,6.64,6.6442991840435175
20230628093346210,6.64,6.64,6.6442991840435175
20230628093346240,6.64,6.64,6.6442991840435175
20230628093348990,6.64,6.64,6.6442991840435175
20230628093349000,6.64,6.64,6.6442991840435175
20230628093349150,6.64,6.64,6.6442991840435175
20230628093349290,6.64,6.64,6.6442991840435175
20230628093349430,6.64,6.64,6.644289849828117
20230628093351590,6.64,6.64,6.644289849828117
20230628093352130,6.64,6.64,6.644289849828117
20230628093352170,6.64,6.64,6.644288298064749
20230628093352190,6.64,6.64,6.644288298064749
20230628093352250,6.64,6.64,6.644288298064749
20230628093354460,6.64,6.64,6.644288298064749
20230628093354570,6.64,6.64,6.644288298064749
20230628093355180,6.64,6.64,6.644288298064749
20230628093355270,6.64,6.64,6.644288298064749
20230628093357060,6.64,6.64,6.644288298064749
20230628093357150,6.64,6.64,6.644288298064749
20230628093357250,6.64,6.64,6.644288298064749
20230628093357660,6.64,6.64,6.644288298064749
20230628093357670,6.64,6.64,6.643801507134841
20230628093357680,6.64,6.64,6.643799070661753
20230628093357690,6.64,6.64,6.643799070661753
20230628093357700,6.64,6.64,6.643799070661753
20230628093357720,6.64,6.64,6.643799070661753
20230628093357740,6.64,6.64,6.643799070661753
20230628093357780,6.64,6.64,6.643799070661753
20230628093357980,6.64,6.64,6.643799070661753
20230628093359460,6.64,6.64,6.643799070661753
20230628093400300,6.64,6.64,6.643799070661753
20230628093400540,6.64,6.64,6.6437936
20230628093402190,6.64,6.64,6.6437936
20230628093402240,6.64,6.64,6.6437936
20230628093402430,6.64,6.64,6.6437936
20230628093402880,6.64,6.64,6.643786934994409
20230628093405120,6.64,6.64,6.643786934994409
20230628093405730,6.64,6.64,6.643780293367347
20230628093407580,6.64,6.64,6.643780293367347
20230628093408090,6.64,6.64,6.643780293367347
20230628093408300,6.64,6.64,6.643780293367347
20230628093408500,6.64,6.64,6.643780293367347
20230628093408720,6.64,6.64,6.643780293367347
20230628093410330,6.64,6.64,6.643780293367347
20230628093410400,6.64,6.64,6.643780293367347
20230628093410910,6.64,6.64,6.643780293367347
20230628093411130,6.64,6.64,6.643780293367347
20230628093413510,6.64,6.64,6.643780293367347
20230628093416290,6.64,6.64,6.643780293367347
20230628093416420,6.64,6.64,6.643780293367347
20230628093416600,6.64,6.64,6.643780293367347
20230628093418630,6.64,6.64,6.643780293367347
20230628093418660,6.64,6.64,6.643780293367347
20230628093419150,6.64,6.64,6.643780293367347
20230628093419180,6.64,6.64,6.643780293367347
20230628093419580,6.64,6.64,6.643780293367347
20230628093421290,6.64,6.64,6.643780293367347
20230628093421430,6.64,6.64,6.643780293367347
20230628093422060,6.64,6.64,6.643780293367347
20230628093422070,6.64,6.64,6.643780293367347
20230628093422080,6.64,6.64,6.643780293367347
20230628093422210,6.64,6.64,6.643780293367347
20230628093423800,6.64,6.64,6.643780293367347
20230628093424120,6.64,6.64,6.643780293367347
20230628093424350,6.64,6.64,6.643780293367347
20230628093424630,6.64,6.64,6.643780293367347
20230628093426600,6.64,6.64,6.643780293367347
20230628093427110,6.64,6.63,6.643780293367347
20230628093427450,6.64,6.63,6.643780293367347
20230628093429200,6.64,6.63,6.643780293367347
20230628093429370,6.64,6.63,6.643780293367347
20230628093429540,6.64,6.63,6.643780293367347
20230628093429970,6.64,6.63,6.643780293367347
20230628093430210,6.64,6.63,6.643780293367347
20230628093432420,6.64,6.63,6.643780293367347
20230628093432480,6.64,6.63,6.643780293367347
20230628093432560,6.64,6.63,6.643780293367347
20230628093432650,6.64,6.63,6.643780293367347
20230628093432780,6.64,6.63,6.643780293367347
20230628093435040,6.64,6.63,6.643780293367347
20230628093435090,6.64,6.63,6.643780293367347
20230628093435230,6.64,6.63,6.643780293367347
20230628093435510,6.64,6.63,6.643780293367347
20230628093437330,6.64,6.63,6.643780293367347
20230628093437820,6.64,6.63,6.643780293367347
20230628093438020,6.64,6.63,6.643780293367347
20230628093439910,6.64,6.63,6.643780293367347
20230628093440090,6.64,6.63,6.643780293367347
20230628093440880,6.64,6.63,6.643780293367347
20230628093445350,6.64,6.63,6.643780293367347
20230628093445460,6.64,6.63,6.643780293367347
20230628093446030,6.64,6.63,6.643780293367347
20230628093446090,6.64,6.63,6.643780293367347
20230628093448160,6.64,6.63,6.643780293367347
20230628093448950,6.64,6.63,6.643780293367347
20230628093449210,6.64,6.63,6.643780293367347
20230628093449250,6.64,6.63,6.643780293367347
20230628093451110,6.64,6.63,6.643780293367347
20230628093453990,6.64,6.63,6.643780293367347
20230628093456310,6.64,6.63,6.643780293367347
20230628093456390,6.64,6.63,6.643780293367347
20230628093501520,6.64,6.63,6.643780293367347
20230628093502310,6.64,6.63,6.643780293367347
20230628093502460,6.64,6.63,6.643780293367347
20230628093502750,6.65,6.63,6.643510004582251
20230628093504240,6.64,6.63,6.643510004582251
20230628093504250,6.64,6.63,6.643510004582251
20230628093506910,6.64,6.63,6.643510004582251
20230628093506980,6.64,6.63,6.643510004582251
20230628093507080,6.64,6.63,6.643510004582251
20230628093507090,6.64,6.63,6.643510004582251
20230628093507100,6.64,6.63,6.643510004582251
20230628093507120,6.64,6.63,6.643510004582251
20230628093507240,6.64,6.63,6.643510004582251
20230628093507280,6.64,6.63,6.643510004582251
20230628093507300,6.64,6.63,6.643510004582251
20230628093507310,6.64,6.63,6.643510004582251
20230628093507320,6.64,6.63,6.643510004582251
20230628093507340,6.64,6.63,6.643510004582251
20230628093507450,6.64,6.63,6.643510004582251
20230628093507830,6.64,6.63,6.643510004582251
20230628093507850,6.64,6.63,6.643510004582251
20230628093507950,6.64,6.63,6.643510004582251
20230628093508100,6.64,6.63,6.643510004582251
20230628093508160,6.64,6.63,6.643510004582251
20230628093509710,6.64,6.63,6.643510004582251
20230628093509800,6.64,6.63,6.643510004582251
20230628093510100,6.64,6.63,6.643510004582251
20230628093510300,6.64,6.63,6.643510004582251
20230628093510310,6.64,6.63,6.643510004582251
20230628093510330,6.64,6.63,6.643138235294118
20230628093510340,6.64,6.63,6.643019527834451
20230628093510350,6.64,6.63,6.6430100480559195
20230628093510360,6.64,6.63,6.642712009106432
20230628093510370,6.64,6.63,6.642668746454906
20230628093510380,6.64,6.63,6.6423261589403975
20230628093510390,6.64,6.63,6.6423261589403975
20230628093510410,6.64,6.63,6.6423261589403975
20230628093510510,6.64,6.63,6.642293931471033
20230628093510570,6.64,6.63,6.642293931471033
20230628093510690,6.64,6.63,6.642293931471033
20230628093510700,6.64,6.63,6.642293931471033
20230628093512320,6.64,6.63,6.642293931471033
20230628093512330,6.64,6.63,6.642293931471033
20230628093512340,6.64,6.63,6.642293931471033
20230628093512350,6.64,6.63,6.642293931471033
20230628093512360,6.64,6.63,6.642293931471033
20230628093512380,6.64,6.63,6.642293931471033
20230628093512670,6.64,6.63,6.642293931471033
20230628093513080,6.64,6.63,6.642293931471033
20230628093513110,6.64,6.63,6.642293931471033
20230628093513290,6.64,6.63,6.642293931471033
20230628093513520,6.64,6.63,6.642293931471033
20230628093515100,6.64,6.63,6.642293931471033
20230628093516110,6.64,6.63,6.642293931471033
20230628093516140,6.64,6.63,6.642293931471033
20230628093516150,6.64,6.63,6.642293931471033
20230628093516160,6.64,6.63,6.642293931471033
20230628093516170,6.64,6.63,6.642293931471033
20230628093516210,6.64,6.63,6.642293931471033
20230628093516230,6.64,6.63,6.642293931471033
20230628093517780,6.64,6.63,6.642293931471033
20230628093518550,6.64,6.63,6.642293931471033
20230628093520430,6.64,6.63,6.642293931471033
20230628093520490,6.64,6.63,6.642293931471033
20230628093520620,6.64,6.63,6.642293931471033
20230628093520720,6.64,6.63,6.642293931471033
20230628093521200,6.64,6.63,6.642293931471033
20230628093523620,6.64,6.63,6.642293931471033
20230628093526040,6.64,6.63,6.642293931471033
20230628093526110,6.64,6.63,6.642293931471033
20230628093526260,6.64,6.63,6.642293931471033
20230628093526270,6.64,6.63,6.642293931471033
20230628093526510,6.64,6.63,6.642293931471033
20230628093526600,6.64,6.63,6.642293931471033
20230628093528770,6.64,6.63,6.642293931471033
20230628093529420,6.64,6.63,6.642293931471033
20230628093529720,6.64,6.63,6.642293931471033
20230628093531210,6.64,6.63,6.642293931471033
20230628093531250,6.64,6.63,6.642293931471033
20230628093531460,6.64,6.63,6.642293931471033
20230628093531850,6.64,6.63,6.642293931471033
20230628093534150,6.64,6.63,6.642293931471033
20230628093534190,6.64,6.63,6.642243080295971
20230628093534930,6.64,6.63,6.642243080295971
20230628093536810,6.64,6.63,6.642243080295971
20230628093537110,6.64,6.63,6.642243080295971
20230628093537160,6.64,6.63,6.642243080295971
20230628093537190,6.64,6.63,6.642243080295971
20230628093537680,6.64,6.63,6.642243080295971
20230628093537770,6.64,6.63,6.642243080295971
20230628093539590,6.64,6.63,6.642243080295971
20230628093540200,6.64,6.63,6.642243080295971
20230628093540300,6.64,6.63,6.642243080295971
20230628093540310,6.64,6.63,6.642236644350321
20230628093540530,6.64,6.63,6.642236644350321
20230628093540550,6.64,6.63,6.642236644350321
20230628093543230,6.64,6.63,6.642236644350321
20230628093550390,6.64,6.63,6.642236644350321
20230628093551360,6.64,6.63,6.642236644350321
20230628093553010,6.64,6.63,6.642236644350321
20230628093555530,6.64,6.63,6.642236644350321
20230628093555810,6.64,6.63,6.642236644350321
20230628093555880,6.64,6.63,6.642233301461549
20230628093556190,6.64,6.63,6.642233301461549
20230628093558230,6.64,6.63,6.642233301461549
20230628093558460,6.64,6.63,6.642232081911263
20230628093600990,6.64,6.63,6.642232081911263
20230628093601050,6.64,6.63,6.6422229775662815
20230628093603790,6.64,6.63,6.6422229775662815
20230628093604150,6.64,6.63,6.6422229775662815
20230628093604430,6.64,6.63,6.6422229775662815
20230628093604630,6.64,6.63,6.6422229775662815
20230628093606450,6.64,6.63,6.642220562270814
20230628093606470,6.64,6.63,6.642220562270814
20230628093606550,6.64,6.63,6.64221226927253
20230628093606730,6.64,6.63,6.64221226927253
20230628093607080,6.64,6.63,6.64221226927253
20230628093607130,6.64,6.63,6.642211969059574
20230628093607200,6.64,6.63,6.642211969059574
20230628093607260,6.64,6.63,6.642205384927615
20230628093610120,6.64,6.63,6.642205384927615
20230628093611780,6.64,6.63,6.642205384927615
20230628093612260,6.64,6.63,6.642205384927615
20230628093612280,6.64,6.63,6.642205384927615
20230628093612300,6.64,6.63,6.642205384927615
20230628093612600,6.64,6.63,6.642205384927615
20230628093615240,6.64,6.63,6.642205384927615
20230628093615400,6.64,6.63,6.642205384927615
20230628093617210,6.64,6.63,6.642204788313269
20230628093617260,6.64,6.63,6.642204192021636
20230628093617270,6.64,6.63,6.6422032981887
20230628093617660,6.64,6.63,6.6422032981887
20230628093617680,6.64,6.63,6.6422032981887
20230628093617710,6.64,6.63,6.642170396333244
20230628093617760,6.64,6.63,6.642170396333244
20230628093618110,6.64,6.63,6.642150537634409
20230628093618120,6.64,6.63,6.642150248622497
20230628093618150,6.64,6.63,6.642149959688256
20230628093618190,6.64,6.63,6.642149670831654
20230628093618320,6.64,6.63,6.642149670831654
20230628093618330,6.64,6.63,6.642148804727371
20230628093620100,6.64,6.63,6.642148516181012
20230628093620140,6.64,6.63,6.642146786528914
20230628093620470,6.64,6.63,6.642146786528914
20230628093621060,6.64,6.63,6.64214563497385
20230628093622710,6.64,6.63,6.64214563497385
20230628093623360,6.64,6.63,6.64214563497385
20230628093625220,6.64,6.63,6.64214563497385
20230628093625480,6.64,6.63,6.64214563497385
20230628093625880,6.64,6.63,6.64214563497385
20230628093625980,6.64,6.63,6.64214563497385
20230628093626240,6.64,6.63,6.64214563497385
20230628093626340,6.64,6.63,6.64214563497385
20230628093626370,6.64,6.63,6.64214563497385
20230628093628020,6.64,6.63,6.642144197266148
20230628093628030,6.64,6.63,6.642143909955782
20230628093628040,6.64,6.63,6.642143622722401
20230628093628190,6.64,6.63,6.642143622722401
20230628093628430,6.64,6.63,6.642111170497061
20230628093628580,6.64,6.63,6.642111170497061
20230628093628590,6.64,6.63,6.642111170497061
20230628093628600,6.64,6.63,6.642111170497061
20230628093628630,6.64,6.63,6.642111170497061
20230628093628730,6.64,6.63,6.642110324562575
20230628093630930,6.64,6.63,6.642110324562575
20230628093631070,6.64,6.63,6.642110324562575
20230628093631100,6.64,6.63,6.642110324562575
20230628093631360,6.64,6.63,6.642108916177255
20230628093631370,6.64,6.63,6.642108916177255
20230628093631380,6.64,6.63,6.642108916177255
20230628093633930,6.64,6.63,6.642108916177255
20230628093634150,6.64,6.63,6.642054212064842
20230628093636140,6.64,6.63,6.642053393544959
20230628093636920,6.64,6.63,6.642053393544959
20230628093637170,6.64,6.63,6.642053393544959
20230628093637220,6.64,6.63,6.642053393544959
20230628093637240,6.64,6.63,6.642053393544959
20230628093639340,6.64,6.63,6.642053393544959
20230628093639820,6.64,6.63,6.642053393544959
20230628093641620,6.64,6.63,6.642053393544959
20230628093644310,6.64,6.63,6.642053393544959
20230628093644860,6.64,6.63,6.642039002387901
20230628093646830,6.64,6.63,6.642039002387901
20230628093646850,6.64,6.63,6.642039002387901
20230628093647050,6.64,6.63,6.642039002387901
20230628093647130,6.64,6.63,6.642039002387901
20230628093647260,6.64,6.63,6.642039002387901
20230628093647810,6.64,6.63,6.642039002387901
20230628093648030,6.64,6.63,6.642039002387901
20230628093649760,6.64,6.63,6.642039002387901
20230628093652370,6.64,6.63,6.642039002387901
20230628093652460,6.64,6.63,6.642039002387901
20230628093652520,6.64,6.63,6.642039002387901
20230628093655070,6.64,6.63,6.64202119205298
20230628093655080,6.64,6.63,6.642020389249305
20230628093655120,6.64,6.63,6.642020389249305
20230628093655340,6.64,6.63,6.642020389249305
20230628093655550,6.64,6.63,6.642020389249305
20230628093655970,6.64,6.63,6.641991810857219
20230628093658400,6.64,6.63,6.641991284827677
20230628093658470,6.64,6.63,6.641991284827677
20230628093700360,6.64,6.63,6.6418581875163225
20230628093700640,6.64,6.63,6.641842548232552
20230628093700680,6.64,6.63,6.641842548232552
20230628093700760,6.64,6.63,6.641836417755921
20230628093700960,6.64,6.63,6.641836417755921
20230628093701000,6.64,6.63,6.641836417755921
20230628093701070,6.64,6.63,6.641834518422754
20230628093701350,6.64,6.63,6.641834518422754
20230628093703650,6.64,6.63,6.641834518422754
20230628093703660,6.64,6.63,6.641834518422754
20230628093703720,6.64,6.63,6.641834518422754
20230628093704080,6.64,6.63,6.64183380718532
20230628093704240,6.64,6.63,6.64183380718532
20230628093706470,6.64,6.63,6.64183380718532
20230628093706750,6.64,6.63,6.64183380718532
20230628093711410,6.64,6.63,6.64183380718532
20230628093711420,6.64,6.63,6.64183380718532
20230628093711580,6.64,6.63,6.64183380718532
20230628093712070,6.64,6.63,6.64183380718532
20230628093714000,6.64,6.63,6.641787874887373
20230628093714440,6.64,6.63,6.641787874887373
20230628093716710,6.64,6.63,6.641787874887373
20230628093716880,6.64,6.63,6.641787874887373
20230628093717700,6.64,6.63,6.641787874887373
20230628093719230,6.64,6.63,6.641787874887373
20230628093722180,6.64,6.63,6.641624777862401
20230628093722210,6.64,6.63,6.641624777862401
20230628093722280,6.64,6.63,6.641624777862401
20230628093722300,6.64,6.63,6.641624777862401
20230628093724590,6.64,6.63,6.641624777862401
20230628093725130,6.64,6.63,6.641624777862401
20230628093725170,6.64,6.63,6.641624777862401
20230628093725480,6.64,6.63,6.641624777862401
20230628093725650,6.64,6.63,6.641624777862401
20230628093727590,6.64,6.63,6.641624777862401
20230628093727680,6.64,6.63,6.641624777862401
20230628093727810,6.64,6.63,6.641624777862401
20230628093727820,6.64,6.63,6.641624777862401
20230628093728040,6.64,6.63,6.641624777862401
20230628093728050,6.64,6.63,6.641624777862401
20230628093730300,6.64,6.63,6.641624777862401
20230628093732920,6.64,6.63,6.641612371656737
20230628093733160,6.64,6.63,6.641612371656737
20230628093733930,6.64,6.63,6.641612371656737
20230628093736090,6.64,6.63,6.641612371656737
20230628093736110,6.64,6.63,6.641612371656737
20230628093738250,6.64,6.63,6.641612371656737
20230628093738360,6.64,6.63,6.641612371656737
20230628093739350,6.64,6.63,6.641612371656737
20230628093740950,6.64,6.63,6.641612371656737
20230628093741010,6.64,6.63,6.641612371656737
20230628093741410,6.64,6.63,6.641612371656737
20230628093741630,6.64,6.63,6.641612371656737
20230628093741650,6.64,6.63,6.641612371656737
20230628093743540,6.64,6.63,6.641612371656737
20230628093744630,6.64,6.63,6.641612371656737
20230628093744750,6.64,6.63,6.641612371656737
20230628093746400,6.64,6.63,6.641612371656737
20230628093747400,6.64,6.63,6.641612371656737
20230628093747410,6.64,6.63,6.641612371656737
20230628093747440,6.64,6.63,6.641612371656737
20230628093749010,6.64,6.63,6.641612371656737
20230628093749020,6.64,6.63,6.641612371656737
20230628093749070,6.64,6.63,6.641612371656737
20230628093749080,6.64,6.63,6.641612371656737
20230628093749500,6.64,6.63,6.641584934277048
20230628093750020,6.64,6.63,6.641584934277048
20230628093752080,6.64,6.63,6.641582006570634
20230628093752090,6.64,6.63,6.641580543272267
20230628093752100,6.64,6.63,6.641580543272267
20230628093752110,6.64,6.63,6.641580543272267
20230628093752170,6.64,6.63,6.641580543272267
20230628093752460,6.64,6.63,6.641580543272267
20230628093752640,6.64,6.63,6.641580543272267
20230628093755070,6.63,6.63,6.641580543272267
20230628093755080,6.64,6.63,6.641525210612348
20230628093755100,6.64,6.63,6.6414897088353415
20230628093755110,6.64,6.63,6.6414882670347595
20230628093755120,6.64,6.63,6.6414882670347595
20230628093755170,6.64,6.63,6.6414882670347595
20230628093755180,6.64,6.63,6.6414882670347595
20230628093755220,6.64,6.63,6.6414882670347595
20230628093757260,6.64,6.63,6.6414882670347595
20230628093757460,6.64,6.63,6.6414882670347595
20230628093757470,6.64,6.63,6.641486825595985
20230628093757510,6.64,6.63,6.641485384518881
20230628093757860,6.63,6.63,6.641483943803312
20230628093758110,6.63,6.63,6.641483943803312
20230628093759990,6.63,6.63,6.64140099626401
20230628093800010,6.63,6.63,6.641391066318278
20230628093800020,6.63,6.63,6.64138823236721
20230628093800400,6.63,6.63,6.641295496607032
20230628093800430,6.63,6.63,6.641295496607032
20230628093803200,6.63,6.63,6.641295496607032
20230628093803270,6.63,6.63,6.641294103133482
20230628093803490,6.63,6.63,6.6412927100037
20230628093803550,6.63,6.63,6.6412927100037
20230628093803610,6.63,6.63,6.6412899247749415
20230628093805100,6.63,6.63,6.6412899247749415
20230628093805660,6.63,6.63,6.6412899247749415
20230628093805800,6.63,6.63,6.6412899247749415
20230628093806330,6.63,6.63,6.6412899247749415
20230628093808300,6.63,6.63,6.6412899247749415
20230628093809040,6.63,6.63,6.6412899247749415
20230628093810810,6.63,6.63,6.6412899247749415
20230628093810860,6.63,6.63,6.6412899247749415
20230628093810960,6.63,6.63,6.641288532675709
20230628093811160,6.63,6.63,6.641288532675709
20230628093813290,6.63,6.63,6.641288532675709
20230628093814070,6.63,6.63,6.641288532675709
20230628093815930,6.63,6.63,6.641288532675709
20230628093816100,6.63,6.63,6.641288532675709
20230628093816120,6.63,6.63,6.641288532675709
20230628093816310,6.63,6.63,6.641260762607626
20230628093816590,6.63,6.63,6.641219362745098
20230628093818600,6.63,6.63,6.641219362745098
20230628093819240,6.63,6.63,6.641219362745098
20230628093819650,6.63,6.63,6.641207002081038
20230628093819840,6.63,6.63,6.641207002081038
20230628093822360,6.63,6.63,6.641207002081038
20230628093824940,6.63,6.63,6.641207002081038
20230628093825200,6.63,6.63,6.641207002081038
20230628093827220,6.63,6.63,6.641207002081038
20230628093830260,6.63,6.63,6.641207002081038
20230628093830580,6.63,6.63,6.641207002081038
20230628093832440,6.63,6.63,6.641205673758865
20230628093833060,6.63,6.63,6.641205673758865
20230628093835130,6.63,6.63,6.641205526347965
20230628093835270,6.63,6.63,6.641205526347965
20230628093837840,6.63,6.63,6.641205526347965
20230628093838250,6.63,6.63,6.641205526347965
20230628093840360,6.63,6.63,6.641205526347965
20230628093843070,6.63,6.63,6.641205526347965
20230628093843140,6.63,6.63,6.641205526347965
20230628093846240,6.63,6.63,6.641205526347965
20230628093846420,6.63,6.63,6.641205526347965
20230628093849200,6.63,6.63,6.641205526347965
20230628093849260,6.63,6.63,6.641205526347965
20230628093849300,6.63,6.63,6.641205526347965
20230628093849420,6.63,6.63,6.641205526347965
20230628093851080,6.63,6.63,6.641205526347965
20230628093851180,6.63,6.63,6.641204009289818
20230628093851300,6.63,6.63,6.641204009289818
20230628093851320,6.63,6.63,6.641204009289818
20230628093851620,6.63,6.63,6.641204009289818
20230628093854820,6.63,6.63,6.641204009289818
20230628093856450,6.63,6.63,6.641204009289818
20230628093859180,6.63,6.63,6.641195798216685
20230628093900210,6.63,6.63,6.641195798216685
20230628093900220,6.63,6.63,6.641195798216685
20230628093902090,6.63,6.63,6.641195798216685
20230628093902580,6.63,6.63,6.641195798216685
20230628093902640,6.63,6.63,6.641195798216685
20230628093907420,6.63,6.63,6.641195798216685
20230628093907540,6.63,6.63,6.641195798216685
20230628093907600,6.63,6.63,6.641195798216685
20230628093908340,6.63,6.63,6.641195798216685
20230628093910070,6.63,6.63,6.641195798216685
20230628093910120,6.63,6.63,6.641195798216685
20230628093910170,6.63,6.63,6.641195798216685
20230628093910190,6.63,6.63,6.641195798216685
20230628093910450,6.63,6.63,6.641195798216685
20230628093910790,6.63,6.63,6.641195798216685
20230628093910800,6.63,6.63,6.641195798216685
20230628093911020,6.63,6.63,6.641195798216685
20230628093911040,6.64,6.63,6.641195798216685
20230628093912800,6.64,6.63,6.641195798216685
20230628093913070,6.64,6.63,6.641195798216685
20230628093913080,6.64,6.63,6.641195798216685
20230628093913090,6.64,6.63,6.641195798216685
20230628093913320,6.64,6.63,6.641195798216685
20230628093913330,6.64,6.63,6.641195798216685
20230628093915330,6.64,6.63,6.641195798216685
20230628093915500,6.64,6.63,6.641195798216685
20230628093915690,6.64,6.63,6.641195798216685
20230628093915980,6.64,6.63,6.641195798216685
20230628093916040,6.64,6.63,6.641195798216685
20230628093916070,6.64,6.63,6.641195798216685
20230628093916090,6.64,6.63,6.641195798216685
20230628093916120,6.64,6.63,6.641195798216685
20230628093918670,6.64,6.63,6.641195798216685
20230628093919080,6.64,6.63,6.641195798216685
20230628093919150,6.64,6.63,6.641195798216685
20230628093923840,6.64,6.63,6.641195798216685
20230628093923850,6.64,6.63,6.641195798216685
20230628093923880,6.64,6.63,6.641195798216685
20230628093923970,6.64,6.63,6.641195798216685
20230628093927170,6.64,6.63,6.641142182890856
20230628093928960,6.64,6.63,6.641142182890856
20230628093932650,6.64,6.63,6.641142182890856
20230628093934260,6.64,6.63,6.641142182890856
20230628093934300,6.64,6.63,6.641142182890856
20230628093934650,6.64,6.63,6.641142182890856
20230628093934900,6.64,6.63,6.641142182890856
20230628093935330,6.64,6.63,6.641142182890856
20230628093937080,6.64,6.63,6.641142182890856
20230628093937200,6.64,6.63,6.641142182890856
20230628093937240,6.64,6.63,6.641142182890856
20230628093937300,6.64,6.63,6.641142182890856
20230628093939850,6.64,6.63,6.641142182890856
20230628093939970,6.64,6.63,6.641142182890856
20230628093940130,6.64,6.63,6.641142182890856
20230628093940340,6.64,6.63,6.641142182890856
20230628093943120,6.64,6.63,6.641142182890856
20230628093943160,6.64,6.63,6.641142182890856
20230628093943170,6.64,6.63,6.641142182890856
20230628093943290,6.64,6.63,6.641142182890856
20230628093945530,6.64,6.63,6.641142182890856
20230628093945600,6.64,6.63,6.641142182890856
20230628093946080,6.64,6.63,6.641142182890856
20230628093946090,6.64,6.63,6.641142182890856
20230628093946150,6.64,6.63,6.641142182890856
20230628093946230,6.64,6.63,6.641142182890856
20230628093948000,6.64,6.63,6.641142182890856
20230628093951210,6.64,6.63,6.641142182890856
20230628093951400,6.64,6.63,6.641142182890856
20230628093953510,6.64,6.63,6.641142182890856
20230628093953610,6.64,6.63,6.641142182890856
20230628093953810,6.64,6.63,6.641142182890856
20230628093958970,6.64,6.63,6.641142182890856
20230628093959490,6.64,6.63,6.641142182890856
20230628094001620,6.64,6.63,6.641142182890856
20230628094001710,6.64,6.63,6.641105004677269
20230628094004380,6.64,6.63,6.641105004677269
20230628094004760,6.64,6.63,6.641105004677269
20230628094007090,6.64,6.63,6.641105004677269
20230628094007400,6.64,6.63,6.641081301761344
20230628094007820,6.64,6.63,6.641081301761344
20230628094009380,6.64,6.63,6.641081301761344
20230628094010190,6.64,6.63,6.641081301761344
20230628094012900,6.64,6.63,6.641081301761344
20230628094013130,6.64,6.63,6.641081301761344
20230628094018170,6.64,6.63,6.641068391005476
20230628094020920,6.64,6.63,6.641068391005476
20230628094023400,6.64,6.63,6.641068391005476
20230628094025890,6.64,6.63,6.641068391005476
20230628094026370,6.64,6.63,6.641068391005476
20230628094028190,6.64,6.63,6.641068391005476
20230628094028740,6.64,6.63,6.641068391005476
20230628094031300,6.64,6.63,6.641068391005476
20230628094031310,6.64,6.63,6.641055510299081
20230628094031400,6.64,6.63,6.641055510299081
20230628094031420,6.64,6.63,6.641055510299081
20230628094031480,6.64,6.63,6.641055510299081
20230628094031540,6.64,6.63,6.641055510299081
20230628094031580,6.64,6.63,6.641055510299081
20230628094036500,6.64,6.63,6.641055510299081
20230628094036560,6.64,6.63,6.641055510299081
20230628094039280,6.64,6.63,6.641055510299081
20230628094040080,6.64,6.63,6.641045759186503
20230628094042160,6.64,6.63,6.641045759186503
20230628094042350,6.64,6.63,6.641045759186503
20230628094042400,6.64,6.63,6.641045759186503
20230628094042470,6.64,6.63,6.641045759186503
20230628094047160,6.64,6.63,6.641045759186503
20230628094047260,6.64,6.63,6.641045759186503
20230628094047270,6.64,6.63,6.641045759186503
20230628094047280,6.64,6.63,6.641045759186503
20230628094047660,6.63,6.63,6.641045759186503
20230628094047680,6.63,6.63,6.641045759186503
20230628094048000,6.63,6.63,6.641045759186503
20230628094048010,6.63,6.63,6.641045759186503
20230628094048230,6.63,6.63,6.641045759186503
20230628094049910,6.63,6.63,6.640905552375501
20230628094049980,6.63,6.63,6.640905552375501
20230628094050220,6.63,6.63,6.640905552375501
20230628094050310,6.63,6.63,6.640905552375501
20230628094050730,6.63,6.63,6.640905552375501
20230628094052510,6.63,6.63,6.640905552375501
20230628094053060,6.63,6.63,6.640905552375501
20230628094053110,6.63,6.63,6.640905552375501
20230628094053120,6.63,6.63,6.640905552375501
20230628094053170,6.63,6.63,6.640905552375501
20230628094053380,6.63,6.63,6.640905552375501
20230628094053460,6.63,6.63,6.640905552375501
20230628094055250,6.63,6.63,6.640905552375501
20230628094055330,6.63,6.63,6.640905552375501
20230628094055380,6.63,6.63,6.640741033160388
20230628094055410,6.63,6.63,6.640741033160388
20230628094055420,6.63,6.63,6.640741033160388
20230628094055760,6.63,6.63,6.640741033160388
20230628094056000,6.63,6.63,6.640741033160388
20230628094056010,6.63,6.63,6.640741033160388
20230628094056030,6.63,6.63,6.640741033160388
20230628094056140,6.63,6.63,6.640741033160388
20230628094056150,6.63,6.63,6.640731350011269
20230628094056210,6.63,6.63,6.640726514980852
20230628094058080,6.63,6.63,6.6406951931716085
20230628094058090,6.63,6.63,6.6406784032294235
20230628094058100,6.63,6.63,6.640673615781215
20230628094058110,6.63,6.63,6.640659279158272
20230628094058120,6.63,6.63,6.640625976344566
20230628094058130,6.64,6.63,6.640612949960994
20230628094058170,6.64,6.63,6.640519164917706
20230628094058350,6.64,6.63,6.640519164917706
20230628094059000,6.64,6.63,6.64051684152402
20230628094059030,6.64,6.63,6.6405133583572535
20230628094059100,6.64,6.63,6.640500606461573
20230628094101040,6.64,6.63,6.640500606461573
20230628094101110,6.64,6.63,6.640500606461573
20230628094101130,6.64,6.63,6.640500606461573
20230628094101230,6.64,6.63,6.640500606461573
20230628094101280,6.64,6.63,6.640500606461573
20230628094101480,6.64,6.63,6.640500606461573
20230628094103280,6.64,6.63,6.640500606461573
20230628094103320,6.64,6.63,6.640500606461573
20230628094103330,6.64,6.63,6.640500606461573
20230628094103370,6.64,6.63,6.640500606461573
20230628094104190,6.64,6.63,6.640500606461573
20230628094106300,6.64,6.63,6.640500606461573
20230628094107070,6.64,6.63,6.640486784140969
20230628094107080,6.64,6.63,6.640486784140969
20230628094107190,6.64,6.63,6.640486784140969
20230628094107200,6.64,6.63,6.64046718698472
20230628094109420,6.64,6.63,6.64046718698472
20230628094112040,6.64,6.63,6.64046718698472
20230628094112150,6.64,6.63,6.64046718698472
20230628094112470,6.64,6.63,6.64046718698472
20230628094112600,6.64,6.63,6.64046718698472
20230628094114120,6.64,6.63,6.64046718698472
20230628094114140,6.64,6.63,6.64046718698472
20230628094117350,6.64,6.63,6.64046718698472
20230628094117530,6.64,6.63,6.640441837517816
20230628094117920,6.64,6.63,6.640441837517816
20230628094122350,6.63,6.63,6.640441837517816
20230628094122390,6.63,6.63,6.640441837517816
20230628094122400,6.63,6.63,6.640441837517816
20230628094122430,6.63,6.63,6.640441837517816
20230628094122760,6.63,6.63,6.640441837517816
20230628094123060,6.63,6.63,6.640441837517816
20230628094125040,6.63,6.63,6.640441837517816
20230628094125070,6.63,6.63,6.640441837517816
20230628094125080,6.63,6.63,6.640441837517816
20230628094125090,6.63,6.63,6.640441837517816
20230628094125220,6.63,6.63,6.640441837517816
20230628094125330,6.63,6.63,6.640441837517816
20230628094125380,6.63,6.63,6.640441837517816
20230628094125450,6.63,6.63,6.640441837517816
20230628094127600,6.63,6.63,6.640441837517816
20230628094128630,6.63,6.63,6.640396244951424
20230628094128640,6.63,6.63,6.640389440383986
20230628094128780,6.63,6.63,6.640372467871924
20230628094130280,6.64,6.63,6.64036355905177
20230628094130470,6.64,6.63,6.640362303442414
20230628094130490,6.64,6.63,6.6403502069404645
20230628094130600,6.64,6.63,6.640349108658744
20230628094130770,6.64,6.63,6.640349108658744
20230628094130960,6.64,6.63,6.640349108658744
20230628094131070,6.64,6.63,6.640346912794398
20230628094131080,6.64,6.63,6.640344717861689
20230628094133100,6.64,6.63,6.640344717861689
20230628094133260,6.64,6.63,6.640344717861689
20230628094133560,6.64,6.63,6.64033156779661
20230628094134110,6.64,6.63,6.64033156779661
20230628094134120,6.64,6.63,6.64033156779661
20230628094138390,6.64,6.63,6.64033156779661
20230628094141380,6.64,6.63,6.64033156779661
20230628094141530,6.64,6.63,6.64033156779661
20230628094141890,6.64,6.63,6.64033156779661
20230628094142010,6.64,6.63,6.640310815096734
20230628094143780,6.64,6.63,6.640310815096734
20230628094143860,6.64,6.63,6.640308635450798
20230628094144730,6.64,6.63,6.640308635450798
20230628094146870,6.64,6.63,6.640308635450798
20230628094150380,6.64,6.63,6.640308635450798
20230628094152040,6.64,6.63,6.640308635450798
20230628094152070,6.64,6.63,6.640308635450798
20230628094152100,6.63,6.63,6.640307545973367
20230628094152130,6.63,6.63,6.640307545973367
20230628094152160,6.63,6.63,6.640307545973367
20230628094152310,6.63,6.63,6.640307545973367
20230628094152320,6.63,6.63,6.640307545973367
20230628094152960,6.63,6.63,6.640307545973367
20230628094153130,6.63,6.63,6.640307545973367
20230628094154940,6.63,6.63,6.640307545973367
20230628094155080,6.63,6.63,6.640299926074559
20230628094155210,6.63,6.63,6.640299926074559
20230628094155380,6.63,6.63,6.640299926074559
20230628094155710,6.63,6.63,6.640299926074559
20230628094155760,6.63,6.63,6.640299926074559
20230628094157390,6.63,6.63,6.640299926074559
20230628094157480,6.63,6.63,6.640299926074559
20230628094157640,6.63,6.63,6.640299926074559
20230628094158030,6.63,6.63,6.640299926074559
20230628094158120,6.63,6.63,6.640294490183661
20230628094158280,6.63,6.63,6.640294490183661
20230628094200120,6.63,6.63,6.640294490183661
20230628094200140,6.63,6.63,6.640294490183661
20230628094200160,6.63,6.63,6.640294490183661
20230628094201110,6.63,6.63,6.640294490183661
20230628094201130,6.63,6.63,6.640294490183661
20230628094202860,6.63,6.63,6.640293403693931
20230628094203510,6.63,6.63,6.640293403693931
20230628094203650,6.63,6.63,6.640293403693931
20230628094205460,6.63,6.63,6.640293403693931
20230628094206190,6.63,6.63,6.640293403693931
20230628094206390,6.63,6.63,6.640293403693931
20230628094206480,6.63,6.63,6.640293403693931
20230628094208460,6.63,6.63,6.640293403693931
20230628094208820,6.63,6.63,6.640293403693931
20230628094210780,6.63,6.63,6.640293403693931
20230628094211660,6.63,6.63,6.640293403693931
20230628094211700,6.63,6.63,6.640293403693931
20230628094216260,6.63,6.63,6.6402361460957176
20230628094219140,6.63,6.63,6.6402361460957176
20230628094222220,6.63,6.63,6.6402361460957176
20230628094224300,6.63,6.63,6.6402361460957176
20230628094224440,6.62,6.63,6.6402361460957176
20230628094224550,6.62,6.63,6.6402361460957176
20230628094224560,6.62,6.63,6.6402361460957176
20230628094224580,6.62,6.63,6.6402361460957176
20230628094225070,6.62,6.63,6.6402361460957176
20230628094225080,6.62,6.63,6.6402361460957176
20230628094225090,6.62,6.63,6.6402361460957176
20230628094225120,6.62,6.63,6.6402361460957176
20230628094225130,6.62,6.63,6.6402361460957176
20230628094225350,6.62,6.63,6.6402361460957176
20230628094225390,6.63,6.63,6.6402361460957176
20230628094225420,6.63,6.63,6.6402361460957176
20230628094227760,6.62,6.63,6.6402361460957176
20230628094228000,6.62,6.63,6.6402361460957176
20230628094228080,6.62,6.63,6.6402361460957176
20230628094228090,6.62,6.63,6.6402361460957176
20230628094228160,6.62,6.63,6.6402361460957176
20230628094228210,6.62,6.63,6.6402361460957176
20230628094230300,6.62,6.63,6.6402361460957176
20230628094232880,6.62,6.63,6.6402361460957176
20230628094233220,6.62,6.63,6.6402361460957176
20230628094233580,6.62,6.63,6.6402361460957176
20230628094233600,6.62,6.63,6.6402361460957176
20230628094235300,6.62,6.63,6.6402361460957176
20230628094235590,6.62,6.63,6.6402361460957176
20230628094235650,6.62,6.63,6.6402361460957176
20230628094235770,6.62,6.63,6.6402361460957176
20230628094237840,6.62,6.63,6.6402361460957176
20230628094237940,6.62,6.63,6.6402361460957176
20230628094238680,6.62,6.63,6.6402361460957176
20230628094240650,6.62,6.63,6.6402361460957176
20230628094241340,6.62,6.63,6.6402361460957176
20230628094241540,6.62,6.63,6.6402361460957176
20230628094241650,6.62,6.63,6.6402361460957176
20230628094241670,6.62,6.63,6.6402361460957176
20230628094241690,6.62,6.63,6.6402361460957176
20230628094243280,6.62,6.63,6.6402361460957176
20230628094243460,6.62,6.63,6.6402361460957176
20230628094243890,6.62,6.63,6.6402361460957176
20230628094243930,6.62,6.63,6.6402361460957176
20230628094243950,6.62,6.63,6.6402361460957176
20230628094244100,6.62,6.63,6.6402361460957176
20230628094246190,6.62,6.63,6.6402361460957176
20230628094246290,6.62,6.63,6.6402361460957176
20230628094246300,6.62,6.63,6.6402361460957176
20230628094246420,6.62,6.63,6.6402361460957176
20230628094248880,6.62,6.63,6.6402361460957176
20230628094249000,6.62,6.63,6.6402361460957176
20230628094249620,6.62,6.63,6.6402361460957176
20230628094249640,6.62,6.63,6.6402361460957176
20230628094249690,6.62,6.63,6.6402361460957176
20230628094251460,6.62,6.63,6.6402361460957176
20230628094252090,6.63,6.63,6.6402361460957176
20230628094252110,6.63,6.63,6.6402361460957176
20230628094252290,6.63,6.63,6.6402361460957176
20230628094252320,6.63,6.63,6.6402361460957176
20230628094252450,6.63,6.63,6.6402361460957176
20230628094254320,6.63,6.63,6.6402361460957176
20230628094255080,6.63,6.63,6.6402361460957176
20230628094255100,6.63,6.63,6.6402361460957176
20230628094255220,6.63,6.63,6.639748427672956
20230628094257820,6.63,6.63,6.639748427672956
20230628094259900,6.63,6.63,6.639748427672956
20230628094259970,6.63,6.63,6.639748427672956
20230628094259980,6.63,6.63,6.639748427672956
20230628094303000,6.63,6.63,6.639748427672956
20230628094303250,6.63,6.63,6.639748427672956
20230628094305320,6.63,6.63,6.639748427672956
20230628094305920,6.63,6.63,6.639748427672956
20230628094308020,6.63,6.63,6.639748427672956
20230628094308550,6.63,6.63,6.639748427672956
20230628094310860,6.63,6.63,6.639748427672956
20230628094310910,6.63,6.63,6.639748427672956
20230628094311300,6.63,6.63,6.639748427672956
20230628094312930,6.63,6.63,6.639748427672956
20230628094313070,6.63,6.63,6.639687531600768
20230628094313580,6.63,6.63,6.639682635940974
20230628094316030,6.63,6.63,6.639682635940974
20230628094316160,6.63,6.63,6.639682635940974
20230628094319160,6.63,6.63,6.639682635940974
20230628094319200,6.63,6.63,6.639682635940974
20230628094321000,6.63,6.63,6.639682635940974
20230628094321480,6.63,6.63,6.639682635940974
20230628094324650,6.63,6.63,6.639682635940974
20230628094324900,6.63,6.63,6.639682635940974
20230628094326850,6.63,6.63,6.639682635940974
20230628094330010,6.63,6.63,6.639682635940974
20230628094331950,6.63,6.63,6.639682635940974
20230628094334870,6.63,6.63,6.639682635940974
20230628094335010,6.63,6.63,6.639682635940974
20230628094337950,6.63,6.63,6.639682635940974
20230628094338360,6.63,6.63,6.639682635940974
20230628094339910,6.63,6.63,6.639682635940974
20230628094340200,6.63,6.63,6.639466213514594
20230628094340530,6.63,6.63,6.639466213514594
20230628094340840,6.63,6.63,6.639466213514594
20230628094343550,6.63,6.63,6.639466213514594
20230628094345300,6.63,6.63,6.639466213514594
20230628094345380,6.63,6.63,6.639369405211856
20230628094345450,6.63,6.63,6.63924617196702
20230628094345480,6.63,6.63,6.63924617196702
20230628094346100,6.63,6.63,6.63924617196702
20230628094346180,6.63,6.63,6.639244283050348
20230628094346290,6.63,6.63,6.639244283050348
20230628094346320,6.63,6.63,6.639244283050348
20230628094348460,6.63,6.63,6.639227299470485
20230628094348480,6.63,6.63,6.639227299470485
20230628094348710,6.63,6.63,6.639227299470485
20230628094348760,6.63,6.63,6.639227299470485
20230628094349070,6.63,6.63,6.639226394744583
20230628094349110,6.63,6.63,6.639226394744583
20230628094349120,6.63,6.63,6.639226394744583
20230628094349140,6.63,6.63,6.639226394744583
20230628094350760,6.63,6.63,6.63921132556089
20230628094350860,6.63,6.63,6.63921132556089
20230628094350900,6.63,6.63,6.63921132556089
20230628094351250,6.63,6.63,6.63921132556089
20230628094351480,6.63,6.63,6.63921132556089
20230628094351730,6.63,6.63,6.63921132556089
20230628094351860,6.63,6.63,6.63921132556089
20230628094354180,6.63,6.63,6.63921132556089
20230628094354280,6.63,6.63,6.63921132556089
20230628094356110,6.63,6.63,6.63921132556089
20230628094356480,6.63,6.63,6.63921132556089
20230628094356520,6.63,6.63,6.63921132556089
20230628094359190,6.63,6.63,6.63921132556089
20230628094359290,6.63,6.63,6.63921132556089
20230628094401720,6.63,6.63,6.63921132556089
20230628094402540,6.63,6.63,6.63921132556089
20230628094404330,6.63,6.63,6.63921132556089
20230628094404600,6.63,6.63,6.63921132556089
20230628094406900,6.63,6.63,6.63921132556089
20230628094407300,6.63,6.63,6.63921132556089
20230628094407340,6.63,6.63,6.63921132556089
20230628094407370,6.63,6.63,6.63921132556089
20230628094407540,6.63,6.63,6.63921132556089
20230628094407550,6.63,6.63,6.63921132556089
20230628094409740,6.63,6.63,6.63921132556089
20230628094412860,6.63,6.63,6.63921132556089
20230628094413130,6.63,6.63,6.63921132556089
20230628094413180,6.63,6.63,6.63921132556089
20230628094414970,6.63,6.63,6.63921132556089
20230628094415200,6.63,6.63,6.639209443573668
20230628094415290,6.63,6.63,6.639209443573668
20230628094415770,6.63,6.63,6.639209443573668
20230628094416120,6.63,6.63,6.639209443573668
20230628094416210,6.63,6.63,6.639209443573668
20230628094418410,6.63,6.63,6.639209443573668
20230628094420480,6.63,6.63,6.6391914352757135
20230628094420490,6.63,6.63,6.639185148998535
20230628094425900,6.63,6.63,6.639185148998535
20230628094426630,6.63,6.63,6.639184251660805
20230628094426640,6.63,6.63,6.639178630725657
20230628094426680,6.63,6.63,6.639178630725657
20230628094429350,6.63,6.63,6.639050252231277
20230628094429670,6.63,6.63,6.639048404306917
20230628094431550,6.63,6.63,6.639048404306917
20230628094431580,6.63,6.63,6.639048404306917
20230628094432040,6.63,6.63,6.639048404306917
20230628094432080,6.63,6.63,6.639048404306917
20230628094434640,6.63,6.63,6.639048404306917
20230628094434950,6.63,6.63,6.639048404306917
20230628094437480,6.63,6.63,6.639039170060112
20230628094437730,6.63,6.63,6.639039170060112
20230628094439600,6.63,6.63,6.639002322430811
20230628094439930,6.63,6.63,6.639002322430811
20230628094440100,6.63,6.63,6.63900145137881
20230628094440460,6.63,6.63,6.63900145137881
20230628094442540,6.63,6.63,6.63900145137881
20230628094442550,6.63,6.63,6.63900145137881
20230628094442830,6.63,6.63,6.63900145137881
20230628094445830,6.63,6.63,6.638937319189971
20230628094447370,6.63,6.63,6.638937319189971
20230628094447920,6.63,6.63,6.638937319189971
20230628094448480,6.63,6.63,6.638937319189971
20230628094450580,6.63,6.63,6.638937319189971
20230628094450820,6.63,6.63,6.638937319189971
20230628094450940,6.63,6.63,6.638937319189971
20230628094451260,6.63,6.63,6.638937319189971
20230628094453090,6.63,6.63,6.638909966297544
20230628094455940,6.63,6.63,6.638909966297544
20230628094455980,6.63,6.63,6.638907393145938
20230628094456460,6.63,6.63,6.638907393145938
20230628094456640,6.63,6.63,6.638770068807339
20230628094458760,6.63,6.63,6.638708942471996
20230628094459310,6.63,6.63,6.638708942471996
20230628094501160,6.63,6.63,6.638708942471996
20230628094501740,6.63,6.63,6.638708942471996
20230628094501890,6.63,6.63,6.638708942471996
20230628094502020,6.63,6.63,6.638708942471996
20230628094503630,6.63,6.63,6.638708942471996
20230628094504110,6.63,6.63,6.638708942471996
20230628094504180,6.63,6.63,6.638696435343193
20230628094506590,6.63,6.63,6.638696435343193
20230628094506830,6.63,6.63,6.638696435343193
20230628094506890,6.63,6.63,6.638674231678487
20230628094506950,6.63,6.63,6.638674231678487
20230628094509360,6.63,6.63,6.638674231678487
20230628094509730,6.63,6.63,6.638674231678487
20230628094510170,6.63,6.63,6.638674231678487
20230628094512570,6.63,6.63,6.638674231678487
20230628094512620,6.63,6.63,6.638674231678487
20230628094515550,6.63,6.63,6.638674231678487
20230628094517960,6.63,6.63,6.638674231678487
20230628094517980,6.63,6.63,6.6386656586656585
20230628094519790,6.63,6.63,6.6386656586656585
20230628094519800,6.63,6.63,6.638662384281126
20230628094522720,6.63,6.63,6.638662384281126
20230628094523330,6.63,6.63,6.638662384281126
20230628094525330,6.63,6.63,6.638662384281126
20230628094525700,6.63,6.63,6.638662384281126
20230628094525870,6.63,6.63,6.6386439558365575
20230628094530950,6.63,6.63,6.6386439558365575
20230628094534080,6.63,6.63,6.6386439558365575
20230628094535970,6.63,6.63,6.6386439558365575
20230628094536040,6.63,6.63,6.638595072409253
20230628094536850,6.63,6.63,6.638595072409253
20230628094537030,6.63,6.63,6.638595072409253
20230628094537080,6.63,6.63,6.638595072409253
20230628094537090,6.63,6.63,6.638595072409253
20230628094539090,6.63,6.63,6.638595072409253
20230628094539120,6.63,6.63,6.638593323930419
20230628094539180,6.63,6.63,6.638593323930419
20230628094539260,6.63,6.63,6.638593323930419
20230628094539450,6.63,6.63,6.638593323930419
20230628094539810,6.63,6.63,6.638593323930419
20230628094542250,6.63,6.63,6.638593323930419
20230628094544280,6.63,6.63,6.638593323930419
20230628094544300,6.63,6.63,6.638593323930419
20230628094544650,6.63,6.63,6.638593323930419
20230628094544890,6.63,6.63,6.638593323930419
20230628094545080,6.63,6.63,6.638593323930419
20230628094546740,6.63,6.63,6.638584586466165
20230628094547580,6.63,6.63,6.638584586466165
20230628094550090,6.63,6.63,6.638584586466165
20230628094550410,6.63,6.63,6.638584586466165
20230628094550600,6.63,6.63,6.638584586466165
20230628094552360,6.63,6.63,6.638584586466165
20230628094552420,6.63,6.63,6.638584586466165
20230628094552480,6.63,6.63,6.638584586466165
20230628094552940,6.63,6.63,6.638581093779365
20230628094555680,6.63,6.63,6.638581093779365
20230628094555890,6.63,6.63,6.638581093779365
20230628094557600,6.63,6.63,6.638553199474573
20230628094557620,6.63,6.63,6.638553199474573
20230628094557630,6.63,6.63,6.638553199474573
20230628094557650,6.63,6.63,6.638553199474573
20230628094557720,6.63,6.63,6.638553199474573
20230628094558300,6.63,6.63,6.638553199474573
20230628094600300,6.63,6.63,6.638553199474573
20230628094600430,6.63,6.63,6.638553199474573
20230628094601020,6.63,6.63,6.638553199474573
20230628094601080,6.63,6.63,6.638549718574109
20230628094601120,6.63,6.63,6.638492471710465
20230628094601210,6.63,6.63,6.638492471710465
20230628094603320,6.63,6.63,6.638492471710465
20230628094603550,6.63,6.63,6.6379502541757445
20230628094603600,6.63,6.63,6.6379502541757445
20230628094603620,6.63,6.63,6.6379502541757445
20230628094604100,6.63,6.63,6.637946995825014
20230628094604130,6.63,6.63,6.637946995825014
20230628094604170,6.63,6.63,6.637945367093202
20230628094605670,6.63,6.63,6.637945367093202
20230628094606120,6.63,6.63,6.637945367093202
20230628094606170,6.63,6.63,6.637945367093202
20230628094606420,6.63,6.63,6.637945367093202
20230628094606590,6.63,6.63,6.637822442541686
20230628094608400,6.63,6.63,6.637806393516434
20230628094608530,6.63,6.63,6.637806393516434
20230628094609000,6.63,6.63,6.637806393516434
20230628094609010,6.63,6.63,6.637806393516434
20230628094609350,6.63,6.63,6.637806393516434
20230628094611980,6.63,6.63,6.637806393516434
20230628094612300,6.63,6.63,6.637806393516434
20230628094613840,6.63,6.63,6.637652204647875
20230628094614920,6.63,6.63,6.63759778012685
20230628094616690,6.63,6.63,6.63759778012685
20230628094617630,6.63,6.63,6.63759778012685
20230628094619170,6.63,6.63,6.63759778012685
20230628094622420,6.63,6.63,6.63759778012685
20230628094624540,6.63,6.63,6.63759778012685
20230628094624760,6.63,6.63,6.63759778012685
20230628094624820,6.63,6.63,6.63759778012685
20230628094624960,6.63,6.63,6.637582291850026
20230628094625110,6.63,6.63,6.637582291850026
20230628094625460,6.63,6.63,6.637582291850026
20230628094625560,6.63,6.63,6.637582291850026
20230628094625720,6.63,6.63,6.637569920844327
20230628094627270,6.63,6.63,6.637569920844327
20230628094627580,6.63,6.63,6.637569920844327
20230628094627650,6.63,6.63,6.637569920844327
20230628094627800,6.63,6.63,6.637569920844327
20230628094627830,6.63,6.63,6.637569920844327
20230628094628210,6.63,6.63,6.637569920844327
20230628094628220,6.63,6.63,6.637569920844327
20230628094630470,6.63,6.63,6.637569920844327
20230628094630490,6.63,6.63,6.637569920844327
20230628094630570,6.63,6.63,6.637569920844327
20230628094630590,6.63,6.63,6.637569920844327
20230628094630600,6.63,6.63,6.637569920844327
20230628094630820,6.63,6.63,6.637569920844327
20230628094631080,6.63,6.63,6.637569920844327
20230628094631160,6.63,6.63,6.637569920844327
20230628094638070,6.63,6.63,6.637569920844327
20230628094638400,6.63,6.62,6.63736073694273
20230628094638510,6.63,6.62,6.63736073694273
20230628094638640,6.63,6.62,6.63736073694273
20230628094641300,6.63,6.62,6.63736073694273
20230628094641550,6.63,6.62,6.63736073694273
20230628094641730,6.63,6.62,6.63736073694273
20230628094641780,6.63,6.62,6.63736073694273
20230628094641800,6.63,6.62,6.63736073694273
20230628094641850,6.63,6.62,6.63736073694273
20230628094641860,6.63,6.62,6.63736073694273
20230628094643680,6.63,6.62,6.63736073694273
20230628094644420,6.63,6.62,6.63736073694273
20230628094647160,6.63,6.62,6.63736073694273
20230628094647210,6.63,6.62,6.63736073694273
20230628094647230,6.63,6.62,6.63736073694273
20230628094647240,6.63,6.62,6.63736073694273
20230628094647270,6.63,6.62,6.63736073694273
20230628094647340,6.63,6.62,6.63736073694273
20230628094647380,6.63,6.62,6.63736073694273
20230628094652480,6.63,6.62,6.63736073694273
20230628094652600,6.63,6.62,6.637231950314845
20230628094652620,6.63,6.62,6.637231950314845
20230628094654830,6.63,6.62,6.636821320309869
20230628094655110,6.63,6.62,6.636821320309869
20230628094655390,6.63,6.62,6.636821320309869
20230628094658110,6.63,6.62,6.636821320309869
20230628094700070,6.63,6.62,6.636821320309869
20230628094700100,6.63,6.62,6.636821320309869
20230628094700770,6.63,6.62,6.636821320309869
20230628094700790,6.63,6.62,6.636821320309869
20230628094706120,6.63,6.62,6.636785984371061
20230628094707790,6.63,6.62,6.636785984371061
20230628094707940,6.63,6.62,6.636785984371061
20230628094707950,6.63,6.62,6.636785984371061
20230628094707960,6.63,6.62,6.636778010910617
20230628094708040,6.63,6.62,6.636774031202818
20230628094708230,6.63,6.62,6.636774031202818
20230628094708450,6.63,6.62,6.636746303566953
20230628094710440,6.63,6.62,6.636745176647457
20230628094710460,6.63,6.62,6.636744050104384
20230628094710620,6.63,6.62,6.636518159806295
20230628094710630,6.63,6.62,6.636515530455829
20230628094710730,6.63,6.63,6.636278961281294
20230628094710740,6.63,6.63,6.636278961281294
20230628094710750,6.63,6.63,6.636278961281294
20230628094710760,6.63,6.63,6.636278961281294
20230628094710900,6.63,6.63,6.636278961281294
20230628094710980,6.63,6.63,6.636278961281294
20230628094711030,6.63,6.63,6.636278961281294
20230628094711070,6.63,6.63,6.636278961281294
20230628094711080,6.63,6.63,6.636250967043169
20230628094711160,6.63,6.63,6.636250967043169
20230628094711210,6.63,6.63,6.636250967043169
20230628094711230,6.63,6.63,6.636250967043169
20230628094711400,6.63,6.63,6.636250967043169
20230628094714190,6.63,6.63,6.636250967043169
20230628094716240,6.63,6.63,6.636250967043169
20230628094716450,6.63,6.63,6.636250967043169
20230628094716560,6.63,6.63,6.636250967043169
20230628094718550,6.63,6.63,6.636250967043169
20230628094719120,6.63,6.63,6.636250967043169
20230628094719680,6.63,6.63,6.636250967043169
20230628094721260,6.63,6.63,6.636250967043169
20230628094721690,6.63,6.63,6.636250967043169
20230628094721990,6.63,6.63,6.636250967043169
20230628094722060,6.63,6.63,6.636250967043169
20230628094724100,6.63,6.63,6.636250967043169
20230628094724720,6.63,6.63,6.636250967043169
20230628094727120,6.63,6.63,6.636251257058869
20230628094727500,6.63,6.63,6.636251257058869
20230628094729430,6.63,6.62,6.636217417969948
20230628094730130,6.63,6.62,6.636217417969948
20230628094730300,6.63,6.63,6.636217417969948
20230628094730480,6.63,6.63,6.636217417969948
20230628094732050,6.63,6.63,6.636217417969948
20230628094732110,6.63,6.63,6.636217417969948
20230628094732230,6.63,6.63,6.636217417969948
20230628094732510,6.63,6.63,6.636217417969948
20230628094733000,6.63,6.63,6.636217417969948
20230628094733040,6.63,6.63,6.636217417969948
20230628094734850,6.63,6.63,6.636217417969948
20230628094735180,6.63,6.63,6.636217417969948
20230628094737680,6.63,6.63,6.636217417969948
20230628094740930,6.63,6.63,6.636217417969948
20230628094743300,6.63,6.63,6.636217417969948
20230628094745880,6.63,6.63,6.636217417969948
20230628094746130,6.63,6.63,6.636107847567405
20230628094746680,6.63,6.63,6.636107847567405
20230628094748520,6.63,6.63,6.636107847567405
20230628094751440,6.63,6.63,6.636107847567405
20230628094756760,6.63,6.63,6.636107847567405
20230628094756790,6.63,6.63,6.636107847567405
20230628094757230,6.63,6.63,6.636107847567405
20230628094757370,6.63,6.63,6.636107847567405
20230628094757420,6.63,6.63,6.636068363310695
20230628094759810,6.63,6.63,6.636068363310695
20230628094759920,6.63,6.63,6.636068363310695
20230628094802570,6.63,6.63,6.636068363310695
20230628094804560,6.63,6.63,6.636060064088233
20230628094804570,6.63,6.63,6.636060064088233
20230628094805380,6.63,6.63,6.636060064088233
20230628094805430,6.63,6.63,6.636060064088233
20230628094807340,6.63,6.63,6.636060064088233
20230628094807420,6.63,6.63,6.636060064088233
20230628094808090,6.63,6.63,6.636060064088233
20230628094809860,6.63,6.63,6.636060064088233
20230628094810020,6.63,6.63,6.636060064088233
20230628094810500,6.63,6.63,6.636060064088233
20230628094812770,6.63,6.63,6.636060064088233
20230628094813240,6.63,6.63,6.636060064088233
20230628094813610,6.63,6.63,6.636060064088233
20230628094815480,6.63,6.63,6.636060064088233
20230628094815490,6.63,6.63,6.636037819799777
20230628094815550,6.63,6.63,6.636037819799777
20230628094815670,6.63,6.63,6.636037819799777
20230628094815770,6.63,6.63,6.636037819799777
20230628094815860,6.63,6.63,6.636037819799777
20230628094816020,6.63,6.63,6.636037819799777
20230628094819140,6.63,6.63,6.636037819799777
20230628094821030,6.63,6.63,6.636037819799777
20230628094821130,6.63,6.63,6.636031863106653
20230628094821520,6.63,6.63,6.636031863106653
20230628094826130,6.63,6.63,6.636031863106653
20230628094826500,6.63,6.63,6.636031863106653
20230628094827120,6.63,6.63,6.636031863106653
20230628094828960,6.63,6.63,6.636031863106653
20230628094829710,6.63,6.63,6.636031863106653
20230628094829770,6.63,6.63,6.636031863106653
20230628094831590,6.63,6.63,6.636031863106653
20230628094832020,6.63,6.63,6.636031863106653
20230628094832030,6.63,6.63,6.636036540444969
20230628094832040,6.63,6.63,6.636036832412523
20230628094832150,6.63,6.63,6.636036832412523
20230628094834190,6.63,6.63,6.636036832412523
20230628094834200,6.63,6.63,6.636036832412523
20230628094834230,6.63,6.63,6.636037416218605
20230628094834240,6.63,6.63,6.6360379998527135
20230628094834720,6.63,6.63,6.636042953809944
20230628094834750,6.63,6.63,6.636042953809944
20230628094835080,6.63,6.63,6.636042953809944
20230628094835090,6.63,6.63,6.636042953809944
20230628094835330,6.63,6.63,6.636042953809944
20230628094835340,6.63,6.63,6.636042953809944
20230628094836890,6.63,6.63,6.636042953809944
20230628094837080,6.63,6.63,6.636042953809944
20230628094837090,6.63,6.63,6.636042953809944
20230628094837100,6.63,6.63,6.636042953809944
20230628094837110,6.63,6.63,6.636042953809944
20230628094837120,6.65,6.63,6.636293744833288
20230628094837130,6.65,6.63,6.636299607951028
20230628094837140,6.65,6.63,6.636299607951028
20230628094837150,6.65,6.63,6.636299607951028
20230628094837160,6.65,6.63,6.636299607951028
20230628094837170,6.65,6.63,6.636299607951028
20230628094837180,6.65,6.63,6.636299607951028
20230628094837220,6.65,6.63,6.636299607951028
20230628094837230,6.65,6.63,6.636299607951028
20230628094837260,6.65,6.63,6.636299607951028
20230628094837340,6.65,6.63,6.636299607951028
20230628094837350,6.65,6.63,6.636299607951028
20230628094837430,6.65,6.63,6.636299607951028
20230628094837590,6.65,6.63,6.636299607951028
20230628094837600,6.65,6.63,6.636299607951028
20230628094837950,6.65,6.63,6.636403502907949
20230628094837960,6.65,6.63,6.636412376633769
20230628094837990,6.65,6.64,6.636412376633769
20230628094838060,6.65,6.64,6.636412376633769
20230628094839690,6.65,6.64,6.636412376633769
20230628094839760,6.65,6.64,6.636412376633769
20230628094839920,6.65,6.64,6.636412376633769
20230628094840070,6.65,6.64,6.636412376633769
20230628094840100,6.65,6.64,6.636412376633769
20230628094840160,6.65,6.64,6.636412376633769
20230628094840170,6.65,6.64,6.636414528490503
20230628094840180,6.65,6.64,6.636414528490503
20230628094840220,6.65,6.64,6.636414528490503
20230628094840400,6.65,6.64,6.636414528490503
20230628094843280,6.65,6.64,6.636414767426363
20230628094843300,6.65,6.64,6.636414767426363
20230628094845150,6.65,6.64,6.636414767426363
20230628094845200,6.65,6.64,6.636414767426363
20230628094845290,6.65,6.64,6.636418109187749
20230628094845540,6.65,6.64,6.636418109187749
20230628094845660,6.65,6.64,6.636437072003191
20230628094845910,6.65,6.64,6.636437072003191
20230628094846110,6.65,6.64,6.636437072003191
20230628094847840,6.65,6.64,6.636455981941309
20230628094847880,6.65,6.64,6.636455981941309
20230628094848210,6.65,6.64,6.636455981941309
20230628094848590,6.65,6.64,6.636455981941309
20230628094848610,6.65,6.64,6.636455981941309
20230628094848870,6.65,6.64,6.636455981941309
20230628094850930,6.65,6.64,6.636455981941309
20230628094851290,6.65,6.64,6.636455981941309
20230628094851330,6.65,6.64,6.636455981941309
20230628094851430,6.65,6.64,6.636455981941309
20230628094851470,6.65,6.64,6.636455981941309
20230628094853070,6.65,6.64,6.636455981941309
20230628094853310,6.65,6.64,6.636455981941309
20230628094853700,6.65,6.64,6.636455981941309
20230628094853760,6.65,6.64,6.636455981941309
20230628094855760,6.65,6.64,6.6364688328912464
20230628094856160,6.65,6.64,6.6364688328912464
20230628094856860,6.65,6.64,6.6364688328912464
20230628094901440,6.65,6.64,6.6364688328912464
20230628094902000,6.65,6.64,6.6364688328912464
20230628094902090,6.65,6.64,6.636470627237767
20230628094902200,6.65,6.64,6.636470627237767
20230628094902310,6.65,6.64,6.636470627237767
20230628094904080,6.65,6.64,6.636494804421206
20230628094904580,6.65,6.64,6.636496591886705
20230628094904690,6.65,6.64,6.636496591886705
20230628094904790,6.65,6.64,6.636503737019644
20230628094904880,6.65,6.64,6.636503737019644
20230628094905000,6.65,6.64,6.636509982811054
20230628094905030,6.65,6.65,6.6366258111031
20230628094905040,6.65,6.65,6.6366258111031
20230628094905070,6.65,6.65,6.6366258111031
20230628094907040,6.65,6.65,6.636636321959526
20230628094907050,6.65,6.65,6.636636321959526
20230628094907120,6.65,6.65,6.636636321959526
20230628094907160,6.65,6.65,6.636636321959526
20230628094907230,6.65,6.65,6.636636321959526
20230628094907660,6.65,6.65,6.63685009733939
20230628094909300,6.65,6.65,6.63685009733939
20230628094909380,6.65,6.65,6.63685009733939
20230628094909550,6.65,6.65,6.63685009733939
20230628094909610,6.65,6.65,6.63685009733939
20230628094910110,6.65,6.65,6.63685009733939
20230628094910300,6.65,6.65,6.63685009733939
20230628094910340,6.65,6.65,6.63685009733939
20230628094910420,6.65,6.65,6.636850950619687
20230628094913060,6.65,6.65,6.636850950619687
20230628094913110,6.65,6.65,6.636850950619687
20230628094913180,6.65,6.65,6.636850950619687
20230628094915250,6.65,6.65,6.63711820922327
20230628094917530,6.65,6.65,6.63711820922327
20230628094917760,6.65,6.65,6.63711820922327
20230628094917820,6.65,6.65,6.63711820922327
20230628094920580,6.65,6.65,6.637128478010001
20230628094920620,6.65,6.65,6.637128478010001
20230628094920940,6.65,6.65,6.637128478010001
20230628094923010,6.65,6.65,6.637128478010001
20230628094923110,6.65,6.65,6.637128478010001
20230628094923440,6.65,6.65,6.637128478010001
20230628094923450,6.65,6.65,6.637128478010001
20230628094923770,6.65,6.65,6.637128478010001
20230628094925820,6.65,6.65,6.637128478010001
20230628094925910,6.65,6.65,6.637128478010001
20230628094928300,6.65,6.65,6.637128478010001
20230628094928450,6.65,6.65,6.637128478010001
20230628094929040,6.65,6.65,6.637128478010001
20230628094930960,6.65,6.65,6.637128478010001
20230628094931250,6.65,6.65,6.637152364497345
20230628094931440,6.65,6.65,6.637152364497345
20230628094931550,6.65,6.65,6.637152364497345
20230628094931690,6.65,6.65,6.63718156835176
20230628094931960,6.65,6.65,6.63718156835176
20230628094932030,6.65,6.65,6.63718156835176
20230628094934110,6.65,6.65,6.63718156835176
20230628094934220,6.65,6.65,6.63718156835176
20230628094934360,6.65,6.65,6.63718156835176
20230628094934700,6.65,6.65,6.63718156835176
20230628094936230,6.65,6.65,6.63718156835176
20230628094936460,6.65,6.65,6.63718156835176
20230628094936820,6.66,6.65,6.638935693215339
20230628094936830,6.66,6.65,6.638938178386031
20230628094936860,6.66,6.65,6.638938178386031
20230628094937040,6.66,6.65,6.63894066297039
20230628094937080,6.66,6.65,6.63894190504276
20230628094937110,6.66,6.65,6.638946871867445
20230628094937120,6.66,6.65,6.638946871867445
20230628094937280,6.66,6.65,6.638958038661009
20230628094937440,6.66,6.65,6.638958038661009
20230628094937450,6.66,6.65,6.638958038661009
20230628094939100,6.66,6.65,6.638958038661009
20230628094939550,6.66,6.65,6.638958038661009
20230628094940080,6.66,6.65,6.638965476611288
20230628094940090,6.66,6.65,6.638965476611288
20230628094940140,6.66,6.65,6.638965476611288
20230628094942050,6.66,6.65,6.638966715758468
20230628094942060,6.66,6.65,6.638966715758468
20230628094942180,6.66,6.65,6.638966715758468
20230628094942310,6.66,6.65,6.638966715758468
20230628094942370,6.66,6.65,6.63898033674791
20230628094942660,6.66,6.65,6.638991468078847
20230628094942670,6.66,6.65,6.638991468078847
20230628094942690,6.66,6.65,6.638991468078847
20230628094944370,6.66,6.65,6.638991468078847
20230628094944950,6.66,6.65,6.638991468078847
20230628094945130,6.66,6.65,6.638991468078847
20230628094945380,6.66,6.65,6.638991468078847
20230628094945390,6.66,6.66,6.639499310978411
20230628094945400,6.66,6.66,6.639499310978411
20230628094945430,6.66,6.66,6.639499310978411
20230628094945480,6.66,6.66,6.639499310978411
20230628094947270,6.66,6.66,6.6395240006881915
20230628094947280,6.66,6.66,6.6395240006881915
20230628094947540,6.66,6.66,6.6395240006881915
20230628094949730,6.66,6.66,6.6395240006881915
20230628094949900,6.66,6.66,6.6395240006881915
20230628094949930,6.66,6.66,6.6395240006881915
20230628094949980,6.66,6.66,6.6395240006881915
20230628094950050,6.66,6.66,6.6395240006881915
20230628094950070,6.66,6.66,6.639657671021852
20230628094950380,6.66,6.66,6.639657671021852
20230628094950470,6.66,6.66,6.639657671021852
20230628094950510,6.66,6.66,6.639657671021852
20230628094950590,6.66,6.66,6.639657671021852
20230628094950750,6.66,6.66,6.639657671021852
20230628094952450,6.66,6.66,6.639657671021852
20230628094952770,6.66,6.66,6.639657671021852
20230628094952830,6.66,6.66,6.639657671021852
20230628094952840,6.66,6.66,6.639657671021852
20230628094952850,6.66,6.66,6.639657671021852
20230628094952900,6.66,6.66,6.639657671021852
20230628094953130,6.66,6.66,6.639657671021852
20230628094953660,6.66,6.66,6.639657671021852
20230628094955200,6.66,6.66,6.639657671021852
20230628094955240,6.66,6.66,6.639657671021852
20230628094955360,6.66,6.66,6.639657671021852
20230628094955550,6.66,6.66,6.639657671021852
20230628094955670,6.67,6.66,6.639706066647679
20230628094956280,6.67,6.66,6.639706066647679
20230628094958140,6.67,6.66,6.639706066647679
20230628094958290,6.67,6.66,6.639904928979684
20230628094959070,6.67,6.66,6.639904928979684
20230628095000580,6.67,6.66,6.639904928979684
20230628095000740,6.67,6.66,6.639904928979684
20230628095000760,6.67,6.66,6.639904928979684
20230628095001080,6.67,6.66,6.639904928979684
20230628095001140,6.67,6.66,6.639904928979684
20230628095003220,6.67,6.66,6.639904928979684
20230628095003320,6.67,6.66,6.639904928979684
20230628095003380,6.67,6.66,6.639904928979684
20230628095003440,6.67,6.66,6.639904928979684
20230628095003500,6.67,6.66,6.639904928979684
20230628095003670,6.67,6.66,6.639904928979684
20230628095003700,6.67,6.66,6.639904928979684
20230628095003890,6.67,6.66,6.639904928979684
20230628095004110,6.67,6.66,6.639904928979684
20230628095004310,6.67,6.66,6.639904928979684
20230628095006580,6.67,6.66,6.639904928979684
20230628095007110,6.67,6.66,6.639904928979684
20230628095008640,6.67,6.66,6.639904928979684
20230628095009130,6.67,6.66,6.639904928979684
20230628095009170,6.67,6.66,6.639918547429153
20230628095009260,6.67,6.66,6.639986470488753
20230628095009300,6.67,6.66,6.639986470488753
20230628095009860,6.67,6.66,6.639986470488753
20230628095011810,6.67,6.66,6.639986470488753
20230628095011880,6.67,6.66,6.639986470488753
20230628095011900,6.67,6.66,6.639986470488753
20230628095011910,6.67,6.66,6.639986470488753
20230628095011920,6.67,6.66,6.639986470488753
20230628095014110,6.67,6.66,6.639986470488753
20230628095014220,6.67,6.66,6.639986470488753
20230628095014300,6.67,6.66,6.639986470488753
20230628095014400,6.67,6.66,6.639986470488753
20230628095015130,6.67,6.66,6.639986470488753
20230628095015150,6.67,6.66,6.63999323676943
20230628095015250,6.67,6.66,6.63999323676943
20230628095016840,6.67,6.66,6.63999323676943
20230628095016860,6.67,6.66,6.63999323676943
20230628095016960,6.67,6.66,6.640172038205887
20230628095016970,6.67,6.66,6.6401742530019545
20230628095017010,6.67,6.66,6.6401742530019545
20230628095017100,6.67,6.66,6.6401742530019545
20230628095017440,6.67,6.66,6.6401742530019545
20230628095017670,6.67,6.66,6.6401742530019545
20230628095017980,6.67,6.66,6.6401742530019545
20230628095019420,6.67,6.66,6.6401742530019545
20230628095019430,6.67,6.66,6.6401742530019545
20230628095019470,6.67,6.66,6.6401742530019545
20230628095020000,6.67,6.66,6.6401742530019545
20230628095020070,6.67,6.66,6.6401742530019545
20230628095020090,6.67,6.66,6.6401742530019545
20230628095020240,6.67,6.66,6.6401742530019545
20230628095020630,6.67,6.66,6.6401742530019545
20230628095022660,6.67,6.66,6.6401742530019545
20230628095023070,6.67,6.66,6.6401742530019545
20230628095023190,6.67,6.66,6.6401742530019545
20230628095023290,6.67,6.66,6.6401742530019545
20230628095024810,6.67,6.66,6.6401742530019545
20230628095025090,6.67,6.66,6.6401742530019545
20230628095025160,6.67,6.66,6.6401742530019545
20230628095025620,6.67,6.66,6.6401742530019545
20230628095025700,6.67,6.66,6.6401742530019545
20230628095025870,6.67,6.66,6.6401742530019545
20230628095026030,6.67,6.66,6.6401742530019545
20230628095027580,6.67,6.66,6.6401742530019545
20230628095027650,6.67,6.66,6.6401742530019545
20230628095027830,6.67,6.66,6.6401742530019545
20230628095027960,6.67,6.66,6.6401742530019545
20230628095028060,6.67,6.66,6.640690354773263
20230628095028180,6.67,6.66,6.640690354773263
20230628095030730,6.67,6.66,6.640690354773263
20230628095031020,6.67,6.66,6.640690354773263
20230628095031090,6.67,6.66,6.640690354773263
20230628095031190,6.67,6.66,6.640690354773263
20230628095033060,6.67,6.66,6.640690354773263
20230628095033070,6.67,6.66,6.640690354773263
20230628095033350,6.67,6.66,6.640690354773263
20230628095033640,6.67,6.66,6.640690354773263
20230628095033730,6.67,6.66,6.640690354773263
20230628095033860,6.67,6.66,6.640690354773263
20230628095033940,6.67,6.66,6.640690354773263
20230628095034080,6.67,6.66,6.640752623524268
20230628095034110,6.67,6.66,6.640752623524268
20230628095035970,6.67,6.66,6.640752623524268
20230628095036080,6.67,6.66,6.6407568306010925
20230628095036230,6.67,6.66,6.6407568306010925
20230628095036430,6.67,6.66,6.6407568306010925
20230628095036550,6.67,6.66,6.6407568306010925
20230628095036560,6.67,6.66,6.6407568306010925
20230628095036700,6.67,6.66,6.6407568306010925
20230628095038430,6.67,6.66,6.6407568306010925
20230628095039050,6.67,6.66,6.640851851851852
20230628095039400,6.67,6.66,6.640851851851852
20230628095041050,6.67,6.66,6.640851851851852
20230628095041130,6.67,6.66,6.640851851851852
20230628095041230,6.67,6.66,6.640893478260869
20230628095041250,6.67,6.66,6.640893478260869
20230628095041300,6.67,6.66,6.64092768404492
20230628095041810,6.67,6.66,6.640931821879915
20230628095041900,6.67,6.66,6.640931821879915
20230628095042010,6.67,6.66,6.640933890124193
20230628095043730,6.67,6.66,6.640933890124193
20230628095043950,6.67,6.66,6.640933890124193
20230628095044000,6.67,6.66,6.640933890124193
20230628095044380,6.67,6.66,6.640933890124193
20230628095044560,6.67,6.66,6.640933890124193
20230628095044780,6.67,6.66,6.640933890124193
20230628095046470,6.67,6.66,6.640933890124193
20230628095047000,6.67,6.66,6.640933890124193
20230628095047270,6.67,6.66,6.640933890124193
20230628095047450,6.67,6.66,6.640933890124193
20230628095047550,6.67,6.66,6.640933890124193
20230628095049530,6.67,6.66,6.640933890124193
20230628095049780,6.67,6.66,6.640933890124193
20230628095050260,6.67,6.66,6.640933890124193
20230628095052070,6.67,6.66,6.640933890124193
20230628095052090,6.67,6.66,6.640933890124193
20230628095052130,6.67,6.66,6.640933890124193
20230628095052180,6.67,6.66,6.640933890124193
20230628095053000,6.67,6.66,6.640933890124193
20230628095053040,6.67,6.66,6.640933890124193
20230628095054840,6.67,6.66,6.640933890124193
20230628095055040,6.67,6.66,6.640933890124193
20230628095055210,6.67,6.66,6.640949644967207
20230628095055580,6.67,6.66,6.640949644967207
20230628095055630,6.67,6.66,6.640949644967207
20230628095057330,6.67,6.66,6.640949644967207
20230628095057560,6.67,6.66,6.640949644967207
20230628095057660,6.67,6.66,6.640949644967207
20230628095057670,6.67,6.66,6.640963809730199
20230628095057760,6.67,6.66,6.640963809730199
20230628095057860,6.67,6.66,6.640963809730199
20230628095058030,6.67,6.66,6.640963809730199
20230628095058160,6.67,6.66,6.640963809730199
20230628095100350,6.67,6.66,6.640963809730199
20230628095100360,6.67,6.66,6.640963809730199
20230628095100480,6.67,6.66,6.640963809730199
20230628095100580,6.67,6.66,6.640963809730199
20230628095100950,6.67,6.66,6.640963809730199
20230628095101130,6.67,6.66,6.640970100747482
20230628095102770,6.67,6.66,6.640970100747482
20230628095102810,6.67,6.66,6.641720662726889
20230628095102970,6.67,6.66,6.641720662726889
20230628095103100,6.67,6.66,6.641726630090736
20230628095103120,6.67,6.66,6.641759405627568
20230628095103150,6.67,6.66,6.641762381454162
20230628095103350,6.67,6.66,6.641762381454162
20230628095103470,6.67,6.66,6.641762381454162
20230628095103730,6.67,6.66,6.641762381454162
20230628095105570,6.67,6.66,6.64176814494891
20230628095105590,6.67,6.66,6.641771118601222
20230628095105690,6.67,6.66,6.641771118601222
20230628095105760,6.67,6.66,6.641771118601222
20230628095105910,6.67,6.66,6.641771118601222
20230628095106100,6.67,6.66,6.641803787480273
20230628095106160,6.67,6.66,6.6418274992116055
20230628095106320,6.67,6.66,6.6418274992116055
20230628095108070,6.67,6.66,6.6418274992116055
20230628095108140,6.67,6.66,6.6418274992116055
20230628095108240,6.67,6.66,6.6418274992116055
20230628095108500,6.67,6.66,6.641830460374186
20230628095108690,6.67,6.66,6.641830460374186
20230628095110710,6.67,6.66,6.641830460374186
20230628095111000,6.67,6.66,6.641830460374186
20230628095111010,6.67,6.66,6.641830460374186
20230628095111020,6.67,6.67,6.641868898918863
20230628095111030,6.67,6.67,6.641892501310959
20230628095111040,6.67,6.67,6.641919006705784
20230628095111050,6.67,6.67,6.641930770842061
