Timestamp,ask1,bid1,VWAP
20230614093000150,6.48,6.46,6.47
20230614093000160,6.48,6.46,6.47
20230614093000170,6.48,6.46,6.47
20230614093000180,6.48,6.46,6.47
20230614093000190,6.48,6.46,6.47
20230614093000200,6.47,6.46,6.47
20230614093000210,6.47,6.46,6.47
20230614093000220,6.47,6.46,6.47
20230614093000230,6.47,6.46,6.47
20230614093000240,6.47,6.46,6.47
20230614093000250,6.47,6.46,6.47
20230614093000260,6.47,6.46,6.47
20230614093000280,6.47,6.46,6.47
20230614093000290,6.47,6.46,6.47
20230614093000300,6.47,6.46,6.47
20230614093000310,6.47,6.46,6.47
20230614093000320,6.47,6.46,6.47
20230614093000330,6.47,6.46,6.47
20230614093000350,6.47,6.46,6.47
20230614093000710,6.47,6.46,6.47
20230614093000720,6.47,6.46,6.47
20230614093000730,6.47,6.46,6.47
20230614093000740,6.47,6.46,6.47
20230614093000750,6.47,6.46,6.47
20230614093000760,6.47,6.46,6.47
20230614093000770,6.47,6.46,6.47
20230614093000780,6.47,6.46,6.47
20230614093000790,6.47,6.46,6.47
20230614093000810,6.47,6.46,6.47
20230614093000830,6.47,6.45,6.47
20230614093000840,6.47,6.45,6.47
20230614093000850,6.47,6.45,6.47
20230614093000870,6.47,6.45,6.47
20230614093000880,6.47,6.45,6.47
20230614093000890,6.47,6.45,6.47
20230614093000900,6.47,6.45,6.47
20230614093000910,6.47,6.45,6.47
20230614093000920,6.46,6.45,6.47
20230614093000950,6.46,6.45,6.47
20230614093000970,6.47,6.45,6.468965517241379
20230614093000980,6.47,6.45,6.468965517241379
20230614093001010,6.47,6.45,6.468965517241379
20230614093001030,6.47,6.45,6.468965517241379
20230614093001040,6.47,6.45,6.468965517241379
20230614093001070,6.47,6.45,6.468965517241379
20230614093001100,6.47,6.46,6.468965517241379
20230614093001110,6.47,6.46,6.468965517241379
20230614093001130,6.47,6.46,6.468965517241379
20230614093001880,6.47,6.46,6.468965517241379
20230614093001920,6.47,6.46,6.468965517241379
20230614093001940,6.47,6.46,6.468965517241379
20230614093001960,6.47,6.46,6.468965517241379
20230614093001980,6.47,6.46,6.468965517241379
20230614093002000,6.47,6.46,6.468965517241379
20230614093002040,6.47,6.46,6.468965517241379
20230614093002050,6.47,6.46,6.468965517241379
20230614093002080,6.47,6.46,6.468965517241379
20230614093002090,6.47,6.46,6.468965517241379
20230614093002110,6.47,6.46,6.468965517241379
20230614093002130,6.47,6.46,6.468965517241379
20230614093002140,6.47,6.46,6.468965517241379
20230614093002160,6.47,6.46,6.468965517241379
20230614093002180,6.47,6.46,6.468965517241379
20230614093002190,6.47,6.46,6.468965517241379
20230614093002200,6.47,6.46,6.468965517241379
20230614093002270,6.46,6.46,6.468951930654058
20230614093002280,6.46,6.46,6.468951930654058
20230614093002310,6.47,6.46,6.4687586738627605
20230614093002330,6.47,6.46,6.468725038402458
20230614093002360,6.47,6.46,6.468725038402458
20230614093002370,6.47,6.46,6.468725038402458
20230614093002380,6.47,6.46,6.468725038402458
20230614093002390,6.47,6.46,6.468725038402458
20230614093002410,6.47,6.46,6.468725038402458
20230614093002420,6.47,6.46,6.468725038402458
20230614093002450,6.47,6.46,6.468725038402458
20230614093002520,6.47,6.46,6.468711656441718
20230614093002530,6.47,6.46,6.468711656441718
20230614093002560,6.47,6.46,6.468711656441718
20230614093002610,6.47,6.46,6.468711656441718
20230614093002620,6.47,6.46,6.468711656441718
20230614093002630,6.47,6.46,6.468711656441718
20230614093002650,6.47,6.46,6.468711656441718
20230614093002660,6.47,6.46,6.468711656441718
20230614093002670,6.47,6.46,6.468711656441718
20230614093002710,6.47,6.46,6.468711656441718
20230614093002720,6.47,6.46,6.468711656441718
20230614093002730,6.47,6.46,6.468711656441718
20230614093003980,6.47,6.46,6.468711656441718
20230614093004000,6.47,6.46,6.468711656441718
20230614093004020,6.47,6.46,6.468711656441718
20230614093004030,6.47,6.46,6.468711656441718
20230614093004040,6.47,6.46,6.468711656441718
20230614093004060,6.47,6.46,6.468711656441718
20230614093004080,6.47,6.46,6.468711656441718
20230614093004120,6.47,6.46,6.468711656441718
20230614093004150,6.47,6.46,6.468665678280208
20230614093004170,6.47,6.45,6.468665678280208
20230614093004180,6.47,6.45,6.468665678280208
20230614093004200,6.47,6.45,6.468502906976744
20230614093004210,6.47,6.45,6.468502906976744
20230614093004220,6.47,6.45,6.468502906976744
20230614093004230,6.47,6.46,6.468502906976744
20230614093004250,6.47,6.45,6.468119718309859
20230614093004290,6.47,6.45,6.468119718309859
20230614093004320,6.47,6.45,6.468119718309859
20230614093004340,6.47,6.45,6.468119718309859
20230614093004390,6.47,6.45,6.468119718309859
20230614093004430,6.47,6.45,6.468119718309859
20230614093004440,6.47,6.45,6.468119718309859
20230614093004450,6.47,6.45,6.468119718309859
20230614093004510,6.47,6.45,6.468119718309859
20230614093004560,6.47,6.45,6.468119718309859
20230614093004700,6.47,6.45,6.468119718309859
20230614093004710,6.47,6.45,6.468119718309859
20230614093004740,6.48,6.46,6.46815734989648
20230614093004770,6.48,6.46,6.46815734989648
20230614093004790,6.48,6.46,6.46815734989648
20230614093004800,6.48,6.46,6.46815734989648
20230614093004830,6.48,6.46,6.468112560054907
20230614093004840,6.48,6.46,6.468112560054907
20230614093004950,6.48,6.46,6.468112560054907
20230614093004970,6.48,6.46,6.468117727583847
20230614093005030,6.48,6.46,6.468117727583847
20230614093005040,6.48,6.46,6.468117727583847
20230614093005060,6.48,6.46,6.468117727583847
20230614093007860,6.48,6.46,6.468117727583847
20230614093007990,6.47,6.46,6.468117727583847
20230614093008030,6.47,6.46,6.468117727583847
20230614093008040,6.47,6.46,6.468117727583847
20230614093008160,6.47,6.46,6.468117727583847
20230614093008250,6.48,6.46,6.4681241473397
20230614093008490,6.48,6.46,6.4681241473397
20230614093008740,6.48,6.46,6.4681241473397
20230614093009030,6.48,6.46,6.4681241473397
20230614093009040,6.48,6.46,6.4681241473397
20230614093009050,6.48,6.46,6.468118609406953
20230614093009500,6.47,6.46,6.468118609406953
20230614093009850,6.47,6.46,6.468118609406953
20230614093009860,6.47,6.46,6.468118609406953
20230614093010040,6.47,6.46,6.468118609406953
20230614093010060,6.47,6.46,6.468118609406953
20230614093010090,6.47,6.46,6.468118609406953
20230614093010110,6.47,6.46,6.468113079019074
20230614093010140,6.47,6.46,6.468113079019074
20230614093010150,6.47,6.46,6.468113079019074
20230614093010160,6.47,6.46,6.468113079019074
20230614093010180,6.47,6.46,6.468113079019074
20230614093010190,6.47,6.46,6.468113079019074
20230614093010200,6.47,6.46,6.468004032258064
20230614093010410,6.47,6.46,6.468004032258064
20230614093010470,6.47,6.46,6.468004032258064
20230614093010480,6.47,6.46,6.468004032258064
20230614093011030,6.47,6.46,6.468004032258064
20230614093015030,6.47,6.46,6.468004032258064
20230614093015120,6.47,6.46,6.468004032258064
20230614093015160,6.47,6.46,6.468004032258064
20230614093015250,6.47,6.46,6.468004032258064
20230614093015300,6.47,6.46,6.468004032258064
20230614093015510,6.47,6.46,6.468004032258064
20230614093015570,6.47,6.46,6.468004032258064
20230614093015580,6.47,6.46,6.468004032258064
20230614093015840,6.47,6.46,6.468004032258064
20230614093015860,6.47,6.46,6.468004032258064
20230614093015900,6.47,6.46,6.468004032258064
20230614093016070,6.47,6.46,6.468004032258064
20230614093016080,6.47,6.46,6.468004032258064
20230614093016090,6.48,6.46,6.468004032258064
20230614093016100,6.48,6.46,6.468004032258064
20230614093016120,6.48,6.46,6.468004032258064
20230614093016140,6.48,6.46,6.468004032258064
20230614093016170,6.48,6.46,6.468004032258064
20230614093016220,6.48,6.46,6.468004032258064
20230614093018430,6.48,6.46,6.468004032258064
20230614093018710,6.48,6.47,6.468004032258064
20230614093020360,6.48,6.47,6.468004032258064
20230614093020460,6.48,6.47,6.468004032258064
20230614093020570,6.48,6.47,6.468004032258064
20230614093020670,6.48,6.47,6.468004032258064
20230614093021130,6.48,6.47,6.468004032258064
20230614093021600,6.48,6.47,6.468004032258064
20230614093021610,6.48,6.47,6.468004032258064
20230614093023060,6.48,6.47,6.468004032258064
20230614093023100,6.48,6.47,6.468004032258064
20230614093023110,6.48,6.47,6.468004032258064
20230614093023120,6.49,6.47,6.469303346132748
20230614093023130,6.49,6.48,6.474430162810625
20230614093023140,6.49,6.48,6.474430162810625
20230614093023150,6.49,6.48,6.474430162810625
20230614093023160,6.49,6.48,6.474430162810625
20230614093023430,6.49,6.48,6.474430162810625
20230614093023440,6.49,6.48,6.474430162810625
20230614093023460,6.49,6.48,6.474430162810625
20230614093023490,6.49,6.48,6.474430162810625
20230614093023500,6.49,6.48,6.474430162810625
20230614093023570,6.49,6.48,6.474430162810625
20230614093023670,6.49,6.48,6.474430162810625
20230614093025800,6.49,6.48,6.474430162810625
20230614093025850,6.49,6.48,6.474430162810625
20230614093026400,6.49,6.48,6.474446026772999
20230614093026410,6.49,6.48,6.474446026772999
20230614093026430,6.49,6.48,6.474446026772999
20230614093026600,6.49,6.48,6.474493617021277
20230614093026740,6.49,6.48,6.474493617021277
20230614093026780,6.49,6.48,6.474493617021277
20230614093026790,6.49,6.48,6.474493617021277
20230614093026840,6.49,6.48,6.474493617021277
20230614093026860,6.49,6.48,6.474493617021277
20230614093026870,6.49,6.48,6.474493617021277
20230614093026930,6.49,6.48,6.474493617021277
20230614093026990,6.49,6.48,6.474493617021277
20230614093028970,6.49,6.48,6.474493617021277
20230614093029000,6.49,6.48,6.474833518312986
20230614093029040,6.49,6.48,6.474833518312986
20230614093029100,6.49,6.48,6.474833518312986
20230614093029190,6.49,6.48,6.474833518312986
20230614093029350,6.49,6.48,6.474833518312986
20230614093029450,6.49,6.48,6.474833518312986
20230614093029500,6.49,6.48,6.474833518312986
20230614093031160,6.49,6.48,6.476844523870309
20230614093031170,6.49,6.49,6.476844523870309
20230614093031190,6.49,6.49,6.476844523870309
20230614093031210,6.49,6.49,6.476844523870309
20230614093031570,6.49,6.49,6.476844523870309
20230614093031620,6.49,6.49,6.476844523870309
20230614093031640,6.49,6.49,6.476914271177817
20230614093031940,6.49,6.49,6.476914271177817
20230614093031980,6.49,6.49,6.476914271177817
20230614093031990,6.49,6.49,6.476914271177817
20230614093032000,6.49,6.49,6.476914271177817
20230614093032030,6.49,6.49,6.476914271177817
20230614093032050,6.49,6.49,6.476914271177817
20230614093032060,6.49,6.49,6.476914271177817
20230614093032210,6.49,6.49,6.476992157854794
20230614093032250,6.49,6.49,6.476992157854794
20230614093032290,6.49,6.49,6.476992157854794
20230614093033910,6.49,6.49,6.476992157854794
20230614093033940,6.49,6.49,6.476992157854794
20230614093034080,6.49,6.49,6.477003792667509
20230614093034090,6.49,6.49,6.4770328282828284
20230614093034100,6.49,6.49,6.4770502144839766
20230614093034110,6.49,6.49,6.477096449257114
20230614093034120,6.49,6.49,6.477136752136752
20230614093034130,6.49,6.49,6.477159718734304
20230614093034140,6.49,6.49,6.477165453175998
20230614093034170,6.49,6.49,6.477165453175998
20230614093034240,6.49,6.49,6.477188362177076
20230614093034250,6.49,6.49,6.477188362177076
20230614093034280,6.49,6.49,6.477188362177076
20230614093034290,6.49,6.49,6.477188362177076
20230614093034310,6.49,6.49,6.477188362177076
20230614093037060,6.49,6.49,6.477188362177076
20230614093037080,6.49,6.49,6.477211225256828
20230614093037090,6.49,6.49,6.477211225256828
20230614093037130,6.49,6.49,6.477319201995012
20230614093037200,6.49,6.49,6.477336157488163
20230614093037620,6.49,6.49,6.477336157488163
20230614093037630,6.49,6.49,6.477336157488163
20230614093037680,6.49,6.49,6.477615062761506
20230614093037710,6.49,6.49,6.477615062761506
20230614093037800,6.49,6.49,6.477615062761506
20230614093039340,6.49,6.49,6.477615062761506
20230614093039360,6.49,6.49,6.477615062761506
20230614093039580,6.49,6.49,6.477615062761506
20230614093039600,6.49,6.49,6.477615062761506
20230614093039620,6.49,6.5,6.477615062761506
20230614093040040,6.49,6.5,6.477615062761506
20230614093040070,6.49,6.5,6.478045312123403
20230614093040080,6.49,6.5,6.4784258156703975
20230614093040110,6.49,6.5,6.4784258156703975
20230614093040120,6.49,6.5,6.4784258156703975
20230614093040130,6.49,6.5,6.4784258156703975
20230614093040140,6.49,6.5,6.4784258156703975
20230614093040220,6.49,6.5,6.4784258156703975
20230614093041960,6.49,6.51,6.4784258156703975
20230614093041990,6.49,6.51,6.4784258156703975
20230614093042000,6.49,6.51,6.4784258156703975
20230614093042020,6.49,6.51,6.4784258156703975
20230614093042100,6.49,6.51,6.4784258156703975
20230614093042110,6.49,6.51,6.4784258156703975
20230614093042130,6.49,6.51,6.4784258156703975
20230614093042140,6.49,6.51,6.4784258156703975
20230614093042160,6.49,6.51,6.4784258156703975
20230614093042260,6.49,6.51,6.4784258156703975
20230614093042270,6.49,6.51,6.4784258156703975
20230614093042280,6.49,6.51,6.4784258156703975
20230614093042290,6.49,6.51,6.4784258156703975
20230614093042370,6.49,6.51,6.4784258156703975
20230614093042570,6.49,6.51,6.4784258156703975
20230614093042580,6.49,6.51,6.4784258156703975
20230614093042800,6.49,6.51,6.4784258156703975
20230614093042900,6.49,6.51,6.4784258156703975
20230614093043010,6.49,6.51,6.4784258156703975
20230614093043030,6.49,6.51,6.4784258156703975
20230614093043080,6.49,6.51,6.4784258156703975
20230614093043120,6.49,6.51,6.4784258156703975
20230614093043150,6.5,6.51,6.486750332762883
20230614093043160,6.5,6.51,6.4872424128887225
20230614093043170,6.5,6.51,6.4872424128887225
20230614093043190,6.5,6.51,6.487303664921466
20230614093043200,6.53,6.52,6.4913409248446925
20230614093043210,6.53,6.52,6.4913409248446925
20230614093045050,6.53,6.52,6.491827604597168
20230614093045060,6.53,6.52,6.492126616395675
20230614093045260,6.53,6.52,6.492126616395675
20230614093045300,6.53,6.52,6.492126616395675
20230614093045390,6.53,6.52,6.492126616395675
20230614093045620,6.53,6.52,6.492126616395675
20230614093045850,6.53,6.52,6.492126616395675
20230614093045860,6.53,6.52,6.492126616395675
20230614093047550,6.53,6.52,6.492126616395675
20230614093047710,6.53,6.52,6.492126616395675
20230614093047830,6.53,6.52,6.492126616395675
20230614093048040,6.53,6.52,6.492138721487895
20230614093048060,6.53,6.52,6.492156864624315
20230614093048070,6.53,6.52,6.492156864624315
20230614093048110,6.53,6.52,6.492156864624315
20230614093048120,6.53,6.52,6.492168950391461
20230614093048130,6.53,6.52,6.4925575786693805
20230614093048160,6.53,6.52,6.4928511328230964
20230614093048180,6.53,6.52,6.492856956962763
20230614093048220,6.53,6.52,6.492856956962763
20230614093048230,6.53,6.52,6.492856956962763
20230614093048620,6.53,6.52,6.492899444777511
20230614093050120,6.53,6.52,6.492957428619208
20230614093050130,6.53,6.52,6.492969003645068
20230614093050410,6.53,6.52,6.492969003645068
20230614093050440,6.53,6.52,6.492969003645068
20230614093050460,6.53,6.52,6.494067791214338
20230614093050500,6.53,6.52,6.494067791214338
20230614093050510,6.53,6.52,6.494268214181803
20230614093050600,6.53,6.52,6.494268214181803
20230614093050610,6.53,6.52,6.494268214181803
20230614093050630,6.53,6.52,6.4942735999927645
20230614093050680,6.53,6.52,6.4942735999927645
20230614093050760,6.53,6.52,6.4942735999927645
20230614093050790,6.53,6.52,6.4942735999927645
20230614093050800,6.53,6.52,6.4942735999927645
20230614093050810,6.53,6.52,6.494418405657643
20230614093050900,6.53,6.52,6.4944664137094605
20230614093050920,6.53,6.52,6.494530223287037
20230614093050930,6.53,6.52,6.494530223287037
20230614093050960,6.53,6.52,6.494530223287037
20230614093051130,6.53,6.52,6.494530223287037
20230614093051150,6.53,6.52,6.4945408359426295
20230614093051210,6.53,6.52,6.4945408359426295
20230614093051220,6.53,6.52,6.4945408359426295
20230614093052810,6.53,6.52,6.4945408359426295
20230614093053040,6.53,6.52,6.4945408359426295
20230614093053080,6.53,6.52,6.4945408359426295
20230614093053300,6.53,6.52,6.4945408359426295
20230614093053560,6.53,6.52,6.494677815771805
20230614093053620,6.53,6.53,6.494677815771805
20230614093053630,6.53,6.53,6.494677815771805
20230614093053710,6.53,6.53,6.494677815771805
20230614093053850,6.53,6.53,6.494677815771805
20230614093053930,6.53,6.53,6.494677815771805
20230614093055470,6.53,6.53,6.494677815771805
20230614093055490,6.53,6.53,6.494677815771805
20230614093055670,6.53,6.53,6.494677815771805
20230614093055770,6.53,6.53,6.495257085876858
20230614093055830,6.53,6.53,6.495257085876858
20230614093055960,6.53,6.53,6.495257085876858
20230614093056000,6.53,6.53,6.495257085876858
20230614093056080,6.53,6.53,6.495257085876858
20230614093056230,6.53,6.53,6.495257085876858
20230614093056260,6.53,6.53,6.495257085876858
20230614093056620,6.53,6.53,6.495257085876858
20230614093058570,6.53,6.53,6.4952983365080845
20230614093058730,6.53,6.53,6.4952983365080845
20230614093059250,6.53,6.53,6.495303408790266
20230614093059260,6.53,6.53,6.495303408790266
20230614093100890,6.53,6.53,6.495303408790266
20230614093100910,6.53,6.53,6.495303408790266
20230614093100920,6.53,6.53,6.495303408790266
20230614093100950,6.53,6.53,6.495303408790266
20230614093100970,6.53,6.53,6.495303408790266
20230614093100980,6.53,6.53,6.495303408790266
20230614093101070,6.53,6.53,6.495303408790266
20230614093101080,6.53,6.53,6.495303408790266
20230614093101100,6.53,6.53,6.495303408790266
20230614093101140,6.53,6.53,6.495303408790266
20230614093101150,6.53,6.53,6.495303408790266
20230614093101160,6.53,6.53,6.495303408790266
20230614093101250,6.53,6.53,6.495303408790266
20230614093101680,6.53,6.52,6.496409440195873
20230614093101690,6.53,6.52,6.497784973124021
20230614093101730,6.53,6.53,6.497784973124021
20230614093101750,6.53,6.53,6.4978287409838815
20230614093101900,6.53,6.53,6.4978287409838815
20230614093102100,6.53,6.53,6.497837480288436
20230614093103930,6.53,6.53,6.497837480288436
20230614093103950,6.53,6.53,6.497859307791183
20230614093104010,6.53,6.53,6.497859307791183
20230614093104020,6.53,6.53,6.499263733971183
20230614093104030,6.54,6.53,6.50196836378826
20230614093104040,6.54,6.54,6.503710929783774
20230614093104050,6.55,6.54,6.503888208452991
20230614093104070,6.55,6.54,6.503900804959751
20230614093104080,6.55,6.54,6.5042787665551005
20230614093104090,6.55,6.54,6.506298946097826
20230614093104100,6.55,6.54,6.506298946097826
20230614093104110,6.55,6.54,6.506390153971396
20230614093104120,6.55,6.54,6.506390153971396
20230614093104140,6.55,6.54,6.506390153971396
20230614093104180,6.55,6.54,6.506390153971396
20230614093104200,6.55,6.54,6.506390153971396
20230614093104230,6.55,6.54,6.506390153971396
20230614093104250,6.55,6.54,6.506390153971396
20230614093104290,6.55,6.54,6.506390153971396
20230614093104370,6.55,6.54,6.506621411976437
20230614093104390,6.55,6.54,6.506621411976437
20230614093104400,6.55,6.54,6.506621411976437
20230614093104490,6.55,6.54,6.506799879804478
20230614093104500,6.55,6.54,6.506799879804478
20230614093104570,6.55,6.54,6.506870733708729
20230614093104710,6.55,6.54,6.506888399956059
20230614093104800,6.55,6.54,6.506888399956059
20230614093106370,6.55,6.54,6.506888399956059
20230614093106470,6.55,6.54,6.50694128583187
20230614093106480,6.55,6.54,6.50694128583187
20230614093106520,6.55,6.54,6.50694128583187
20230614093106790,6.55,6.54,6.50694128583187
20230614093106870,6.55,6.54,6.50694128583187
20230614093106900,6.55,6.54,6.50694128583187
20230614093106940,6.55,6.54,6.50694128583187
20230614093106970,6.55,6.54,6.50694128583187
20230614093106990,6.55,6.54,6.50694128583187
20230614093107010,6.55,6.54,6.50694128583187
20230614093107020,6.55,6.54,6.50694128583187
20230614093107130,6.55,6.54,6.50694128583187
20230614093107180,6.55,6.54,6.508893440664888
20230614093107190,6.55,6.54,6.508893440664888
20230614093107220,6.55,6.54,6.509171595781303
20230614093107250,6.55,6.54,6.509171595781303
20230614093107260,6.55,6.54,6.509171595781303
20230614093107290,6.55,6.54,6.509171595781303
20230614093107320,6.55,6.54,6.509171595781303
20230614093107430,6.55,6.54,6.5093394860895
20230614093107460,6.55,6.54,6.5093394860895
20230614093107480,6.55,6.54,6.509400958154184
20230614093109000,6.55,6.54,6.509400958154184
20230614093109110,6.55,6.54,6.509400958154184
20230614093109140,6.55,6.54,6.509400958154184
20230614093109260,6.55,6.54,6.509400958154184
20230614093109270,6.55,6.54,6.509400958154184
20230614093109410,6.55,6.54,6.509400958154184
20230614093109670,6.55,6.54,6.510057626513522
20230614093109680,6.55,6.54,6.510057626513522
20230614093109730,6.55,6.54,6.510482444628104
20230614093109820,6.55,6.54,6.510482444628104
20230614093109840,6.55,6.54,6.510482444628104
20230614093109870,6.55,6.54,6.510482444628104
20230614093109920,6.55,6.54,6.510482444628104
20230614093110080,6.55,6.54,6.510582445936173
20230614093110140,6.55,6.54,6.510582445936173
20230614093110180,6.55,6.54,6.510582445936173
20230614093111900,6.55,6.54,6.510639598307045
20230614093112020,6.55,6.54,6.510639598307045
20230614093112090,6.55,6.54,6.510639598307045
20230614093112210,6.55,6.54,6.510639598307045
20230614093112270,6.55,6.54,6.510639598307045
20230614093112330,6.55,6.54,6.510639598307045
20230614093112350,6.55,6.54,6.510639598307045
20230614093112460,6.56,6.54,6.510897887850629
20230614093112520,6.55,6.54,6.510897887850629
20230614093112550,6.55,6.54,6.510897887850629
20230614093112810,6.55,6.54,6.511242827889431
20230614093112860,6.55,6.54,6.511242827889431
20230614093114390,6.55,6.54,6.511276161243374
20230614093114420,6.55,6.54,6.511551692642892
20230614093114450,6.56,6.54,6.511822698894687
20230614093114540,6.56,6.54,6.511822698894687
20230614093114650,6.56,6.54,6.511822698894687
20230614093114710,6.56,6.54,6.511822698894687
20230614093114750,6.56,6.55,6.513581922160074
20230614093114890,6.56,6.55,6.513581922160074
20230614093114950,6.56,6.55,6.513581922160074
20230614093114980,6.56,6.55,6.513581922160074
20230614093115150,6.56,6.55,6.513581922160074
20230614093115160,6.56,6.55,6.513581922160074
20230614093115190,6.56,6.55,6.513581922160074
20230614093115200,6.56,6.55,6.513581922160074
20230614093115210,6.56,6.55,6.513581922160074
20230614093115240,6.56,6.55,6.513581922160074
20230614093115250,6.56,6.55,6.513581922160074
20230614093115280,6.56,6.55,6.513581922160074
20230614093115470,6.56,6.55,6.513671084206957
20230614093115540,6.56,6.55,6.513671084206957
20230614093115550,6.56,6.55,6.513671084206957
20230614093115570,6.56,6.55,6.513671084206957
20230614093115590,6.56,6.55,6.515226203144918
20230614093115600,6.56,6.55,6.515226203144918
20230614093117080,6.56,6.55,6.515226203144918
20230614093117160,6.56,6.55,6.515226203144918
20230614093117170,6.56,6.55,6.515226203144918
20230614093117240,6.56,6.55,6.515226203144918
20230614093117250,6.56,6.55,6.515226203144918
20230614093117260,6.56,6.55,6.515226203144918
20230614093117290,6.56,6.55,6.515226203144918
20230614093117330,6.56,6.55,6.515226203144918
20230614093117390,6.56,6.55,6.515226203144918
20230614093117530,6.56,6.55,6.515226203144918
20230614093117590,6.56,6.55,6.515226203144918
20230614093117670,6.56,6.55,6.515226203144918
20230614093117730,6.56,6.55,6.515226203144918
20230614093118120,6.56,6.55,6.515450225999899
20230614093120010,6.56,6.55,6.515464916241688
20230614093120020,6.56,6.55,6.515464916241688
20230614093120040,6.56,6.55,6.515479593996479
20230614093120060,6.56,6.55,6.515479593996479
20230614093120170,6.56,6.55,6.515479593996479
20230614093120360,6.56,6.55,6.515482528050398
20230614093120440,6.56,6.55,6.515482528050398
20230614093120660,6.56,6.55,6.515482528050398
20230614093120810,6.56,6.55,6.515482528050398
20230614093120870,6.56,6.55,6.515482528050398
20230614093120930,6.56,6.55,6.515482528050398
20230614093120940,6.56,6.55,6.515482528050398
20230614093120950,6.56,6.55,6.515482528050398
20230614093121020,6.56,6.55,6.515695375146873
20230614093122480,6.56,6.55,6.515695375146873
20230614093122780,6.56,6.55,6.515695375146873
20230614093122850,6.56,6.55,6.515695375146873
20230614093122890,6.56,6.55,6.515695375146873
20230614093122910,6.56,6.55,6.515695375146873
20230614093122920,6.56,6.55,6.515695375146873
20230614093122960,6.56,6.55,6.515695375146873
20230614093122970,6.56,6.55,6.515695375146873
20230614093123010,6.56,6.55,6.515695375146873
20230614093123130,6.56,6.55,6.515865493640223
20230614093123140,6.56,6.55,6.515865493640223
20230614093123180,6.56,6.55,6.515865493640223
20230614093123210,6.56,6.55,6.515865493640223
20230614093123280,6.56,6.55,6.516082261634679
20230614093123360,6.56,6.55,6.516082261634679
20230614093123390,6.56,6.55,6.516082261634679
20230614093123440,6.56,6.55,6.516082261634679
20230614093123550,6.56,6.55,6.516082261634679
20230614093125180,6.56,6.55,6.516223486334183
20230614093125220,6.56,6.55,6.516245973221664
20230614093125260,6.56,6.55,6.516245973221664
20230614093125290,6.56,6.55,6.516260012327984
20230614093125450,6.56,6.55,6.516260012327984
20230614093125480,6.56,6.55,6.516260012327984
20230614093125510,6.56,6.55,6.516260012327984
20230614093125680,6.56,6.55,6.516260012327984
20230614093125810,6.56,6.55,6.516282450623179
20230614093125840,6.56,6.55,6.516282450623179
20230614093125950,6.56,6.55,6.516282450623179
20230614093126020,6.56,6.55,6.516282450623179
20230614093126090,6.56,6.55,6.516282450623179
20230614093126130,6.56,6.55,6.516282450623179
20230614093126180,6.56,6.55,6.5170110545225155
20230614093126190,6.56,6.55,6.5170110545225155
20230614093126290,6.56,6.55,6.5170110545225155
20230614093126300,6.56,6.55,6.5170110545225155
20230614093128030,6.56,6.55,6.5170110545225155
20230614093128120,6.56,6.55,6.517118979779898
20230614093128150,6.56,6.55,6.517118979779898
20230614093128160,6.56,6.55,6.517118979779898
20230614093128220,6.56,6.55,6.517118979779898
20230614093128230,6.56,6.55,6.517118979779898
20230614093128240,6.56,6.55,6.517118979779898
20230614093128270,6.56,6.55,6.517118979779898
20230614093128300,6.56,6.55,6.517118979779898
20230614093128480,6.56,6.55,6.517118979779898
20230614093128510,6.56,6.55,6.517118979779898
20230614093128540,6.56,6.55,6.517118979779898
20230614093128570,6.56,6.55,6.517118979779898
20230614093128600,6.56,6.55,6.517118979779898
20230614093128710,6.56,6.55,6.517118979779898
20230614093128920,6.56,6.55,6.517118979779898
20230614093128930,6.56,6.55,6.517118979779898
20230614093129010,6.56,6.55,6.517118979779898
20230614093130580,6.56,6.55,6.517118979779898
20230614093130620,6.56,6.55,6.517118979779898
20230614093130630,6.56,6.55,6.517118979779898
20230614093130700,6.56,6.55,6.517118979779898
20230614093130850,6.56,6.55,6.517118979779898
20230614093130870,6.56,6.55,6.517118979779898
20230614093131030,6.56,6.55,6.517118979779898
20230614093131130,6.56,6.55,6.517118979779898
20230614093131140,6.56,6.55,6.517118979779898
20230614093131180,6.56,6.55,6.5176275961491275
20230614093131230,6.56,6.55,6.5178859464519565
20230614093131360,6.55,6.55,6.5178859464519565
20230614093131510,6.55,6.55,6.5178859464519565
20230614093131560,6.55,6.55,6.5178859464519565
20230614093131590,6.55,6.55,6.5178859464519565
20230614093131810,6.55,6.55,6.5178859464519565
20230614093133380,6.55,6.55,6.5178859464519565
20230614093133490,6.55,6.55,6.5178859464519565
20230614093133500,6.55,6.54,6.51791922942927
20230614093133540,6.55,6.54,6.517921786800994
20230614093133550,6.55,6.54,6.517921786800994
20230614093133560,6.57,6.54,6.517921786800994
20230614093133610,6.57,6.54,6.517921786800994
20230614093133620,6.57,6.54,6.517921786800994
20230614093133640,6.57,6.54,6.517921786800994
20230614093133650,6.56,6.54,6.517921786800994
20230614093133670,6.56,6.54,6.517921786800994
20230614093133740,6.57,6.54,6.517921786800994
20230614093133810,6.56,6.54,6.517921786800994
20230614093133860,6.56,6.54,6.517921786800994
20230614093133900,6.56,6.54,6.517921786800994
20230614093134000,6.56,6.54,6.517921786800994
20230614093134020,6.56,6.54,6.517921786800994
20230614093134120,6.56,6.56,6.518474601205371
20230614093134130,6.56,6.56,6.518477867724738
20230614093134150,6.56,6.56,6.518481133730236
20230614093134270,6.56,6.56,6.518481133730236
20230614093134330,6.56,6.56,6.518481133730236
20230614093136080,6.56,6.56,6.518481133730236
20230614093136150,6.56,6.56,6.518481133730236
20230614093136340,6.56,6.56,6.518481133730236
20230614093136390,6.56,6.56,6.518481133730236
20230614093136650,6.56,6.56,6.518481133730236
20230614093136770,6.56,6.56,6.518481133730236
20230614093136780,6.56,6.56,6.518481133730236
20230614093136790,6.56,6.56,6.518481133730236
20230614093136820,6.56,6.54,6.518481133730236
20230614093137010,6.56,6.54,6.518566095014452
20230614093137060,6.55,6.54,6.518566095014452
20230614093137090,6.55,6.54,6.518566095014452
20230614093137140,6.55,6.54,6.5185734944599325
20230614093137160,6.56,6.55,6.518803972403203
20230614093137200,6.56,6.55,6.518803972403203
20230614093138820,6.56,6.55,6.518803972403203
20230614093138830,6.56,6.55,6.518803972403203
20230614093138890,6.56,6.55,6.518803972403203
20230614093139060,6.56,6.55,6.518803972403203
20230614093139130,6.55,6.55,6.518803972403203
20230614093139240,6.55,6.55,6.518803972403203
20230614093139260,6.55,6.55,6.518803972403203
20230614093139300,6.55,6.55,6.518803972403203
20230614093139390,6.55,6.55,6.518803972403203
20230614093139400,6.55,6.55,6.518803972403203
20230614093139560,6.55,6.55,6.518803972403203
20230614093139700,6.55,6.55,6.518803972403203
20230614093139880,6.55,6.55,6.518803972403203
20230614093141370,6.55,6.55,6.518803972403203
20230614093141400,6.55,6.55,6.518803972403203
20230614093141450,6.55,6.55,6.518803972403203
20230614093141640,6.55,6.55,6.518803972403203
20230614093141720,6.55,6.55,6.518803972403203
20230614093141820,6.55,6.55,6.518803972403203
20230614093141910,6.55,6.55,6.518803972403203
20230614093141990,6.55,6.55,6.518803972403203
20230614093142030,6.55,6.55,6.518803972403203
20230614093142140,6.55,6.55,6.518803972403203
20230614093142150,6.55,6.55,6.518803972403203
20230614093142230,6.55,6.55,6.518803972403203
20230614093142260,6.55,6.55,6.518803972403203
20230614093142290,6.55,6.55,6.518803972403203
20230614093142320,6.55,6.55,6.518803972403203
20230614093142340,6.55,6.54,6.518803972403203
20230614093142470,6.55,6.54,6.518803972403203
20230614093142560,6.55,6.54,6.518803972403203
20230614093142600,6.55,6.54,6.518803972403203
20230614093142630,6.55,6.54,6.518803972403203
20230614093144060,6.55,6.54,6.518803972403203
20230614093144150,6.55,6.54,6.518803972403203
20230614093144190,6.55,6.54,6.518803972403203
20230614093144250,6.55,6.54,6.518803972403203
20230614093144340,6.55,6.54,6.518803972403203
20230614093144450,6.55,6.54,6.518803972403203
20230614093144530,6.55,6.54,6.518803972403203
20230614093144570,6.55,6.54,6.518803972403203
20230614093144720,6.55,6.54,6.518803972403203
20230614093144830,6.55,6.54,6.518803972403203
20230614093144850,6.55,6.54,6.519150425597422
20230614093144950,6.55,6.54,6.519150425597422
20230614093145010,6.55,6.54,6.519150425597422
20230614093145030,6.55,6.54,6.519150425597422
20230614093145050,6.55,6.54,6.519150425597422
20230614093145110,6.55,6.54,6.519150425597422
20230614093145120,6.55,6.54,6.5192185474982365
20230614093145160,6.55,6.54,6.5192185474982365
20230614093145220,6.55,6.54,6.5192185474982365
20230614093145290,6.55,6.54,6.5192185474982365
20230614093146830,6.55,6.54,6.5192185474982365
20230614093146850,6.55,6.54,6.5192185474982365
20230614093147050,6.55,6.54,6.5192185474982365
20230614093147090,6.55,6.54,6.5192185474982365
20230614093147140,6.55,6.54,6.5192185474982365
20230614093147160,6.55,6.54,6.5192185474982365
20230614093147240,6.55,6.54,6.519470610087547
20230614093147320,6.55,6.54,6.519470610087547
20230614093147340,6.55,6.54,6.519470610087547
20230614093147350,6.55,6.54,6.519470610087547
20230614093147380,6.55,6.54,6.519470610087547
20230614093147490,6.55,6.54,6.519470610087547
20230614093147530,6.55,6.54,6.5194940732664195
20230614093147580,6.55,6.54,6.5194940732664195
20230614093147620,6.55,6.54,6.5194940732664195
20230614093147660,6.55,6.54,6.5194940732664195
20230614093147860,6.55,6.54,6.5194940732664195
20230614093147900,6.55,6.54,6.5194940732664195
20230614093148010,6.55,6.54,6.519626074088906
20230614093149480,6.55,6.54,6.519626074088906
20230614093149540,6.55,6.54,6.519626074088906
20230614093149570,6.55,6.54,6.519626074088906
20230614093149640,6.55,6.54,6.519626074088906
20230614093149900,6.55,6.54,6.519626074088906
20230614093149910,6.55,6.54,6.519626074088906
20230614093150000,6.55,6.54,6.519626074088906
20230614093150030,6.55,6.54,6.519626074088906
20230614093150110,6.55,6.54,6.519626074088906
20230614093150140,6.55,6.54,6.519626074088906
20230614093150210,6.55,6.54,6.519626074088906
20230614093150370,6.55,6.54,6.519626074088906
20230614093150390,6.55,6.54,6.519626074088906
20230614093150580,6.55,6.54,6.519626074088906
20230614093152160,6.55,6.54,6.519626074088906
20230614093152170,6.55,6.54,6.519626074088906
20230614093152210,6.55,6.54,6.519626074088906
20230614093152220,6.55,6.54,6.519626074088906
20230614093152230,6.55,6.54,6.519626074088906
20230614093152240,6.55,6.55,6.519626074088906
20230614093152320,6.55,6.54,6.519626074088906
20230614093152410,6.55,6.54,6.519626074088906
20230614093152450,6.55,6.54,6.519626074088906
20230614093152520,6.55,6.54,6.519626074088906
20230614093152550,6.55,6.54,6.519626074088906
20230614093152570,6.55,6.54,6.519626074088906
20230614093152600,6.55,6.54,6.519626074088906
20230614093152760,6.55,6.54,6.519626074088906
20230614093152810,6.55,6.54,6.519626074088906
20230614093152950,6.55,6.54,6.519626074088906
20230614093152980,6.55,6.54,6.519626074088906
20230614093153090,6.55,6.54,6.519626074088906
20230614093153140,6.55,6.54,6.519626074088906
20230614093153240,6.55,6.54,6.519626074088906
20230614093153270,6.55,6.54,6.519626074088906
20230614093154930,6.55,6.54,6.519626074088906
20230614093154960,6.55,6.54,6.519626074088906
20230614093155080,6.55,6.54,6.519626074088906
20230614093155100,6.55,6.54,6.519626074088906
20230614093155140,6.56,6.54,6.520674102894889
20230614093155520,6.56,6.54,6.520674102894889
20230614093155540,6.56,6.54,6.520674102894889
20230614093155550,6.56,6.54,6.520674102894889
20230614093155570,6.56,6.54,6.520674102894889
20230614093155600,6.56,6.54,6.520674102894889
20230614093155640,6.56,6.54,6.520674102894889
20230614093155720,6.56,6.55,6.520674102894889
20230614093155730,6.56,6.55,6.520674102894889
20230614093155740,6.56,6.55,6.520674102894889
20230614093155900,6.55,6.54,6.521551319549696
20230614093155990,6.55,6.54,6.521559441113434
20230614093156040,6.55,6.54,6.521559441113434
20230614093156060,6.56,6.55,6.521593906089277
20230614093156120,6.56,6.55,6.52159997947465
20230614093157570,6.56,6.55,6.52159997947465
20230614093157580,6.56,6.55,6.52159997947465
20230614093157590,6.56,6.55,6.52159997947465
20230614093157800,6.56,6.55,6.52159997947465
20230614093157860,6.56,6.55,6.52159997947465
20230614093157880,6.55,6.55,6.52159997947465
20230614093158060,6.55,6.55,6.52159997947465
20230614093158150,6.55,6.55,6.52159997947465
20230614093158170,6.55,6.55,6.52159997947465
20230614093158210,6.55,6.55,6.52159997947465
20230614093158240,6.55,6.55,6.52159997947465
20230614093158270,6.55,6.55,6.52159997947465
20230614093158410,6.55,6.55,6.52159997947465
20230614093158490,6.55,6.55,6.52159997947465
20230614093158500,6.55,6.55,6.52159997947465
20230614093158520,6.55,6.55,6.52159997947465
20230614093158550,6.55,6.55,6.52159997947465
20230614093158660,6.55,6.55,6.52159997947465
20230614093158680,6.55,6.55,6.52159997947465
20230614093200310,6.55,6.55,6.52159997947465
20230614093200370,6.55,6.55,6.52159997947465
20230614093200670,6.55,6.55,6.52159997947465
20230614093200710,6.55,6.55,6.52159997947465
20230614093200900,6.55,6.55,6.52159997947465
20230614093200930,6.55,6.55,6.52159997947465
20230614093200940,6.55,6.55,6.52159997947465
20230614093200960,6.55,6.55,6.52159997947465
20230614093200970,6.55,6.55,6.52159997947465
20230614093200980,6.55,6.55,6.52159997947465
20230614093201090,6.55,6.55,6.52159997947465
20230614093201130,6.55,6.54,6.52159997947465
20230614093201270,6.55,6.54,6.52159997947465
20230614093201280,6.55,6.54,6.52159997947465
20230614093201290,6.55,6.54,6.52159997947465
20230614093201460,6.55,6.54,6.52159997947465
20230614093201520,6.55,6.54,6.52159997947465
20230614093203000,6.55,6.54,6.52159997947465
20230614093203010,6.55,6.54,6.52159997947465
20230614093203140,6.55,6.54,6.52159997947465
20230614093203190,6.55,6.54,6.52159997947465
20230614093203200,6.55,6.54,6.52159997947465
20230614093203240,6.55,6.54,6.52159997947465
20230614093203290,6.55,6.54,6.52159997947465
20230614093203310,6.55,6.54,6.52159997947465
20230614093203500,6.55,6.54,6.52159997947465
20230614093203530,6.55,6.54,6.52159997947465
20230614093203540,6.55,6.54,6.52159997947465
20230614093203590,6.55,6.54,6.52159997947465
20230614093203610,6.55,6.54,6.52159997947465
20230614093203650,6.55,6.54,6.52159997947465
20230614093203670,6.55,6.54,6.52159997947465
20230614093203790,6.55,6.54,6.52159997947465
20230614093203810,6.55,6.54,6.52159997947465
20230614093203920,6.55,6.54,6.52159997947465
20230614093203930,6.55,6.54,6.52159997947465
20230614093203960,6.55,6.54,6.52159997947465
20230614093204120,6.55,6.54,6.52159997947465
20230614093204170,6.55,6.54,6.52159997947465
20230614093205720,6.55,6.54,6.52159997947465
20230614093205810,6.55,6.54,6.52159997947465
20230614093205860,6.55,6.54,6.52159997947465
20230614093205890,6.54,6.54,6.52159997947465
20230614093205920,6.54,6.54,6.52159997947465
20230614093206120,6.54,6.54,6.52159997947465
20230614093206130,6.54,6.54,6.52159997947465
20230614093206190,6.54,6.54,6.52159997947465
20230614093206270,6.54,6.54,6.52159997947465
20230614093206290,6.54,6.54,6.52159997947465
20230614093206350,6.54,6.54,6.52159997947465
20230614093206360,6.54,6.54,6.52159997947465
20230614093206480,6.54,6.54,6.52159997947465
20230614093206590,6.54,6.54,6.52159997947465
20230614093206600,6.54,6.54,6.52159997947465
20230614093206620,6.54,6.54,6.52159997947465
20230614093206670,6.54,6.54,6.52159997947465
20230614093206690,6.54,6.54,6.521980256484338
20230614093206700,6.54,6.54,6.521980256484338
20230614093206860,6.54,6.54,6.521980256484338
20230614093206900,6.54,6.54,6.521980256484338
20230614093208370,6.54,6.54,6.521980256484338
20230614093208440,6.54,6.54,6.521980256484338
20230614093208450,6.54,6.54,6.521980256484338
20230614093208570,6.54,6.54,6.521980256484338
20230614093208580,6.54,6.54,6.521980256484338
20230614093208590,6.54,6.54,6.521980256484338
20230614093208640,6.54,6.54,6.521980256484338
20230614093208700,6.54,6.54,6.521980256484338
20230614093208830,6.54,6.54,6.521980256484338
20230614093208990,6.54,6.54,6.521980256484338
20230614093209140,6.54,6.54,6.521980256484338
20230614093209210,6.54,6.54,6.521980256484338
20230614093209280,6.54,6.54,6.521980256484338
20230614093209290,6.54,6.54,6.521980256484338
20230614093209300,6.54,6.54,6.521980256484338
20230614093209310,6.54,6.54,6.521980256484338
20230614093209420,6.54,6.54,6.521980256484338
20230614093211100,6.54,6.54,6.521980256484338
20230614093211310,6.54,6.54,6.521980256484338
20230614093211400,6.54,6.54,6.521980256484338
20230614093211470,6.54,6.54,6.521980256484338
20230614093211570,6.54,6.54,6.521980256484338
20230614093211730,6.54,6.54,6.521980256484338
20230614093211770,6.54,6.54,6.521980256484338
20230614093211810,6.54,6.54,6.521980256484338
20230614093211920,6.54,6.54,6.521980256484338
20230614093212010,6.54,6.54,6.521980256484338
20230614093212220,6.54,6.54,6.521980256484338
20230614093213770,6.54,6.54,6.521980256484338
20230614093213840,6.54,6.54,6.521980256484338
20230614093213870,6.54,6.54,6.521980256484338
20230614093213930,6.54,6.54,6.521980256484338
20230614093214010,6.54,6.54,6.521980256484338
20230614093214030,6.54,6.54,6.521980256484338
20230614093214090,6.54,6.54,6.521980256484338
20230614093214240,6.54,6.54,6.521980256484338
20230614093214260,6.54,6.54,6.521980256484338
20230614093214330,6.54,6.54,6.521980256484338
20230614093214420,6.54,6.54,6.521980256484338
20230614093214440,6.54,6.54,6.521980256484338
20230614093214470,6.54,6.54,6.521980256484338
20230614093214480,6.54,6.54,6.521980256484338
20230614093214490,6.54,6.54,6.521980256484338
20230614093214580,6.54,6.54,6.521980256484338
20230614093214650,6.54,6.54,6.521980256484338
20230614093214800,6.54,6.54,6.521980256484338
20230614093214980,6.54,6.54,6.521980256484338
20230614093216560,6.54,6.54,6.521980256484338
20230614093216590,6.54,6.54,6.5220299983992085
20230614093216690,6.54,6.54,6.5220299983992085
20230614093216700,6.54,6.54,6.5220299983992085
20230614093217040,6.53,6.54,6.5220299983992085
20230614093217110,6.53,6.54,6.5220299983992085
20230614093217270,6.53,6.54,6.5220299983992085
20230614093217330,6.53,6.54,6.5220299983992085
20230614093217360,6.53,6.54,6.5220299983992085
20230614093217410,6.53,6.54,6.5220299983992085
20230614093217550,6.53,6.54,6.5220299983992085
20230614093219240,6.53,6.54,6.5220299983992085
20230614093219500,6.53,6.54,6.5220299983992085
20230614093219550,6.53,6.54,6.5220299983992085
20230614093219580,6.53,6.54,6.5220299983992085
20230614093219620,6.53,6.54,6.5220299983992085
20230614093219700,6.53,6.54,6.5220299983992085
20230614093219780,6.53,6.54,6.5220299983992085
20230614093219920,6.53,6.54,6.5220299983992085
20230614093220050,6.53,6.54,6.5220299983992085
20230614093220120,6.53,6.54,6.5220299983992085
20230614093220250,6.53,6.54,6.5220299983992085
20230614093220420,6.53,6.54,6.5220299983992085
20230614093221870,6.53,6.54,6.5220299983992085
20230614093222080,6.53,6.54,6.5220299983992085
20230614093222130,6.53,6.54,6.5220299983992085
20230614093222300,6.53,6.54,6.5220299983992085
20230614093222360,6.53,6.54,6.5220299983992085
20230614093222380,6.53,6.54,6.5220299983992085
20230614093222390,6.53,6.54,6.52199845867863
20230614093222450,6.53,6.54,6.52199845867863
20230614093222480,6.53,6.54,6.52199845867863
20230614093222500,6.52,6.54,6.52199845867863
20230614093222650,6.52,6.54,6.52199845867863
20230614093222700,6.52,6.54,6.52199845867863
20230614093222710,6.52,6.54,6.52199845867863
20230614093222740,6.52,6.54,6.52199845867863
20230614093222800,6.53,6.54,6.522003697586509
20230614093222880,6.53,6.54,6.522003697586509
20230614093222910,6.53,6.54,6.522003697586509
20230614093222960,6.53,6.54,6.522003697586509
20230614093222980,6.53,6.54,6.522003697586509
20230614093223010,6.53,6.54,6.522003697586509
20230614093223080,6.53,6.54,6.522003697586509
20230614093224670,6.52,6.54,6.522003697586509
20230614093224710,6.52,6.54,6.522003697586509
20230614093224760,6.52,6.54,6.522003697586509
20230614093224770,6.52,6.54,6.521961985855793
20230614093224780,6.52,6.54,6.521961985855793
20230614093224840,6.52,6.54,6.521961985855793
20230614093224960,6.52,6.54,6.521961985855793
20230614093224990,6.52,6.54,6.521961985855793
20230614093225050,6.52,6.54,6.521956567145554
20230614093225080,6.52,6.54,6.521956567145554
20230614093225150,6.52,6.54,6.521956567145554
20230614093225160,6.53,6.54,6.521940509999384
20230614093225170,6.53,6.54,6.521940509999384
20230614093225180,6.53,6.54,6.521940509999384
20230614093225190,6.53,6.54,6.521940509999384
20230614093225210,6.53,6.54,6.521940509999384
20230614093225220,6.53,6.54,6.521940509999384
20230614093225270,6.53,6.54,6.521940509999384
20230614093225280,6.53,6.54,6.521940509999384
20230614093225290,6.53,6.54,6.521940509999384
20230614093225390,6.53,6.54,6.521940509999384
20230614093225400,6.53,6.54,6.521941981403295
20230614093225410,6.53,6.51,6.521886925418038
20230614093225420,6.52,6.51,6.521886925418038
20230614093225450,6.52,6.51,6.521886925418038
20230614093225460,6.52,6.51,6.521886925418038
20230614093225470,6.52,6.51,6.521886925418038
20230614093225490,6.52,6.51,6.521886925418038
20230614093225500,6.52,6.51,6.521886925418038
20230614093225660,6.52,6.51,6.521886925418038
20230614093225710,6.52,6.51,6.521886925418038
20230614093225760,6.52,6.51,6.521886925418038
20230614093225770,6.52,6.51,6.521886925418038
20230614093227280,6.52,6.51,6.521886925418038
20230614093227350,6.52,6.51,6.521886925418038
20230614093227370,6.52,6.52,6.521857322615966
20230614093227380,6.52,6.51,6.521770329281246
20230614093227390,6.52,6.51,6.521770329281246
20230614093227520,6.52,6.51,6.521770329281246
20230614093227680,6.52,6.51,6.52176661776866
20230614093227690,6.52,6.51,6.52176661776866
20230614093227830,6.52,6.51,6.52176661776866
20230614093227890,6.52,6.51,6.52176661776866
20230614093227940,6.52,6.51,6.52176661776866
20230614093228000,6.52,6.51,6.52176661776866
20230614093228020,6.52,6.51,6.52176661776866
20230614093228050,6.52,6.51,6.52176661776866
20230614093228090,6.52,6.51,6.521766399928974
20230614093228100,6.52,6.51,6.521766399928974
20230614093228130,6.52,6.51,6.521766399928974
20230614093228160,6.52,6.51,6.521766399928974
20230614093228290,6.52,6.51,6.521759889627585
20230614093228300,6.52,6.51,6.521759889627585
20230614093228330,6.52,6.51,6.521759889627585
20230614093228430,6.52,6.51,6.521759889627585
20230614093228500,6.52,6.51,6.521759889627585
20230614093229960,6.52,6.51,6.521759889627585
20230614093230090,6.52,6.51,6.521759889627585
20230614093230120,6.52,6.51,6.521759889627585
20230614093230190,6.52,6.52,6.521759889627585
20230614093230200,6.52,6.51,6.521756221714256
20230614093230240,6.52,6.51,6.521756221714256
20230614093230450,6.52,6.51,6.521756221714256
20230614093230580,6.52,6.51,6.521756221714256
20230614093230740,6.52,6.51,6.521756221714256
20230614093230970,6.52,6.51,6.521756221714256
20230614093231030,6.52,6.51,6.521756221714256
20230614093231050,6.52,6.51,6.521755501111592
20230614093231130,6.53,6.51,6.521758833753224
20230614093231150,6.53,6.51,6.521758833753224
20230614093231160,6.53,6.51,6.521758833753224
20230614093232680,6.53,6.51,6.521758833753224
20230614093232690,6.53,6.51,6.521758833753224
20230614093232760,6.53,6.51,6.521758833753224
20230614093232880,6.53,6.51,6.521758833753224
20230614093232940,6.53,6.51,6.521758833753224
20230614093232990,6.51,6.51,6.5217315520693475
20230614093233000,6.53,6.51,6.521730851152178
20230614093233120,6.53,6.51,6.521730851152178
20230614093233190,6.53,6.51,6.521730851152178
20230614093233360,6.53,6.51,6.521730851152178
20230614093233400,6.53,6.51,6.521730851152178
20230614093233420,6.53,6.51,6.521730851152178
20230614093233480,6.53,6.51,6.521730851152178
20230614093233680,6.53,6.51,6.521730851152178
20230614093233860,6.53,6.51,6.521730851152178
20230614093233880,6.52,6.51,6.521730851152178
20230614093233920,6.52,6.51,6.521730851152178
20230614093235410,6.52,6.51,6.521730851152178
20230614093235430,6.52,6.51,6.521730851152178
20230614093235440,6.52,6.51,6.521730851152178
20230614093235460,6.52,6.51,6.521730851152178
20230614093235540,6.52,6.51,6.521730851152178
20230614093235570,6.52,6.51,6.521730851152178
20230614093235610,6.52,6.51,6.521730851152178
20230614093235620,6.52,6.51,6.521730851152178
20230614093235730,6.52,6.51,6.521730851152178
20230614093235740,6.52,6.51,6.521730851152178
20230614093235780,6.52,6.51,6.521730851152178
20230614093235790,6.52,6.51,6.521730851152178
20230614093236040,6.52,6.51,6.521730851152178
20230614093236220,6.52,6.51,6.521730851152178
20230614093236240,6.52,6.51,6.521730851152178
20230614093236350,6.52,6.51,6.521730851152178
20230614093236360,6.52,6.51,6.521730851152178
20230614093236500,6.52,6.51,6.521730851152178
20230614093236510,6.52,6.51,6.521730851152178
20230614093236580,6.52,6.51,6.521730851152178
20230614093238140,6.52,6.51,6.521730851152178
20230614093238440,6.52,6.51,6.521730851152178
20230614093238480,6.52,6.51,6.521730851152178
20230614093238550,6.52,6.51,6.521730851152178
20230614093238830,6.52,6.51,6.521730851152178
20230614093239010,6.52,6.51,6.521730851152178
20230614093239240,6.52,6.51,6.521730851152178
20230614093239310,6.52,6.51,6.521730851152178
20230614093240980,6.52,6.51,6.521730851152178
20230614093241180,6.52,6.51,6.521730851152178
20230614093241220,6.52,6.51,6.521730851152178
20230614093241280,6.52,6.51,6.52172152164612
20230614093241430,6.52,6.51,6.52172152164612
20230614093241480,6.52,6.51,6.52172152164612
20230614093241500,6.52,6.51,6.52172152164612
20230614093241560,6.52,6.51,6.52172152164612
20230614093241750,6.52,6.51,6.52172152164612
20230614093241840,6.52,6.51,6.5216978565007855
20230614093241850,6.52,6.51,6.5216978565007855
20230614093243490,6.52,6.51,6.5216978565007855
20230614093243510,6.52,6.51,6.5216978565007855
20230614093243530,6.52,6.51,6.5216978565007855
20230614093243600,6.52,6.51,6.5216978565007855
20230614093243660,6.52,6.51,6.5216978565007855
20230614093243690,6.52,6.51,6.5216978565007855
20230614093243810,6.52,6.51,6.5216978565007855
20230614093243900,6.52,6.51,6.5216978565007855
20230614093243940,6.52,6.51,6.5216978565007855
20230614093243990,6.52,6.51,6.5216978565007855
20230614093244150,6.52,6.51,6.5216978565007855
20230614093244220,6.52,6.51,6.5216978565007855
20230614093244270,6.52,6.51,6.5216978565007855
20230614093244470,6.52,6.51,6.5216978565007855
20230614093244580,6.52,6.51,6.5216978565007855
20230614093244620,6.52,6.51,6.5216978565007855
20230614093246400,6.52,6.51,6.5216978565007855
20230614093246710,6.52,6.51,6.5216978565007855
20230614093246740,6.52,6.51,6.5216978565007855
20230614093246840,6.52,6.51,6.5216978565007855
20230614093246850,6.52,6.51,6.5216978565007855
20230614093247210,6.52,6.51,6.5216978565007855
20230614093247410,6.52,6.51,6.5216978565007855
20230614093247420,6.52,6.51,6.5216978565007855
20230614093248860,6.52,6.51,6.5216978565007855
20230614093248900,6.52,6.51,6.5216978565007855
20230614093248910,6.52,6.51,6.5216978565007855
20230614093249570,6.52,6.51,6.5216978565007855
20230614093249650,6.52,6.51,6.5216978565007855
20230614093249790,6.52,6.51,6.5216978565007855
20230614093249800,6.52,6.51,6.5216978565007855
20230614093249820,6.52,6.51,6.5216978565007855
20230614093249950,6.52,6.51,6.5216978565007855
20230614093250020,6.52,6.51,6.5216978565007855
20230614093250090,6.52,6.51,6.5216978565007855
20230614093251620,6.52,6.51,6.5216978565007855
20230614093251640,6.52,6.51,6.5216978565007855
20230614093251720,6.52,6.51,6.5216978565007855
20230614093251800,6.52,6.51,6.5216978565007855
20230614093251850,6.52,6.51,6.5216978565007855
20230614093251940,6.52,6.51,6.5216978565007855
20230614093251970,6.52,6.51,6.5216978565007855
20230614093252100,6.52,6.51,6.5216978565007855
20230614093252120,6.52,6.51,6.5216978565007855
20230614093252140,6.52,6.51,6.521693643325672
20230614093252670,6.52,6.52,6.521693643325672
20230614093252750,6.52,6.51,6.521676153982134
20230614093252770,6.52,6.51,6.521676153982134
20230614093254490,6.52,6.51,6.521676153982134
20230614093254560,6.52,6.51,6.521676153982134
20230614093254660,6.52,6.51,6.521676153982134
20230614093254760,6.52,6.51,6.521676153982134
20230614093254890,6.52,6.51,6.521676153982134
20230614093255040,6.52,6.51,6.521676153982134
20230614093255070,6.52,6.51,6.521676153982134
20230614093255080,6.52,6.51,6.521676153982134
20230614093255090,6.52,6.52,6.521676153982134
20230614093255270,6.52,6.52,6.521676153982134
20230614093255290,6.52,6.52,6.521676153982134
20230614093255330,6.52,6.52,6.521676153982134
20230614093255410,6.52,6.52,6.521674102915666
20230614093255420,6.52,6.52,6.521672154180414
20230614093256960,6.52,6.52,6.521672154180414
20230614093256980,6.52,6.52,6.521672154180414
20230614093256990,6.52,6.52,6.521672154180414
20230614093257030,6.52,6.52,6.521672154180414
20230614093257050,6.52,6.52,6.521672154180414
20230614093257120,6.52,6.52,6.521672154180414
20230614093257210,6.52,6.52,6.521672154180414
20230614093257290,6.52,6.52,6.521672154180414
20230614093257790,6.52,6.52,6.521672056862736
20230614093257830,6.52,6.52,6.521672056862736
20230614093257980,6.52,6.52,6.521672056862736
20230614093258120,6.52,6.52,6.521671959556386
20230614093258130,6.52,6.51,6.521667108637108
20230614093259650,6.52,6.51,6.521667108637108
20230614093259890,6.52,6.51,6.521667108637108
20230614093300070,6.52,6.51,6.521667108637108
20230614093300140,6.52,6.51,6.521667108637108
20230614093300160,6.52,6.51,6.521667108637108
20230614093300200,6.52,6.51,6.521667108637108
20230614093300270,6.52,6.51,6.521667108637108
20230614093300400,6.52,6.51,6.521667108637108
20230614093300470,6.52,6.51,6.521667108637108
20230614093300490,6.52,6.51,6.521667108637108
20230614093300620,6.52,6.51,6.521667108637108
20230614093300630,6.52,6.51,6.521667108637108
20230614093300700,6.52,6.51,6.521667108637108
20230614093300780,6.52,6.51,6.521667108637108
20230614093300800,6.52,6.51,6.521667108637108
20230614093300810,6.52,6.51,6.521667108637108
20230614093300850,6.52,6.51,6.521667108637108
20230614093302380,6.52,6.51,6.521667108637108
20230614093302410,6.52,6.51,6.521667108637108
20230614093302460,6.52,6.51,6.521667108637108
20230614093302590,6.52,6.51,6.521665176141787
20230614093302630,6.52,6.51,6.521665176141787
20230614093302660,6.52,6.51,6.521665176141787
20230614093302920,6.52,6.51,6.521665176141787
20230614093303000,6.52,6.51,6.521664115177853
20230614093303010,6.52,6.51,6.521664115177853
20230614093303060,6.52,6.51,6.521663633368328
20230614093303100,6.52,6.51,6.5216554850836355
20230614093303110,6.52,6.51,6.5216554850836355
20230614093303120,6.52,6.51,6.5216554850836355
20230614093303130,6.52,6.51,6.5216554850836355
20230614093303180,6.52,6.51,6.5216554850836355
20230614093303190,6.52,6.51,6.521655008257759
20230614093303560,6.52,6.51,6.521655008257759
20230614093303570,6.52,6.51,6.521654912925544
20230614093303580,6.52,6.51,6.521652533184396
20230614093305120,6.52,6.51,6.521652533184396
20230614093305130,6.52,6.51,6.521652533184396
20230614093305180,6.52,6.52,6.521652533184396
20230614093305230,6.52,6.52,6.521652533184396
20230614093305400,6.52,6.52,6.521652533184396
20230614093305420,6.52,6.52,6.521652533184396
20230614093305500,6.52,6.52,6.521652533184396
20230614093305590,6.52,6.52,6.521652533184396
20230614093305680,6.52,6.52,6.521652533184396
20230614093305750,6.52,6.52,6.521652533184396
20230614093305790,6.52,6.52,6.521652533184396
20230614093305920,6.52,6.52,6.521656372549865
20230614093305960,6.52,6.51,6.521656372549865
20230614093306010,6.52,6.51,6.521656372549865
20230614093306040,6.52,6.51,6.521656372549865
20230614093306160,6.52,6.51,6.521656372549865
20230614093306170,6.52,6.51,6.521656372549865
20230614093306220,6.52,6.51,6.521818496172935
20230614093306260,6.52,6.51,6.521818496172935
20230614093307820,6.52,6.51,6.521818496172935
20230614093308020,6.52,6.52,6.521818496172935
20230614093308070,6.52,6.52,6.521818496172935
20230614093308240,6.52,6.52,6.521818496172935
20230614093308260,6.52,6.52,6.521818496172935
20230614093308340,6.52,6.52,6.521818496172935
20230614093308390,6.52,6.52,6.521818496172935
20230614093308470,6.52,6.52,6.521818496172935
20230614093308600,6.52,6.52,6.521818496172935
20230614093308840,6.53,6.51,6.521851747384632
20230614093308890,6.53,6.51,6.521851747384632
20230614093308970,6.53,6.51,6.521851747384632
20230614093310550,6.53,6.52,6.521851747384632
20230614093310640,6.53,6.52,6.521851747384632
20230614093310680,6.53,6.52,6.521851747384632
20230614093310810,6.53,6.52,6.521851747384632
20230614093311110,6.52,6.52,6.521851747384632
20230614093311160,6.52,6.52,6.5218611083606
20230614093311340,6.52,6.52,6.521861553584899
20230614093311450,6.52,6.51,6.521861553584899
20230614093311510,6.52,6.51,6.521861553584899
20230614093311520,6.52,6.51,6.521853846308895
20230614093311530,6.52,6.51,6.521855621028483
20230614093311540,6.52,6.51,6.521855621028483
20230614093311570,6.52,6.51,6.521855621028483
20230614093311600,6.52,6.51,6.521855621028483
20230614093311700,6.52,6.51,6.521856508098328
20230614093313290,6.52,6.51,6.521856508098328
20230614093313370,6.52,6.51,6.521856508098328
20230614093313470,6.53,6.51,6.5218600544461935
20230614093313480,6.53,6.51,6.521860940550597
20230614093313490,6.53,6.51,6.521866695530101
20230614093313500,6.53,6.51,6.521866695530101
20230614093313750,6.53,6.51,6.521866695530101
20230614093314000,6.53,6.51,6.521866695530101
20230614093314040,6.53,6.51,6.521875533470285
20230614093314130,6.53,6.51,6.521875533470285
20230614093314170,6.53,6.51,6.521875533470285
20230614093314310,6.53,6.51,6.521875533470285
20230614093314380,6.53,6.51,6.521875533470285
20230614093315880,6.53,6.51,6.521883030631681
20230614093315970,6.53,6.51,6.521883030631681
20230614093316000,6.53,6.51,6.521883030631681
20230614093316070,6.52,6.51,6.521883030631681
20230614093316080,6.53,6.51,6.521881600722049
20230614093316140,6.53,6.51,6.521896106160288
20230614093316290,6.52,6.51,6.521896106160288
20230614093316340,6.52,6.51,6.521896106160288
20230614093316510,6.52,6.51,6.521896106160288
20230614093316590,6.52,6.51,6.521896106160288
20230614093317010,6.52,6.51,6.521896106160288
20230614093317050,6.52,6.51,6.521896106160288
20230614093318640,6.52,6.51,6.521896106160288
20230614093318650,6.52,6.51,6.521896106160288
20230614093318890,6.52,6.51,6.521896106160288
20230614093318930,6.52,6.51,6.521896106160288
20230614093319000,6.52,6.51,6.521896106160288
20230614093319100,6.52,6.51,6.521895695601737
20230614093319140,6.52,6.51,6.521895490389127
20230614093319510,6.52,6.51,6.521895490389127
20230614093321270,6.52,6.51,6.521895490389127
20230614093321480,6.52,6.51,6.521895490389127
20230614093321890,6.52,6.51,6.521895490389127
20230614093321910,6.52,6.51,6.521895490389127
20230614093321950,6.53,6.51,6.521883663601993
20230614093322040,6.53,6.51,6.521883663601993
20230614093322100,6.53,6.51,6.521883663601993
20230614093322120,6.53,6.51,6.521883663601993
20230614093322130,6.52,6.51,6.521874588829656
20230614093322140,6.52,6.51,6.521874588829656
20230614093322150,6.52,6.51,6.521874588829656
20230614093322160,6.52,6.51,6.521872582006408
20230614093322170,6.52,6.51,6.521872582006408
20230614093322190,6.53,6.51,6.521872582006408
20230614093322260,6.52,6.51,6.521872582006408
20230614093322270,6.52,6.51,6.521872582006408
20230614093322290,6.52,6.51,6.521872582006408
20230614093322310,6.52,6.51,6.521872582006408
20230614093322370,6.52,6.51,6.521872582006408
20230614093322390,6.52,6.51,6.521872582006408
20230614093324080,6.52,6.51,6.521872582006408
20230614093324110,6.52,6.51,6.521872582006408
20230614093324200,6.52,6.51,6.521872582006408
20230614093324320,6.52,6.51,6.521872582006408
20230614093324390,6.52,6.51,6.521872582006408
20230614093324420,6.52,6.51,6.521872582006408
20230614093324500,6.52,6.51,6.521872582006408
20230614093324510,6.52,6.51,6.521872582006408
20230614093324540,6.52,6.51,6.521872582006408
20230614093324570,6.52,6.51,6.521872582006408
20230614093324630,6.52,6.51,6.521872582006408
20230614093324730,6.52,6.51,6.521872582006408
20230614093324890,6.52,6.51,6.521872582006408
20230614093324910,6.52,6.51,6.521872582006408
20230614093325090,6.52,6.51,6.521872582006408
20230614093325110,6.52,6.51,6.521872582006408
20230614093325160,6.53,6.51,6.521865891513793
20230614093325170,6.53,6.51,6.521865891513793
20230614093326760,6.53,6.51,6.521865891513793
20230614093326970,6.53,6.52,6.521865891513793
20230614093326990,6.53,6.52,6.521865891513793
20230614093327050,6.53,6.52,6.521865891513793
20230614093327110,6.53,6.52,6.521865891513793
20230614093327130,6.53,6.52,6.521861424673479
20230614093327140,6.52,6.51,6.521860929677707
20230614093327150,6.52,6.51,6.521860929677707
20230614093327160,6.52,6.51,6.521860929677707
20230614093327170,6.52,6.51,6.521860929677707
20230614093327180,6.52,6.51,6.521860929677707
20230614093327190,6.52,6.51,6.521860929677707
20230614093327200,6.52,6.51,6.521860929677707
20230614093327210,6.52,6.51,6.521860929677707
20230614093327240,6.52,6.51,6.521860929677707
20230614093327260,6.52,6.51,6.521860929677707
20230614093327340,6.52,6.51,6.521860929677707
20230614093327350,6.52,6.51,6.521860929677707
20230614093327400,6.52,6.51,6.521860929677707
20230614093327580,6.52,6.51,6.521860929677707
20230614093327660,6.52,6.51,6.521860929677707
20230614093327840,6.52,6.51,6.521860929677707
20230614093327860,6.52,6.51,6.521860929677707
20230614093329380,6.52,6.51,6.521860929677707
20230614093329390,6.52,6.51,6.521860929677707
20230614093329400,6.52,6.51,6.521860929677707
20230614093329410,6.52,6.51,6.521860929677707
20230614093329420,6.52,6.51,6.521860929677707
20230614093329430,6.52,6.51,6.521860929677707
20230614093329440,6.52,6.51,6.521860929677707
20230614093329460,6.52,6.51,6.521860929677707
20230614093329620,6.52,6.51,6.521855228513541
20230614093329780,6.52,6.51,6.521855228513541
20230614093329810,6.52,6.51,6.521855228513541
20230614093329830,6.52,6.51,6.521855228513541
20230614093329860,6.52,6.51,6.521855228513541
20230614093329880,6.52,6.51,6.521855228513541
20230614093329920,6.52,6.51,6.521855228513541
20230614093330160,6.52,6.51,6.521855228513541
20230614093330270,6.52,6.51,6.521855228513541
20230614093330350,6.52,6.51,6.521855228513541
20230614093330430,6.52,6.51,6.521855228513541
20230614093330550,6.52,6.51,6.521855228513541
20230614093332090,6.52,6.51,6.521855228513541
20230614093332140,6.52,6.51,6.521855228513541
20230614093332230,6.52,6.51,6.521855228513541
20230614093332360,6.52,6.51,6.521855228513541
20230614093332390,6.52,6.52,6.521855228513541
20230614093332450,6.52,6.52,6.521855228513541
20230614093332560,6.53,6.51,6.521782816452535
20230614093332630,6.53,6.52,6.521782816452535
20230614093332700,6.53,6.52,6.521782816452535
20230614093332890,6.53,6.52,6.521782816452535
20230614093332950,6.53,6.52,6.521782816452535
20230614093333190,6.53,6.52,6.521782816452535
20230614093333230,6.53,6.52,6.521782723220846
20230614093334780,6.53,6.52,6.521782723220846
20230614093334930,6.53,6.52,6.521782723220846
20230614093334970,6.52,6.51,6.521782723220846
20230614093335030,6.53,6.52,6.521781791439979
20230614093335040,6.53,6.52,6.521781605200677
20230614093335090,6.53,6.52,6.521781605200677
20230614093335250,6.53,6.52,6.521781605200677
20230614093335430,6.53,6.52,6.521781605200677
20230614093335460,6.53,6.52,6.521781605200677
20230614093335750,6.53,6.52,6.52178113977271
20230614093335930,6.53,6.52,6.521780395593559
20230614093336010,6.53,6.52,6.521780395593559
20230614093337580,6.53,6.52,6.521780395593559
20230614093337670,6.53,6.52,6.521780395593559
20230614093337880,6.53,6.52,6.521780395593559
20230614093338000,6.53,6.52,6.521780395593559
20230614093338060,6.53,6.52,6.521780395593559
20230614093338090,6.53,6.52,6.521780395593559
20230614093338270,6.53,6.52,6.521780395593559
20230614093338290,6.53,6.52,6.521780395593559
20230614093338320,6.53,6.52,6.521780395593559
20230614093338330,6.53,6.52,6.521771195330172
20230614093338340,6.53,6.52,6.521771195330172
20230614093338360,6.53,6.52,6.521771195330172
20230614093338510,6.53,6.52,6.521771195330172
20230614093338580,6.53,6.52,6.521771195330172
20230614093340220,6.53,6.52,6.521771195330172
20230614093340240,6.53,6.51,6.521771195330172
20230614093340330,6.53,6.51,6.521771195330172
20230614093340480,6.52,6.51,6.521771195330172
20230614093340560,6.52,6.51,6.521771195330172
20230614093340700,6.52,6.51,6.521771195330172
20230614093340740,6.52,6.51,6.521771195330172
20230614093340750,6.52,6.51,6.521771195330172
20230614093340830,6.52,6.51,6.521771195330172
20230614093341050,6.52,6.51,6.521711249956715
20230614093341060,6.52,6.51,6.521711249956715
20230614093341110,6.52,6.51,6.521711249956715
20230614093341200,6.52,6.51,6.521711249956715
20230614093341220,6.52,6.51,6.521711249956715
20230614093341230,6.52,6.51,6.521711249956715
20230614093341260,6.52,6.51,6.521711249956715
20230614093341340,6.52,6.51,6.521711249956715
20230614093341370,6.53,6.51,6.521711249956715
20230614093341400,6.53,6.51,6.521711249956715
20230614093342940,6.52,6.51,6.521711249956715
20230614093342980,6.52,6.51,6.521711249956715
20230614093343020,6.52,6.51,6.521711249956715
20230614093343090,6.52,6.51,6.521711249956715
20230614093343110,6.53,6.51,6.521711249956715
20230614093343170,6.53,6.51,6.521711249956715
20230614093343200,6.53,6.51,6.521711249956715
20230614093343270,6.53,6.51,6.521711249956715
20230614093343350,6.53,6.51,6.521711249956715
20230614093343460,6.53,6.51,6.521626960655422
20230614093343490,6.53,6.51,6.521626960655422
20230614093343550,6.52,6.51,6.521626960655422
20230614093343610,6.52,6.51,6.521626960655422
20230614093343620,6.53,6.52,6.521617500352675
20230614093343830,6.53,6.52,6.521617500352675
20230614093343840,6.53,6.52,6.521617500352675
20230614093344010,6.53,6.52,6.5216172550343945
20230614093344100,6.52,6.51,6.521616682914355
20230614093345750,6.52,6.51,6.521616682914355
20230614093345990,6.52,6.51,6.521616682914355
20230614093346020,6.52,6.51,6.521616682914355
20230614093346090,6.53,6.51,6.521616437843948
20230614093346100,6.53,6.51,6.521616437843948
20230614093346110,6.53,6.51,6.521616437843948
20230614093346120,6.53,6.51,6.521616437843948
20230614093346130,6.53,6.51,6.521616437843948
20230614093346140,6.53,6.51,6.521616437843948
20230614093346170,6.53,6.51,6.521616437843948
20230614093346180,6.53,6.51,6.521616437843948
20230614093346210,6.52,6.51,6.521616437843948
20230614093346290,6.52,6.51,6.521616437843948
20230614093346490,6.53,6.51,6.521616437843948
20230614093346500,6.53,6.51,6.521616437843948
20230614093346510,6.53,6.51,6.521616437843948
20230614093346530,6.53,6.51,6.521616437843948
20230614093346540,6.53,6.51,6.521616437843948
20230614093346550,6.53,6.51,6.521616437843948
20230614093346580,6.53,6.51,6.521616437843948
20230614093348390,6.53,6.51,6.521616437843948
20230614093348460,6.53,6.51,6.521616437843948
20230614093348700,6.53,6.51,6.521616437843948
20230614093349090,6.53,6.51,6.521616437843948
20230614093349100,6.53,6.51,6.521616437843948
20230614093349110,6.53,6.51,6.521616437843948
20230614093349120,6.53,6.51,6.521616437843948
20230614093349190,6.53,6.51,6.521609443949441
20230614093349230,6.53,6.51,6.521609443949441
20230614093350960,6.53,6.51,6.521609443949441
20230614093351280,6.53,6.51,6.521609443949441
20230614093351330,6.53,6.51,6.521609443949441
20230614093351410,6.53,6.51,6.521609443949441
20230614093351470,6.53,6.52,6.521609443949441
20230614093351490,6.53,6.52,6.521609443949441
20230614093351760,6.53,6.52,6.521609443949441
20230614093352100,6.53,6.52,6.521609443949441
20230614093352110,6.53,6.52,6.521609443949441
20230614093352150,6.53,6.52,6.521609443949441
20230614093353660,6.53,6.52,6.521609443949441
20230614093353680,6.53,6.52,6.521609443949441
20230614093353850,6.53,6.52,6.521609443949441
20230614093353910,6.53,6.52,6.521609443949441
20230614093354040,6.53,6.52,6.521609443949441
20230614093354100,6.53,6.52,6.521609443949441
20230614093354330,6.53,6.52,6.521609443949441
20230614093354550,6.53,6.52,6.521609443949441
20230614093356490,6.53,6.51,6.521609443949441
20230614093356600,6.53,6.51,6.521609443949441
20230614093356680,6.53,6.51,6.521609443949441
20230614093356700,6.53,6.51,6.521609443949441
20230614093356810,6.53,6.51,6.521609443949441
20230614093356900,6.53,6.51,6.521609443949441
20230614093357000,6.53,6.51,6.521609443949441
20230614093357310,6.53,6.51,6.521609443949441
20230614093357370,6.53,6.51,6.521609443949441
20230614093357390,6.53,6.52,6.521609443949441
20230614093357430,6.53,6.52,6.521609443949441
20230614093359150,6.53,6.52,6.521609443949441
20230614093359280,6.53,6.52,6.521609443949441
20230614093359290,6.53,6.52,6.521609443949441
20230614093359490,6.53,6.51,6.521609443949441
20230614093359510,6.53,6.51,6.521609443949441
20230614093359680,6.53,6.51,6.521609443949441
20230614093359830,6.53,6.51,6.521609443949441
20230614093400030,6.53,6.51,6.521609443949441
20230614093400200,6.53,6.51,6.521609443949441
20230614093400220,6.53,6.51,6.521609443949441
20230614093401760,6.53,6.51,6.521609443949441
20230614093401830,6.53,6.51,6.521609443949441
20230614093402040,6.53,6.51,6.521609443949441
20230614093402150,6.53,6.52,6.521609443949441
20230614093402220,6.53,6.52,6.521609443949441
20230614093402270,6.53,6.52,6.521609443949441
20230614093402300,6.53,6.52,6.521609443949441
20230614093402740,6.53,6.52,6.521609443949441
20230614093402910,6.53,6.52,6.521609443949441
20230614093402930,6.53,6.52,6.521609443949441
20230614093405080,6.53,6.52,6.521609443949441
20230614093405220,6.53,6.52,6.521609443949441
20230614093405350,6.53,6.52,6.521609443949441
20230614093405440,6.53,6.52,6.521609443949441
20230614093405540,6.53,6.52,6.521609443949441
20230614093405550,6.53,6.52,6.521609443949441
20230614093405600,6.53,6.52,6.521609443949441
20230614093405640,6.53,6.52,6.521609443949441
20230614093405710,6.53,6.52,6.521609443949441
20230614093407170,6.53,6.52,6.52163579198887
20230614093407240,6.53,6.52,6.52163579198887
20230614093407440,6.53,6.52,6.52163579198887
20230614093407560,6.53,6.52,6.52163579198887
20230614093407900,6.53,6.52,6.52163579198887
20230614093407930,6.53,6.52,6.52163579198887
20230614093408180,6.53,6.52,6.52163579198887
20230614093408200,6.53,6.52,6.52163579198887
20230614093410110,6.53,6.52,6.52163579198887
20230614093410180,6.53,6.52,6.52163579198887
20230614093410380,6.53,6.52,6.52163579198887
20230614093410430,6.53,6.52,6.52163579198887
20230614093411110,6.53,6.52,6.52163579198887
20230614093412650,6.53,6.52,6.52163579198887
20230614093412770,6.53,6.52,6.52163579198887
20230614093412980,6.53,6.52,6.52163579198887
20230614093413070,6.53,6.52,6.52163579198887
20230614093413130,6.53,6.52,6.521664807209157
20230614093413160,6.53,6.52,6.521664807209157
20230614093413170,6.53,6.52,6.521664807209157
20230614093413240,6.53,6.52,6.521664807209157
20230614093413260,6.53,6.52,6.521664807209157
20230614093413270,6.53,6.52,6.521664807209157
20230614093413410,6.53,6.52,6.521664807209157
20230614093413670,6.53,6.52,6.521664807209157
20230614093413690,6.53,6.52,6.521664807209157
20230614093413710,6.53,6.52,6.521664807209157
20230614093415260,6.53,6.52,6.521664807209157
20230614093415610,6.53,6.52,6.521664807209157
20230614093415740,6.53,6.52,6.521664807209157
20230614093416020,6.53,6.52,6.521664807209157
20230614093416030,6.53,6.52,6.521664807209157
20230614093416100,6.53,6.52,6.521664807209157
20230614093416440,6.53,6.52,6.521664807209157
20230614093418050,6.53,6.52,6.52166861694443
20230614093418070,6.53,6.52,6.521671097946589
20230614093418080,6.53,6.52,6.521671511303297
20230614093418390,6.53,6.52,6.521671511303297
20230614093418510,6.53,6.52,6.521671511303297
20230614093418520,6.53,6.52,6.521671511303297
20230614093418540,6.53,6.52,6.521671511303297
20230614093418700,6.53,6.52,6.521677607260652
20230614093418800,6.53,6.52,6.521677607260652
20230614093418830,6.53,6.52,6.521677607260652
20230614093419000,6.53,6.52,6.521677607260652
20230614093419020,6.53,6.52,6.521677607260652
20230614093419030,6.53,6.52,6.521677607260652
20230614093419050,6.53,6.52,6.521677607260652
20230614093419060,6.53,6.52,6.521685096221615
20230614093419080,6.53,6.52,6.521681760081064
20230614093419160,6.53,6.52,6.521681760081064
20230614093420840,6.53,6.52,6.521681760081064
20230614093420930,6.53,6.52,6.521681760081064
20230614093421280,6.53,6.52,6.521681760081064
20230614093421390,6.53,6.52,6.521681760081064
20230614093421430,6.53,6.52,6.521682497732253
20230614093421730,6.53,6.52,6.521682497732253
20230614093421760,6.53,6.52,6.521682497732253
20230614093421890,6.53,6.52,6.521682497732253
20230614093421900,6.53,6.52,6.521682497732253
20230614093423450,6.53,6.52,6.521682497732253
20230614093423590,6.53,6.52,6.521682497732253
20230614093423620,6.53,6.52,6.521682497732253
20230614093423650,6.53,6.52,6.521682497732253
20230614093423680,6.53,6.52,6.521682497732253
20230614093423790,6.53,6.52,6.521682497732253
20230614093424040,6.53,6.52,6.521682497732253
20230614093424340,6.53,6.52,6.521682907978177
20230614093424580,6.53,6.52,6.521682907978177
20230614093426410,6.53,6.52,6.521684958600907
20230614093426500,6.53,6.52,6.521684958600907
20230614093426530,6.53,6.52,6.521684958600907
20230614093426600,6.53,6.52,6.521684958600907
20230614093427150,6.53,6.52,6.521684958600907
20230614093428910,6.53,6.52,6.521684958600907
20230614093428950,6.53,6.52,6.521684958600907
20230614093429020,6.53,6.52,6.521675868329815
20230614093429080,6.53,6.52,6.521683613012952
20230614093429140,6.53,6.52,6.521683613012952
20230614093429270,6.52,6.51,6.521662038073583
20230614093429310,6.52,6.51,6.521657229731
20230614093429330,6.52,6.51,6.52165531417497
20230614093429400,6.52,6.51,6.52165531417497
20230614093429410,6.52,6.51,6.52165531417497
20230614093431480,6.52,6.51,6.521654039595888
20230614093431690,6.52,6.51,6.521654039595888
20230614093431750,6.52,6.51,6.521654039595888
20230614093431760,6.52,6.51,6.521654039595888
20230614093431770,6.52,6.51,6.521652210823447
20230614093432040,6.52,6.52,6.52165133762191
20230614093432050,6.52,6.52,6.52165133762191
20230614093432110,6.52,6.52,6.52165133762191
20230614093432360,6.52,6.52,6.52164659090528
20230614093434390,6.52,6.52,6.52164659090528
20230614093434460,6.52,6.52,6.52164659090528
20230614093434470,6.52,6.52,6.52164659090528
20230614093434710,6.52,6.52,6.52164659090528
20230614093434940,6.52,6.52,6.521645802437626
20230614093435000,6.52,6.52,6.521645802437626
20230614093435030,6.52,6.52,6.521645802437626
20230614093435040,6.52,6.52,6.521645802437626
20230614093435070,6.52,6.52,6.521645802437626
20230614093435200,6.52,6.52,6.521645802437626
20230614093436900,6.52,6.52,6.521645802437626
20230614093437060,6.52,6.52,6.521645802437626
20230614093437100,6.52,6.52,6.521645802437626
20230614093437220,6.52,6.52,6.521660976329056
20230614093437850,6.52,6.52,6.521664960301327
20230614093439600,6.52,6.52,6.521664960301327
20230614093439970,6.52,6.52,6.521664960301327
20230614093440060,6.52,6.52,6.521673711654846
20230614093440070,6.52,6.52,6.521673711654846
20230614093440090,6.52,6.52,6.521676492323869
20230614093440100,6.52,6.52,6.521677286459632
20230614093440110,6.52,6.52,6.521677286459632
20230614093440120,6.52,6.52,6.521677683470691
20230614093440140,6.52,6.52,6.521677683470691
20230614093440150,6.52,6.52,6.521677683470691
20230614093440180,6.52,6.52,6.521677683470691
20230614093440200,6.52,6.52,6.521677683470691
20230614093440300,6.52,6.52,6.521677683470691
20230614093440570,6.52,6.52,6.521677683470691
20230614093440700,6.52,6.52,6.521677683470691
20230614093442610,6.52,6.52,6.521677683470691
20230614093443070,6.52,6.52,6.521679667957973
20230614093443080,6.53,6.52,6.5217030136350465
20230614093443090,6.53,6.52,6.5217053804348595
20230614093443100,6.53,6.52,6.5217053804348595
20230614093443180,6.53,6.52,6.5217053804348595
20230614093445040,6.53,6.52,6.5217053804348595
20230614093445310,6.53,6.52,6.5217053804348595
20230614093445320,6.53,6.52,6.5217053804348595
20230614093445350,6.53,6.52,6.521708534068264
20230614093445410,6.53,6.52,6.521708534068264
20230614093445530,6.53,6.52,6.521708534068264
20230614093445620,6.53,6.52,6.521708534068264
20230614093446010,6.53,6.52,6.521708534068264
20230614093446090,6.53,6.52,6.5217289743773295
20230614093446130,6.53,6.52,6.521767612303072
20230614093448100,6.53,6.52,6.521767612303072
20230614093448610,6.53,6.52,6.521767612303072
20230614093448620,6.53,6.52,6.521767612303072
20230614093448630,6.53,6.52,6.521767612303072
20230614093448680,6.53,6.52,6.521767612303072
20230614093450390,6.53,6.52,6.521767612303072
20230614093450690,6.53,6.52,6.521767612303072
20230614093450940,6.53,6.52,6.521767612303072
20230614093450950,6.53,6.52,6.521767612303072
20230614093451070,6.53,6.52,6.521767612303072
20230614093451300,6.53,6.52,6.521767612303072
20230614093451470,6.53,6.52,6.521767612303072
20230614093451490,6.53,6.52,6.521767612303072
20230614093453030,6.53,6.52,6.521767612303072
20230614093453040,6.53,6.52,6.521768777514775
20230614093453140,6.53,6.52,6.521768777514775
20230614093453440,6.53,6.52,6.521768777514775
20230614093453450,6.53,6.52,6.521768777514775
20230614093453650,6.53,6.52,6.521768777514775
20230614093453830,6.53,6.52,6.521768777514775
20230614093453840,6.53,6.52,6.521768777514775
20230614093453850,6.53,6.52,6.521768777514775
20230614093455830,6.53,6.52,6.521768777514775
20230614093455940,6.53,6.52,6.521768777514775
20230614093455960,6.53,6.52,6.521768777514775
20230614093456040,6.53,6.52,6.521768777514775
20230614093456050,6.53,6.52,6.521768777514775
20230614093456070,6.53,6.52,6.521781185946673
20230614093456140,6.53,6.52,6.52179278492273
20230614093456820,6.53,6.52,6.52179278492273
20230614093458460,6.53,6.52,6.52179278492273
20230614093458490,6.53,6.52,6.52179278492273
20230614093458520,6.53,6.52,6.52179278492273
20230614093458680,6.53,6.52,6.52179278492273
20230614093458760,6.53,6.52,6.52179278492273
20230614093458820,6.53,6.52,6.52179278492273
20230614093458850,6.53,6.52,6.52179278492273
20230614093458880,6.53,6.52,6.52179278492273
20230614093458930,6.53,6.52,6.52179278492273
20230614093458940,6.53,6.52,6.52179278492273
20230614093459040,6.53,6.52,6.52179278492273
20230614093459310,6.53,6.52,6.52179278492273
20230614093459490,6.53,6.52,6.52179278492273
20230614093459540,6.53,6.52,6.52179278492273
20230614093501300,6.53,6.52,6.52179278492273
20230614093501990,6.53,6.52,6.52179278492273
20230614093502090,6.53,6.52,6.52179278492273
20230614093504000,6.53,6.52,6.52179278492273
20230614093504090,6.53,6.52,6.52179278492273
20230614093504120,6.53,6.52,6.52179278492273
20230614093504490,6.53,6.52,6.52179278492273
20230614093504800,6.53,6.52,6.52179278492273
20230614093505090,6.53,6.52,6.52179278492273
20230614093506670,6.53,6.52,6.52179278492273
20230614093506710,6.53,6.52,6.52179278492273
20230614093507110,6.53,6.52,6.52179278492273
20230614093507200,6.53,6.52,6.52179278492273
20230614093507260,6.53,6.52,6.521793921402411
20230614093507300,6.53,6.52,6.521793921402411
20230614093507310,6.53,6.52,6.521793921402411
20230614093507320,6.53,6.52,6.521793921402411
20230614093507760,6.53,6.52,6.521793921402411
20230614093507790,6.53,6.52,6.521793921402411
20230614093509960,6.53,6.52,6.521793921402411
20230614093510120,6.53,6.52,6.521793921402411
20230614093510140,6.53,6.52,6.521793921402411
20230614093510150,6.53,6.52,6.521793921402411
20230614093510410,6.53,6.52,6.521793921402411
20230614093510450,6.53,6.52,6.521793921402411
20230614093510470,6.53,6.52,6.521793921402411
20230614093511960,6.53,6.52,6.521793921402411
20230614093512000,6.53,6.52,6.521793921402411
20230614093512360,6.53,6.52,6.521793921402411
20230614093512760,6.53,6.52,6.521793921402411
20230614093512830,6.53,6.52,6.521793921402411
20230614093512930,6.53,6.52,6.521793921402411
20230614093512960,6.53,6.52,6.521793921402411
20230614093512970,6.53,6.52,6.521793921402411
20230614093512980,6.53,6.52,6.521793921402411
20230614093512990,6.53,6.52,6.521793921402411
20230614093513040,6.53,6.52,6.521793921402411
20230614093513110,6.53,6.52,6.521793921402411
20230614093513120,6.53,6.52,6.521793921402411
20230614093513130,6.53,6.52,6.521793921402411
20230614093513160,6.53,6.52,6.521793921402411
20230614093513200,6.53,6.52,6.521793921402411
20230614093514790,6.53,6.52,6.521793921402411
20230614093515060,6.53,6.52,6.521793921402411
20230614093515270,6.53,6.52,6.521793921402411
20230614093515360,6.53,6.52,6.521793921402411
20230614093515430,6.53,6.52,6.521793921402411
20230614093515450,6.53,6.52,6.521793921402411
20230614093515530,6.53,6.52,6.521793921402411
20230614093515620,6.53,6.52,6.521793921402411
20230614093517370,6.53,6.53,6.521793921402411
20230614093517560,6.53,6.53,6.521793921402411
20230614093517630,6.53,6.53,6.521793921402411
20230614093517880,6.53,6.53,6.521793921402411
20230614093518000,6.53,6.53,6.521793921402411
20230614093518100,6.53,6.52,6.521793921402411
20230614093518240,6.53,6.52,6.521793921402411
20230614093518260,6.53,6.53,6.521793921402411
20230614093518440,6.53,6.53,6.521793921402411
20230614093518460,6.53,6.53,6.521793921402411
20230614093520120,6.53,6.53,6.521793921402411
20230614093520140,6.53,6.53,6.521793921402411
20230614093520230,6.53,6.53,6.521793921402411
20230614093520240,6.53,6.53,6.521793921402411
20230614093520250,6.53,6.53,6.521793921402411
20230614093520280,6.53,6.53,6.521793921402411
20230614093520700,6.53,6.53,6.521793921402411
20230614093520750,6.53,6.53,6.521793921402411
20230614093521050,6.53,6.53,6.521793921402411
20230614093521180,6.53,6.53,6.521793921402411
20230614093521190,6.53,6.53,6.521793921402411
20230614093521230,6.53,6.53,6.521793921402411
20230614093522740,6.53,6.53,6.521793921402411
20230614093522800,6.53,6.53,6.521793921402411
20230614093522980,6.53,6.53,6.521793921402411
20230614093523420,6.53,6.53,6.521793921402411
20230614093523520,6.53,6.53,6.521793921402411
20230614093523910,6.53,6.53,6.521793921402411
20230614093523950,6.53,6.53,6.521793921402411
20230614093525470,6.53,6.53,6.521793921402411
20230614093525510,6.53,6.53,6.521793921402411
20230614093525660,6.53,6.53,6.521793921402411
20230614093525860,6.53,6.53,6.521793921402411
20230614093526040,6.53,6.53,6.521793921402411
20230614093526130,6.53,6.53,6.521793921402411
20230614093526170,6.53,6.53,6.521793921402411
20230614093526270,6.53,6.53,6.521793921402411
20230614093526430,6.53,6.53,6.521793921402411
20230614093526570,6.53,6.53,6.521793921402411
20230614093526600,6.53,6.53,6.521793921402411
20230614093526610,6.53,6.53,6.521793921402411
20230614093528380,6.53,6.53,6.521793921402411
20230614093528480,6.53,6.53,6.521793921402411
20230614093528490,6.53,6.53,6.521793921402411
20230614093528730,6.53,6.53,6.521793921402411
20230614093528890,6.53,6.53,6.521793921402411
20230614093528930,6.53,6.53,6.521793921402411
20230614093528940,6.53,6.53,6.521793921402411
20230614093529070,6.53,6.53,6.521793921402411
20230614093529160,6.53,6.53,6.521793921402411
20230614093529180,6.53,6.53,6.521793921402411
20230614093529230,6.53,6.53,6.521793921402411
20230614093529390,6.53,6.53,6.521793921402411
20230614093530870,6.53,6.53,6.521793921402411
20230614093531020,6.53,6.53,6.521793921402411
20230614093531050,6.53,6.53,6.521793921402411
20230614093531080,6.53,6.53,6.521793921402411
20230614093531090,6.53,6.53,6.521793921402411
20230614093531110,6.53,6.53,6.521793921402411
20230614093531130,6.53,6.53,6.521793921402411
20230614093531170,6.53,6.53,6.521793921402411
20230614093531330,6.53,6.53,6.521793921402411
20230614093531400,6.53,6.53,6.521793921402411
20230614093531410,6.53,6.53,6.521793921402411
20230614093531500,6.53,6.53,6.521793921402411
20230614093531670,6.53,6.53,6.521793921402411
20230614093531980,6.53,6.53,6.521793921402411
20230614093533730,6.53,6.53,6.521793921402411
20230614093533840,6.53,6.53,6.521793921402411
20230614093533990,6.53,6.53,6.521793921402411
20230614093534000,6.53,6.53,6.521793921402411
20230614093534030,6.53,6.53,6.521793921402411
20230614093534100,6.53,6.53,6.521793921402411
20230614093534110,6.53,6.53,6.521793921402411
20230614093534130,6.53,6.53,6.521793921402411
20230614093534250,6.53,6.53,6.521793921402411
20230614093534320,6.53,6.53,6.521793921402411
20230614093534480,6.53,6.53,6.521793921402411
20230614093534500,6.53,6.53,6.521793921402411
20230614093534580,6.53,6.53,6.521793921402411
20230614093536260,6.53,6.53,6.521793921402411
20230614093536290,6.53,6.53,6.521793921402411
20230614093536390,6.53,6.53,6.521793921402411
20230614093536420,6.53,6.53,6.521793921402411
20230614093536460,6.53,6.53,6.521793921402411
20230614093536630,6.53,6.53,6.521793921402411
20230614093536650,6.53,6.53,6.521793921402411
20230614093536690,6.53,6.53,6.521793921402411
20230614093536780,6.53,6.53,6.521793921402411
20230614093536910,6.53,6.53,6.521793921402411
20230614093537000,6.53,6.53,6.521793921402411
20230614093537270,6.53,6.53,6.521793921402411
20230614093537440,6.53,6.53,6.521793921402411
20230614093537490,6.53,6.53,6.521793921402411
20230614093539070,6.53,6.53,6.521793921402411
20230614093539120,6.53,6.53,6.521793921402411
20230614093539460,6.53,6.53,6.521793921402411
20230614093539510,6.53,6.53,6.521793921402411
20230614093539730,6.53,6.53,6.521793921402411
20230614093539750,6.53,6.53,6.521793921402411
20230614093539780,6.53,6.53,6.521793921402411
20230614093539810,6.53,6.53,6.521793921402411
20230614093539940,6.53,6.53,6.521793921402411
20230614093540020,6.53,6.53,6.521793921402411
20230614093540110,6.53,6.53,6.521793921402411
20230614093540130,6.53,6.53,6.521793921402411
20230614093540140,6.53,6.53,6.521793921402411
20230614093540150,6.53,6.53,6.521793921402411
20230614093540190,6.53,6.53,6.521793921402411
20230614093541810,6.53,6.53,6.521793921402411
20230614093541820,6.53,6.53,6.521793921402411
20230614093542240,6.53,6.53,6.521793921402411
20230614093542360,6.53,6.53,6.521793921402411
20230614093542400,6.53,6.53,6.521793921402411
20230614093542410,6.53,6.53,6.521793921402411
20230614093542440,6.53,6.53,6.521793921402411
20230614093542520,6.53,6.53,6.521793921402411
20230614093544380,6.54,6.53,6.521793921402411
20230614093544640,6.54,6.53,6.521793921402411
20230614093544740,6.54,6.53,6.521793921402411
20230614093544860,6.54,6.53,6.522443458794767
20230614093544890,6.54,6.53,6.522443458794767
20230614093544950,6.54,6.53,6.522443458794767
20230614093544970,6.54,6.53,6.522443458794767
20230614093545110,6.54,6.53,6.522443458794767
20230614093545130,6.54,6.53,6.5225796322720155
20230614093545160,6.55,6.53,6.522653092115163
20230614093545210,6.55,6.53,6.522653092115163
20230614093545350,6.55,6.53,6.522653092115163
20230614093545470,6.54,6.53,6.522653092115163
20230614093547050,6.54,6.53,6.52265673328324
20230614093547060,6.54,6.54,6.52265673328324
20230614093547090,6.54,6.54,6.52265673328324
20230614093547100,6.54,6.54,6.52265673328324
20230614093547210,6.54,6.54,6.52265673328324
20230614093547230,6.54,6.54,6.52265673328324
20230614093547270,6.54,6.54,6.52265673328324
20230614093547440,6.54,6.54,6.522783566136533
20230614093547600,6.54,6.53,6.522783566136533
20230614093547620,6.54,6.54,6.522783566136533
20230614093547830,6.54,6.54,6.522783566136533
20230614093547970,6.54,6.54,6.522783566136533
20230614093548030,6.54,6.54,6.522783566136533
20230614093548130,6.54,6.54,6.522862117993719
20230614093548140,6.54,6.54,6.522862117993719
20230614093548150,6.54,6.54,6.522862117993719
20230614093548230,6.54,6.54,6.522865700169355
20230614093548240,6.54,6.54,6.522865700169355
20230614093549830,6.54,6.54,6.522865700169355
20230614093549880,6.54,6.54,6.522884662310728
20230614093549900,6.54,6.54,6.522884662310728
20230614093549910,6.54,6.54,6.522884662310728
20230614093549990,6.54,6.55,6.522884662310728
20230614093550010,6.54,6.55,6.522884662310728
20230614093550020,6.54,6.55,6.522884662310728
20230614093550030,6.54,6.55,6.522884662310728
20230614093550040,6.54,6.55,6.522884662310728
20230614093550050,6.54,6.55,6.522884662310728
20230614093550070,6.54,6.55,6.522884662310728
20230614093550080,6.54,6.55,6.522884662310728
20230614093550090,6.54,6.55,6.522884662310728
20230614093550120,6.54,6.55,6.522884662310728
20230614093550160,6.54,6.55,6.522884662310728
20230614093550170,6.55,6.55,6.523147151258402
20230614093550180,6.55,6.55,6.524743263600913
20230614093550190,6.55,6.55,6.524743263600913
20230614093550200,6.55,6.55,6.526013665114904
20230614093550210,6.57,6.55,6.527045868608545
20230614093550220,6.57,6.56,6.529656473742136
20230614093550230,6.57,6.56,6.529656473742136
20230614093550280,6.57,6.56,6.529740430987251
20230614093550290,6.57,6.56,6.529740430987251
20230614093550300,6.57,6.56,6.529740430987251
20230614093550310,6.57,6.56,6.529740430987251
20230614093550320,6.57,6.56,6.529740430987251
20230614093550330,6.57,6.56,6.529740430987251
20230614093550340,6.57,6.56,6.529740430987251
20230614093550350,6.57,6.56,6.529740430987251
20230614093550370,6.57,6.56,6.529740430987251
20230614093550380,6.57,6.56,6.529740430987251
20230614093550410,6.57,6.56,6.529740430987251
20230614093550440,6.57,6.56,6.529740430987251
20230614093550540,6.57,6.56,6.529924130598372
20230614093550560,6.57,6.56,6.529924130598372
20230614093550670,6.57,6.56,6.52992520472007
20230614093550740,6.57,6.56,6.52992520472007
20230614093552490,6.57,6.57,6.52992520472007
20230614093552510,6.57,6.57,6.52992520472007
20230614093552530,6.57,6.57,6.52992520472007
20230614093552550,6.57,6.57,6.529996638197703
20230614093552830,6.57,6.56,6.5300621324488555
20230614093552860,6.57,6.56,6.5300621324488555
20230614093552880,6.57,6.56,6.5300621324488555
20230614093552900,6.57,6.56,6.5300621324488555
20230614093552940,6.57,6.56,6.5300621324488555
20230614093552960,6.57,6.56,6.5300621324488555
20230614093552980,6.57,6.56,6.5300621324488555
20230614093552990,6.57,6.56,6.5300621324488555
20230614093553000,6.57,6.57,6.5300621324488555
20230614093553020,6.57,6.57,6.5300621324488555
20230614093553030,6.57,6.57,6.5300621324488555
20230614093553040,6.57,6.57,6.530074570968739
20230614093553050,6.57,6.57,6.530081675912739
20230614093553420,6.57,6.57,6.530081675912739
20230614093553430,6.57,6.57,6.530081675912739
20230614093553460,6.57,6.57,6.530081675912739
20230614093553650,6.57,6.57,6.530081675912739
20230614093555130,6.57,6.57,6.530134898603035
20230614093555140,6.57,6.57,6.530134898603035
20230614093555160,6.57,6.57,6.530134898603035
20230614093555180,6.57,6.57,6.530139148548902
20230614093555190,6.57,6.57,6.530139148548902
20230614093555230,6.57,6.57,6.530139148548902
20230614093555280,6.57,6.57,6.530149061566189
20230614093555350,6.57,6.57,6.530231420685477
20230614093555380,6.57,6.57,6.530308603048675
20230614093555480,6.57,6.57,6.530308603048675
20230614093555490,6.57,6.57,6.530308603048675
20230614093555520,6.57,6.57,6.530308603048675
20230614093555600,6.57,6.57,6.530308603048675
20230614093555670,6.57,6.57,6.530308603048675
20230614093555870,6.57,6.57,6.530308603048675
20230614093555900,6.57,6.57,6.530308603048675
20230614093556020,6.57,6.57,6.530308603048675
20230614093556040,6.57,6.57,6.530308603048675
20230614093556090,6.57,6.57,6.530308603048675
20230614093556140,6.57,6.57,6.530308603048675
20230614093556260,6.57,6.57,6.530611136273496
20230614093557860,6.57,6.57,6.530611136273496
20230614093557870,6.57,6.57,6.530611136273496
20230614093557880,6.57,6.57,6.530611136273496
20230614093557890,6.57,6.57,6.530611136273496
20230614093557900,6.57,6.57,6.530611136273496
20230614093558090,6.57,6.57,6.530611136273496
20230614093558100,6.57,6.57,6.530611136273496
20230614093558120,6.57,6.57,6.530611136273496
20230614093558130,6.57,6.57,6.530611136273496
20230614093558140,6.57,6.57,6.5314097047928446
20230614093558150,6.57,6.57,6.5314097047928446
20230614093558160,6.57,6.57,6.5314097047928446
20230614093558170,6.57,6.57,6.5314097047928446
20230614093558200,6.57,6.57,6.5314097047928446
20230614093558220,6.57,6.57,6.5314097047928446
20230614093558310,6.57,6.57,6.5314097047928446
20230614093558450,6.57,6.57,6.5314097047928446
20230614093558480,6.57,6.57,6.531677397518045
20230614093558530,6.57,6.57,6.531690588360423
20230614093558550,6.57,6.57,6.531690588360423
20230614093559010,6.57,6.57,6.531690588360423
20230614093559050,6.57,6.57,6.531690588360423
20230614093600620,6.57,6.57,6.531690588360423
20230614093600730,6.57,6.57,6.531690588360423
20230614093600760,6.57,6.57,6.531695576351821
20230614093600850,6.57,6.57,6.531695576351821
20230614093600870,6.57,6.57,6.531695576351821
20230614093600920,6.57,6.57,6.531695576351821
20230614093600950,6.57,6.57,6.531708872627903
20230614093601080,6.57,6.57,6.531712195553274
20230614093601090,6.57,6.57,6.531725482682986
20230614093601100,6.57,6.57,6.531726799115236
20230614093601140,6.57,6.57,6.531726799115236
20230614093601400,6.57,6.57,6.531726799115236
20230614093601460,6.57,6.57,6.531736759050674
20230614093601470,6.57,6.57,6.531736759050674
20230614093601480,6.57,6.57,6.531781527946644
20230614093601490,6.57,6.57,6.531781527946644
20230614093601620,6.57,6.57,6.531781527946644
20230614093601780,6.57,6.57,6.531781527946644
20230614093603260,6.57,6.57,6.531781527946644
20230614093603290,6.57,6.57,6.531781527946644
20230614093603310,6.58,6.57,6.531948262881641
20230614093603360,6.58,6.57,6.532108946739674
20230614093603410,6.58,6.57,6.532108946739674
20230614093603420,6.58,6.57,6.532108946739674
20230614093603460,6.58,6.57,6.532661378696949
20230614093603500,6.58,6.57,6.532661378696949
20230614093603530,6.58,6.57,6.532661378696949
20230614093603580,6.58,6.57,6.532661378696949
20230614093603590,6.58,6.57,6.532991171416007
20230614093603730,6.58,6.57,6.532991171416007
20230614093603780,6.58,6.57,6.532991171416007
20230614093603790,6.58,6.57,6.5331261891569925
20230614093604020,6.58,6.57,6.5331261891569925
20230614093604040,6.58,6.57,6.5331261891569925
20230614093604050,6.58,6.57,6.5331261891569925
20230614093604070,6.58,6.57,6.5331261891569925
20230614093604080,6.58,6.57,6.5331261891569925
20230614093604090,6.58,6.57,6.5331261891569925
20230614093604100,6.58,6.57,6.5331261891569925
20230614093604130,6.58,6.57,6.5331261891569925
20230614093604180,6.59,6.57,6.533492749622827
20230614093604330,6.59,6.57,6.533495831570326
20230614093604340,6.59,6.57,6.533497372390904
20230614093604360,6.59,6.57,6.5335204724532
20230614093604470,6.59,6.57,6.533535859749066
20230614093605930,6.59,6.57,6.533535859749066
20230614093606010,6.58,6.57,6.533535859749066
20230614093606130,6.58,6.57,6.533549699607121
20230614093606140,6.58,6.57,6.533549699607121
20230614093606230,6.58,6.57,6.533549699607121
20230614093606290,6.58,6.57,6.533549699607121
20230614093606430,6.58,6.57,6.533549699607121
20230614093606480,6.58,6.57,6.533549699607121
20230614093606730,6.58,6.57,6.533549699607121
20230614093606790,6.58,6.57,6.533549699607121
20230614093606970,6.58,6.57,6.533549699607121
20230614093607040,6.58,6.57,6.533549699607121
20230614093607050,6.58,6.57,6.533549699607121
20230614093607060,6.58,6.57,6.533549699607121
20230614093607070,6.58,6.57,6.533549699607121
20230614093607080,6.58,6.57,6.533549699607121
20230614093607090,6.58,6.57,6.533571211895163
20230614093607100,6.58,6.57,6.533603442992381
20230614093607110,6.58,6.57,6.533611110468435
20230614093607120,6.58,6.57,6.533657062158272
20230614093607140,6.59,6.57,6.533657062158272
20230614093607150,6.59,6.57,6.533657062158272
20230614093607180,6.59,6.57,6.533657062158272
20230614093608670,6.59,6.57,6.533773066683618
20230614093608980,6.59,6.57,6.534090606818196
20230614093609080,6.59,6.57,6.534090606818196
20230614093609090,6.58,6.57,6.534090606818196
20230614093609130,6.58,6.57,6.534090606818196
20230614093609170,6.58,6.57,6.534103464208973
20230614093609200,6.58,6.57,6.5341049650065415
20230614093609330,6.58,6.57,6.5341049650065415
20230614093609340,6.59,6.57,6.5341049650065415
20230614093609390,6.59,6.57,6.5341049650065415
20230614093609830,6.59,6.57,6.5341049650065415
20230614093609860,6.58,6.57,6.5341049650065415
20230614093611380,6.58,6.57,6.5341049650065415
20230614093611440,6.58,6.57,6.5341049650065415
20230614093611490,6.58,6.58,6.5341049650065415
20230614093611700,6.58,6.58,6.5341049650065415
20230614093612030,6.58,6.58,6.5341049650065415
20230614093612180,6.58,6.58,6.5341049650065415
20230614093612210,6.58,6.58,6.5341049650065415
20230614093612230,6.58,6.58,6.5341049650065415
20230614093612240,6.58,6.58,6.5341049650065415
20230614093612390,6.58,6.58,6.5341049650065415
20230614093612560,6.58,6.58,6.5341049650065415
20230614093614110,6.58,6.58,6.5341049650065415
20230614093614270,6.58,6.58,6.5341049650065415
20230614093614410,6.58,6.58,6.5341049650065415
20230614093614450,6.58,6.58,6.534139073269672
20230614093614620,6.58,6.58,6.534139073269672
20230614093614780,6.58,6.58,6.534139073269672
20230614093614940,6.58,6.58,6.534139073269672
20230614093615010,6.58,6.58,6.534139073269672
20230614093615050,6.58,6.58,6.534139073269672
20230614093615080,6.58,6.58,6.534139073269672
20230614093616790,6.58,6.58,6.534139073269672
20230614093616810,6.58,6.58,6.534139073269672
20230614093616820,6.58,6.58,6.534139073269672
20230614093616850,6.58,6.58,6.534139073269672
20230614093616890,6.58,6.58,6.534139073269672
20230614093616960,6.58,6.58,6.534139073269672
20230614093616970,6.58,6.58,6.534139073269672
20230614093616980,6.58,6.58,6.534139073269672
20230614093616990,6.58,6.58,6.534139073269672
20230614093617020,6.58,6.58,6.534139073269672
20230614093617030,6.58,6.58,6.534139073269672
20230614093617040,6.58,6.58,6.534139073269672
20230614093617070,6.58,6.58,6.534139073269672
20230614093617080,6.58,6.58,6.534139073269672
20230614093617100,6.58,6.58,6.534139073269672
20230614093617120,6.58,6.58,6.534139073269672
20230614093617170,6.58,6.58,6.534139073269672
20230614093617200,6.58,6.58,6.534140898585551
20230614093617360,6.58,6.58,6.534140898585551
20230614093617460,6.58,6.58,6.534140898585551
20230614093617470,6.58,6.58,6.534140898585551
20230614093617610,6.58,6.58,6.534140898585551
20230614093619460,6.58,6.58,6.534140898585551
20230614093619490,6.58,6.58,6.534140898585551
20230614093619500,6.58,6.58,6.534140898585551
20230614093619530,6.58,6.58,6.534140898585551
20230614093619620,6.58,6.58,6.534140898585551
20230614093619900,6.58,6.58,6.534140898585551
20230614093620000,6.58,6.58,6.534140898585551
20230614093620110,6.58,6.58,6.534140898585551
20230614093620120,6.58,6.58,6.534140898585551
20230614093620150,6.58,6.58,6.534140898585551
20230614093620170,6.58,6.58,6.534140898585551
20230614093620220,6.58,6.58,6.534140898585551
20230614093620260,6.59,6.58,6.534237569401342
20230614093620360,6.59,6.58,6.534237569401342
20230614093622140,6.59,6.58,6.534237569401342
20230614093622150,6.59,6.58,6.534237569401342
20230614093622170,6.59,6.58,6.534516250990201
20230614093622190,6.59,6.58,6.534516250990201
20230614093622210,6.59,6.58,6.534516250990201
20230614093622250,6.59,6.58,6.534516250990201
20230614093622470,6.59,6.58,6.534516250990201
20230614093622550,6.59,6.58,6.534516250990201
20230614093622600,6.59,6.58,6.534516250990201
20230614093622680,6.59,6.58,6.534516250990201
20230614093622780,6.59,6.58,6.5354021644334575
20230614093622810,6.59,6.58,6.535437012896038
20230614093622830,6.59,6.58,6.535437012896038
20230614093622920,6.59,6.58,6.535437012896038
20230614093622970,6.59,6.58,6.535437012896038
20230614093622990,6.59,6.58,6.535859618776125
20230614093623020,6.59,6.58,6.535945055662986
20230614093623130,6.59,6.58,6.53595187896655
20230614093623140,6.59,6.58,6.53595187896655
20230614093623150,6.59,6.58,6.53595187896655
20230614093623190,6.59,6.58,6.53595187896655
20230614093623210,6.59,6.58,6.53595187896655
20230614093623240,6.59,6.58,6.53595187896655
20230614093624820,6.59,6.58,6.53595187896655
20230614093624850,6.59,6.58,6.536087984203185
20230614093624930,6.59,6.58,6.536087984203185
20230614093624970,6.59,6.58,6.536090748535666
20230614093625070,6.59,6.58,6.536101050336669
20230614093625080,6.59,6.58,6.536101050336669
20230614093625120,6.59,6.58,6.536101050336669
20230614093625150,6.59,6.58,6.536124785830647
20230614093625170,6.59,6.58,6.536177268674956
20230614093625200,6.59,6.58,6.536177268674956
20230614093625250,6.59,6.58,6.536191035368647
20230614093625360,6.59,6.58,6.536191035368647
20230614093625410,6.59,6.58,6.536191035368647
20230614093625530,6.59,6.58,6.536191035368647
20230614093625760,6.59,6.58,6.5361979154724485
20230614093625850,6.59,6.58,6.5361979154724485
20230614093625860,6.59,6.58,6.5361979154724485
20230614093626040,6.59,6.58,6.5361979154724485
20230614093626090,6.59,6.58,6.5361979154724485
20230614093627570,6.59,6.58,6.5361979154724485
20230614093627620,6.59,6.58,6.536246015757192
20230614093627630,6.59,6.58,6.536261190291652
20230614093627670,6.59,6.58,6.536261190291652
20230614093627680,6.59,6.58,6.536261190291652
20230614093627710,6.59,6.58,6.536261190291652
20230614093627980,6.59,6.58,6.536261190291652
20230614093628070,6.59,6.58,6.536261190291652
20230614093628080,6.59,6.58,6.536261190291652
20230614093628090,6.59,6.58,6.536261190291652
20230614093628100,6.59,6.58,6.536261190291652
20230614093628120,6.59,6.58,6.536261190291652
20230614093628130,6.59,6.58,6.536261190291652
20230614093628180,6.59,6.58,6.536823290272058
20230614093628190,6.59,6.58,6.536823290272058
20230614093628220,6.59,6.58,6.536987830163779
20230614093628280,6.59,6.58,6.536987830163779
20230614093628310,6.59,6.58,6.537074624136159
20230614093628330,6.59,6.58,6.53711436810042
20230614093628390,6.59,6.58,6.53711436810042
20230614093628450,6.59,6.58,6.53711436810042
20230614093628680,6.59,6.58,6.53711436810042
20230614093628700,6.59,6.58,6.53711436810042
20230614093628720,6.59,6.58,6.53711436810042
20230614093628730,6.59,6.58,6.537122527844011
20230614093630240,6.59,6.58,6.537122527844011
20230614093630320,6.59,6.58,6.537155141654508
20230614093630340,6.59,6.58,6.537155141654508
20230614093630350,6.59,6.58,6.537155141654508
20230614093630370,6.59,6.58,6.537568641056879
20230614093630380,6.59,6.58,6.53786638881997
20230614093630390,6.59,6.58,6.537882215933912
20230614093630400,6.59,6.58,6.537882215933912
20230614093630510,6.59,6.58,6.537882215933912
20230614093630650,6.59,6.58,6.537948585006775
20230614093630710,6.59,6.58,6.53814354926065
20230614093630730,6.59,6.58,6.53814354926065
