Timestamp,ask1,bid1,VWAP
20230815093000120,5.83,7.13,0.0
20230815093000130,6.43,6.8,6.49
20230815093000140,6.43,6.8,6.49
20230815093000150,6.43,6.8,6.49
20230815093000170,6.43,6.8,6.49
20230815093000180,6.45,6.8,6.49
20230815093000190,6.45,6.8,6.493030303030303
20230815093000200,6.47,6.53,6.486825396825397
20230815093000220,6.47,6.53,6.486825396825397
20230815093000230,6.47,6.53,6.486825396825397
20230815093000240,6.47,6.53,6.486825396825397
20230815093000250,6.47,6.53,6.486825396825397
20230815093000580,6.47,6.53,6.486825396825397
20230815093000630,6.47,6.53,6.486825396825397
20230815093000640,6.47,6.53,6.486825396825397
20230815093000650,6.47,6.53,6.486825396825397
20230815093000710,6.47,6.53,6.486825396825397
20230815093000750,6.47,6.53,6.486825396825397
20230815093000880,6.47,6.53,6.486825396825397
20230815093000970,6.47,6.53,6.486825396825397
20230815093001030,6.47,6.53,6.486825396825397
20230815093001840,6.47,6.53,6.486825396825397
20230815093001850,6.47,6.53,6.486825396825397
20230815093001860,6.47,6.53,6.486825396825397
20230815093001900,6.47,6.53,6.486825396825397
20230815093001920,6.47,6.53,6.486825396825397
20230815093001950,6.47,6.53,6.486825396825397
20230815093001960,6.47,6.53,6.486825396825397
20230815093002000,6.47,6.53,6.486825396825397
20230815093002060,6.47,6.53,6.486307692307692
20230815093002070,6.47,6.53,6.486060606060606
20230815093002120,6.47,6.53,6.486060606060606
20230815093002170,6.47,6.53,6.486060606060606
20230815093002330,6.47,6.53,6.486060606060606
20230815093002460,6.47,6.53,6.486060606060606
20230815093002470,6.47,6.53,6.486060606060606
20230815093002550,6.47,6.53,6.486060606060606
20230815093002620,6.47,6.53,6.486060606060606
20230815093004190,6.47,6.53,6.486060606060606
20230815093004450,6.47,6.53,6.486060606060606
20230815093004510,6.47,6.53,6.486060606060606
20230815093004550,6.47,6.53,6.486060606060606
20230815093004960,6.47,6.53,6.486060606060606
20230815093005180,6.47,6.53,6.486060606060606
20230815093005240,6.47,6.5,6.486060606060606
20230815093005370,6.47,6.5,6.486060606060606
20230815093006010,6.47,6.5,6.486060606060606
20230815093006060,6.47,6.5,6.486060606060606
20230815093009520,6.47,6.5,6.486060606060606
20230815093010090,6.48,6.5,6.486060606060606
20230815093010100,6.48,6.5,6.486060606060606
20230815093010130,6.48,6.5,6.486060606060606
20230815093010320,6.48,6.5,6.486060606060606
20230815093010810,6.48,6.5,6.486060606060606
20230815093011860,6.48,6.5,6.486060606060606
20230815093011940,6.48,6.5,6.486060606060606
20230815093012230,6.48,6.5,6.486060606060606
20230815093012260,6.49,6.5,6.486060606060606
20230815093014920,6.49,6.5,6.486060606060606
20230815093015190,6.49,6.5,6.486060606060606
20230815093015200,6.49,6.5,6.486060606060606
20230815093017550,6.49,6.5,6.486060606060606
20230815093017630,6.49,6.5,6.486060606060606
20230815093017640,6.49,6.5,6.486060606060606
20230815093017710,6.49,6.5,6.486060606060606
20230815093018050,6.49,6.5,6.486060606060606
20230815093018110,6.49,6.5,6.486060606060606
20230815093018120,6.49,6.5,6.486060606060606
20230815093018620,6.49,6.5,6.486060606060606
20230815093020420,6.49,6.5,6.486060606060606
20230815093020430,6.49,6.5,6.486060606060606
20230815093020450,6.49,6.5,6.486060606060606
20230815093020460,6.49,6.5,6.486060606060606
20230815093023920,6.49,6.5,6.486060606060606
20230815093024070,6.49,6.5,6.486060606060606
20230815093026260,6.49,6.5,6.486060606060606
20230815093028680,6.49,6.5,6.486060606060606
20230815093028790,6.49,6.5,6.486060606060606
20230815093028940,6.49,6.5,6.486060606060606
20230815093029380,6.49,6.5,6.486060606060606
20230815093029520,6.49,6.5,6.486060606060606
20230815093031070,6.49,6.5,6.486060606060606
20230815093031200,6.49,6.5,6.486060606060606
20230815093031290,6.49,6.5,6.486060606060606
20230815093031310,6.49,6.5,6.486060606060606
20230815093031330,6.49,6.5,6.486060606060606
20230815093031510,6.49,6.5,6.486060606060606
20230815093031940,6.49,6.5,6.486060606060606
20230815093032090,6.49,6.5,6.482808022922636
20230815093034070,6.49,6.5,6.482808022922636
20230815093034180,6.49,6.5,6.482808022922636
20230815093034300,6.49,6.5,6.482808022922636
20230815093034380,6.49,6.5,6.482808022922636
20230815093034540,6.49,6.5,6.482808022922636
20230815093034920,6.5,6.5,6.485300925925926
20230815093036910,6.5,6.48,6.485300925925926
20230815093037210,6.5,6.49,6.485300925925926
20230815093037280,6.5,6.49,6.485300925925926
20230815093037470,6.5,6.49,6.485300925925926
20230815093039250,6.5,6.49,6.485300925925926
20230815093039480,6.5,6.49,6.485300925925926
20230815093039630,6.5,6.49,6.485300925925926
20230815093040090,6.5,6.49,6.485300925925926
20230815093040150,6.5,6.48,6.485300925925926
20230815093040290,6.5,6.48,6.485300925925926
20230815093041980,6.5,6.48,6.485300925925926
20230815093042150,6.5,6.48,6.485300925925926
20230815093042690,6.5,6.48,6.486489795918367
20230815093042930,6.5,6.48,6.486489795918367
20230815093045180,6.5,6.48,6.486539235412475
20230815093045320,6.5,6.48,6.486539235412475
20230815093045540,6.5,6.48,6.486539235412475
20230815093045560,6.5,6.48,6.486539235412475
20230815093047310,6.49,6.48,6.486539235412475
20230815093047320,6.49,6.48,6.486539235412475
20230815093047330,6.49,6.48,6.486539235412475
20230815093047430,6.49,6.48,6.486539235412475
20230815093047770,6.49,6.48,6.486539235412475
20230815093047810,6.49,6.48,6.486539235412475
20230815093047990,6.49,6.48,6.486539235412475
20230815093048110,6.49,6.48,6.486539235412475
20230815093048130,6.49,6.48,6.486539235412475
20230815093048170,6.49,6.48,6.486539235412475
20230815093048340,6.49,6.48,6.486539235412475
20230815093050100,6.49,6.48,6.486608187134503
20230815093050150,6.49,6.48,6.486608187134503
20230815093050310,6.49,6.48,6.486608187134503
20230815093050330,6.49,6.48,6.486608187134503
20230815093050500,6.49,6.48,6.486608187134503
20230815093050630,6.49,6.48,6.486608187134503
20230815093050730,6.49,6.48,6.486608187134503
20230815093051000,6.49,6.48,6.486608187134503
20230815093051100,6.49,6.48,6.486608187134503
20230815093052590,6.49,6.48,6.486608187134503
20230815093053110,6.49,6.48,6.486608187134503
20230815093053630,6.49,6.48,6.486608187134503
20230815093053740,6.49,6.48,6.486723163841808
20230815093055320,6.49,6.48,6.486363636363636
20230815093055410,6.49,6.48,6.486370106761566
20230815093055580,6.48,6.48,6.486280701754386
20230815093055960,6.49,6.48,6.486388415672913
20230815093056060,6.49,6.48,6.486388415672913
20230815093056300,6.49,6.48,6.486388415672913
20230815093056320,6.49,6.48,6.486388415672913
20230815093058070,6.49,6.48,6.486377551020408
20230815093058090,6.49,6.48,6.486377551020408
20230815093058150,6.49,6.48,6.486377551020408
20230815093058360,6.49,6.48,6.486377551020408
20230815093100810,6.49,6.48,6.486377551020408
20230815093100930,6.49,6.48,6.486377551020408
20230815093100990,6.49,6.48,6.486377551020408
20230815093101010,6.49,6.48,6.486377551020408
20230815093101060,6.49,6.48,6.486377551020408
20230815093101080,6.49,6.48,6.486377551020408
20230815093101140,6.49,6.48,6.486377551020408
20230815093101710,6.49,6.48,6.486377551020408
20230815093103360,6.49,6.48,6.486377551020408
20230815093103430,6.49,6.48,6.486377551020408
20230815093103570,6.49,6.48,6.486377551020408
20230815093104290,6.49,6.48,6.486377551020408
20230815093106150,6.49,6.48,6.486377551020408
20230815093106530,6.49,6.48,6.486377551020408
20230815093106640,6.49,6.48,6.486377551020408
20230815093109070,6.49,6.48,6.486377551020408
20230815093109410,6.49,6.48,6.486377551020408
20230815093111550,6.49,6.48,6.486377551020408
20230815093111770,6.49,6.48,6.486377551020408
20230815093112040,6.49,6.48,6.486377551020408
20230815093114990,6.49,6.48,6.486377551020408
20230815093115070,6.49,6.48,6.486377551020408
20230815093115170,6.49,6.48,6.486166134185304
20230815093117370,6.49,6.48,6.486166134185304
20230815093117420,6.49,6.48,6.486166134185304
20230815093117630,6.49,6.48,6.486166134185304
20230815093117880,6.49,6.48,6.486166134185304
20230815093117980,6.49,6.48,6.486166134185304
20230815093120330,6.49,6.48,6.486166134185304
20230815093122710,6.49,6.48,6.486166134185304
20230815093123050,6.49,6.48,6.486166134185304
20230815093123450,6.49,6.48,6.486166134185304
20230815093125160,6.49,6.48,6.48603125
20230815093125270,6.49,6.48,6.48603125
20230815093125320,6.49,6.48,6.48603125
20230815093126000,6.49,6.48,6.48603125
20230815093127750,6.49,6.48,6.48603125
20230815093128070,6.49,6.48,6.48603125
20230815093128130,6.49,6.48,6.48603125
20230815093128330,6.49,6.48,6.48603125
20230815093128470,6.49,6.48,6.48603125
20230815093131090,6.49,6.48,6.485578034682081
20230815093131220,6.49,6.48,6.4855699855699855
20230815093133050,6.49,6.48,6.4855699855699855
20230815093133290,6.49,6.48,6.4855699855699855
20230815093133540,6.49,6.48,6.4855699855699855
20230815093133760,6.49,6.48,6.485468531468531
20230815093133870,6.48,6.48,6.485468531468531
20230815093134080,6.48,6.48,6.485400552486188
20230815093134100,6.48,6.48,6.485400552486188
20230815093134110,6.48,6.48,6.485400552486188
20230815093134130,6.48,6.48,6.484834437086093
20230815093134220,6.48,6.48,6.484834437086093
20230815093136190,6.48,6.48,6.484834437086093
20230815093136710,6.48,6.48,6.484834437086093
20230815093136780,6.48,6.48,6.484834437086093
20230815093138910,6.48,6.48,6.484834437086093
20230815093139120,6.48,6.48,6.484834437086093
20230815093139560,6.48,6.48,6.484834437086093
20230815093141190,6.48,6.48,6.484834437086093
20230815093144170,6.48,6.48,6.484834437086093
20230815093144490,6.48,6.48,6.484834437086093
20230815093144510,6.48,6.48,6.484834437086093
20230815093144810,6.48,6.48,6.484834437086093
20230815093149260,6.48,6.48,6.484834437086093
20230815093150130,6.48,6.48,6.484834437086093
20230815093150200,6.48,6.48,6.484834437086093
20230815093150340,6.48,6.48,6.484834437086093
20230815093150380,6.48,6.48,6.484834437086093
20230815093150390,6.48,6.48,6.484834437086093
20230815093150460,6.48,6.48,6.484834437086093
20230815093152110,6.48,6.48,6.484834437086093
20230815093152240,6.48,6.48,6.484834437086093
20230815093152300,6.48,6.48,6.484834437086093
20230815093152380,6.48,6.48,6.484834437086093
20230815093152930,6.48,6.48,6.484834437086093
20230815093152950,6.48,6.48,6.484834437086093
20230815093153090,6.48,6.48,6.484834437086093
20230815093154680,6.48,6.48,6.484834437086093
20230815093154880,6.48,6.48,6.484834437086093
20230815093154960,6.48,6.47,6.482811428571429
20230815093155090,6.48,6.47,6.482427937915743
20230815093155100,6.48,6.47,6.482427937915743
20230815093155120,6.48,6.47,6.482427937915743
20230815093155130,6.48,6.47,6.482427937915743
20230815093155240,6.48,6.47,6.482117163412127
20230815093157500,6.48,6.47,6.482117163412127
20230815093157760,6.48,6.47,6.482117163412127
20230815093158100,6.48,6.47,6.482117163412127
20230815093158140,6.48,6.47,6.482117163412127
20230815093200150,6.48,6.47,6.482117163412127
20230815093200220,6.48,6.47,6.482117163412127
20230815093201090,6.48,6.47,6.482117163412127
20230815093202780,6.48,6.47,6.482117163412127
20230815093203100,6.48,6.47,6.482117163412127
20230815093203950,6.48,6.47,6.482117163412127
20230815093208300,6.48,6.47,6.482117163412127
20230815093208310,6.48,6.47,6.482117163412127
20230815093208320,6.48,6.47,6.482117163412127
20230815093208330,6.48,6.47,6.482117163412127
20230815093208350,6.48,6.47,6.482117163412127
20230815093208640,6.48,6.47,6.482117163412127
20230815093209350,6.48,6.47,6.482117163412127
20230815093211260,6.48,6.47,6.482087576374745
20230815093211600,6.48,6.47,6.482087576374745
20230815093212010,6.48,6.47,6.482087576374745
20230815093213570,6.48,6.47,6.482087576374745
20230815093214200,6.48,6.47,6.482038539553753
20230815093214280,6.48,6.47,6.482038539553753
20230815093216370,6.48,6.47,6.482026342451874
20230815093216480,6.48,6.47,6.482026342451874
20230815093216660,6.48,6.47,6.482026342451874
20230815093217320,6.48,6.47,6.482026342451874
20230815093219250,6.48,6.47,6.482002022244692
20230815093219340,6.48,6.47,6.482002022244692
20230815093219640,6.48,6.47,6.482002022244692
20230815093219850,6.48,6.47,6.482002022244692
20230815093219890,6.48,6.47,6.482002022244692
20230815093221710,6.48,6.47,6.482002022244692
20230815093221840,6.48,6.47,6.482002022244692
20230815093222310,6.48,6.47,6.481956087824352
20230815093222770,6.48,6.47,6.48192039800995
20230815093222880,6.48,6.47,6.48192039800995
20230815093224750,6.48,6.47,6.48192039800995
20230815093225070,6.48,6.47,6.48192039800995
20230815093225310,6.48,6.47,6.48192039800995
20230815093225380,6.48,6.47,6.48192039800995
20230815093227520,6.47,6.47,6.48192039800995
20230815093227760,6.47,6.47,6.48192039800995
20230815093227890,6.47,6.47,6.48192039800995
20230815093228100,6.47,6.47,6.48192039800995
20230815093228110,6.47,6.47,6.48192039800995
20230815093228120,6.47,6.47,6.48192039800995
20230815093228220,6.47,6.47,6.48192039800995
20230815093229990,6.47,6.47,6.48192039800995
20230815093230110,6.47,6.47,6.48192039800995
20230815093230120,6.47,6.47,6.48192039800995
20230815093230290,6.47,6.47,6.48192039800995
20230815093230570,6.47,6.47,6.48192039800995
20230815093230580,6.47,6.47,6.48192039800995
20230815093230600,6.47,6.47,6.48192039800995
20230815093230670,6.47,6.47,6.48192039800995
20230815093230730,6.47,6.47,6.48192039800995
20230815093230830,6.47,6.47,6.48192039800995
20230815093230960,6.47,6.47,6.48192039800995
20230815093232500,6.47,6.47,6.48192039800995
20230815093232590,6.47,6.46,6.48192039800995
20230815093232790,6.47,6.46,6.48192039800995
20230815093233070,6.47,6.46,6.48192039800995
20230815093233100,6.47,6.46,6.48192039800995
20230815093233140,6.47,6.46,6.48192039800995
20230815093233490,6.47,6.46,6.48192039800995
20230815093235150,6.47,6.46,6.48192039800995
20230815093235170,6.47,6.46,6.48192039800995
20230815093235210,6.47,6.46,6.48192039800995
20230815093235230,6.47,6.45,6.48192039800995
20230815093235320,6.47,6.45,6.48192039800995
20230815093235340,6.47,6.45,6.48192039800995
20230815093235380,6.47,6.45,6.48192039800995
20230815093235480,6.47,6.46,6.48192039800995
20230815093235490,6.47,6.45,6.48192039800995
20230815093235830,6.48,6.45,6.48192039800995
20230815093235840,6.47,6.45,6.48192039800995
20230815093235990,6.47,6.45,6.48192039800995
20230815093236160,6.47,6.46,6.48192039800995
20230815093237890,6.47,6.46,6.48192039800995
20230815093238110,6.47,6.46,6.48192039800995
20230815093238120,6.48,6.46,6.477534849596478
20230815093238160,6.48,6.46,6.477534849596478
20230815093238250,6.48,6.46,6.477534849596478
20230815093238340,6.47,6.46,6.477534849596478
20230815093238740,6.47,6.46,6.477534849596478
20230815093238960,6.47,6.46,6.477534849596478
20230815093239070,6.47,6.46,6.477534849596478
20230815093240560,6.47,6.46,6.477534849596478
20230815093240570,6.47,6.46,6.477507309941521
20230815093240680,6.47,6.46,6.477507309941521
20230815093240810,6.47,6.46,6.477507309941521
20230815093241680,6.47,6.46,6.477507309941521
20230815093241800,6.47,6.46,6.477507309941521
20230815093243400,6.47,6.46,6.477507309941521
20230815093244120,6.47,6.46,6.477507309941521
20230815093244130,6.47,6.46,6.477507309941521
20230815093246230,6.47,6.46,6.477507309941521
20230815093246470,6.47,6.46,6.477507309941521
20230815093246780,6.47,6.46,6.477452830188679
20230815093249080,6.47,6.46,6.477452830188679
20230815093249590,6.47,6.46,6.477452830188679
20230815093249700,6.47,6.46,6.477452830188679
20230815093252210,6.47,6.46,6.477452830188679
20230815093252450,6.47,6.46,6.477289719626168
20230815093255150,6.47,6.46,6.4769127988748245
20230815093256820,6.47,6.46,6.4769127988748245
20230815093256920,6.47,6.46,6.4769127988748245
20230815093257900,6.47,6.46,6.4769127988748245
20230815093259510,6.47,6.46,6.4769127988748245
20230815093259710,6.47,6.46,6.4769127988748245
20230815093259720,6.47,6.46,6.476900913562895
20230815093259750,6.47,6.46,6.476900913562895
20230815093300290,6.47,6.46,6.476900913562895
20230815093300490,6.47,6.46,6.476900913562895
20230815093300570,6.47,6.46,6.476857541899442
20230815093300650,6.47,6.46,6.476857541899442
20230815093302330,6.47,6.46,6.476857541899442
20230815093302340,6.47,6.46,6.476857541899442
20230815093302350,6.47,6.46,6.476857541899442
20230815093302950,6.47,6.46,6.476857541899442
20230815093303020,6.47,6.46,6.476857541899442
20230815093303030,6.47,6.46,6.476857541899442
20230815093303220,6.47,6.46,6.476857541899442
20230815093304880,6.47,6.46,6.476857541899442
20230815093305110,6.47,6.46,6.476696367374914
20230815093305690,6.47,6.46,6.476696367374914
20230815093307890,6.47,6.46,6.476696367374914
20230815093307970,6.47,6.46,6.476691780821918
20230815093308040,6.47,6.46,6.476691780821918
20230815093308050,6.47,6.46,6.47668720054757
20230815093308070,6.47,6.46,6.476673497267759
20230815093308090,6.47,6.46,6.476673497267759
20230815093308310,6.47,6.46,6.476673497267759
20230815093308320,6.47,6.46,6.476673497267759
20230815093308330,6.47,6.46,6.476673497267759
20230815093308350,6.47,6.46,6.476673497267759
20230815093310370,6.47,6.45,6.475950359242325
20230815093311160,6.47,6.45,6.475950359242325
20230815093311310,6.47,6.45,6.475950359242325
20230815093311320,6.47,6.45,6.475950359242325
20230815093311330,6.47,6.45,6.475950359242325
20230815093311340,6.47,6.45,6.475950359242325
20230815093311380,6.47,6.45,6.475950359242325
20230815093311490,6.47,6.45,6.475950359242325
20230815093311500,6.47,6.46,6.475950359242325
20230815093313020,6.47,6.46,6.475950359242325
20230815093313390,6.47,6.46,6.475950359242325
20230815093313920,6.47,6.46,6.475950359242325
20230815093316120,6.47,6.46,6.475950359242325
20230815093316300,6.47,6.45,6.475397225725095
20230815093316340,6.47,6.45,6.475397225725095
20230815093316350,6.47,6.45,6.475397225725095
20230815093316430,6.47,6.46,6.475397225725095
20230815093316550,6.47,6.46,6.475397225725095
20230815093316580,6.47,6.46,6.475397225725095
20230815093316630,6.47,6.46,6.475397225725095
20230815093316640,6.47,6.46,6.475397225725095
20230815093319000,6.47,6.46,6.475397225725095
20230815093319080,6.47,6.46,6.475397225725095
20230815093319100,6.47,6.46,6.475397225725095
20230815093319410,6.47,6.46,6.475397225725095
20230815093321080,6.47,6.46,6.475397225725095
20230815093321350,6.47,6.46,6.475397225725095
20230815093321730,6.47,6.46,6.475397225725095
20230815093321820,6.47,6.46,6.475397225725095
20230815093321860,6.47,6.46,6.474963235294117
20230815093326840,6.47,6.46,6.474963235294117
20230815093326950,6.47,6.46,6.474933008526188
20230815093327700,6.47,6.46,6.474851605087825
20230815093329270,6.47,6.46,6.474851605087825
20230815093329460,6.47,6.46,6.474851605087825
20230815093330180,6.47,6.46,6.474851605087825
20230815093332180,6.47,6.46,6.474851605087825
20230815093332210,6.47,6.46,6.474851605087825
20230815093332580,6.47,6.46,6.474851605087825
20230815093332600,6.47,6.46,6.474851605087825
20230815093332970,6.47,6.46,6.474851605087825
20230815093333050,6.47,6.46,6.474851605087825
20230815093333060,6.47,6.46,6.474851605087825
20230815093335110,6.47,6.46,6.474851605087825
20230815093335130,6.47,6.46,6.474851605087825
20230815093335750,6.47,6.46,6.474851605087825
20230815093335800,6.47,6.46,6.474851605087825
20230815093338020,6.47,6.46,6.474851605087825
20230815093338400,6.47,6.46,6.474851605087825
20230815093338440,6.47,6.46,6.474851605087825
20230815093340080,6.47,6.46,6.474851605087825
20230815093340110,6.47,6.46,6.474851605087825
20230815093340130,6.47,6.46,6.474851605087825
20230815093340240,6.47,6.46,6.474851605087825
20230815093340250,6.47,6.46,6.474851605087825
20230815093340530,6.46,6.46,6.474851605087825
20230815093343070,6.46,6.46,6.474851605087825
20230815093343090,6.46,6.46,6.474851605087825
20230815093343380,6.46,6.46,6.474851605087825
20230815093343390,6.46,6.46,6.474851605087825
20230815093343640,6.46,6.46,6.474851605087825
20230815093346230,6.46,6.46,6.474851605087825
20230815093346310,6.46,6.46,6.474851605087825
20230815093346380,6.46,6.46,6.474851605087825
20230815093348070,6.46,6.46,6.474851605087825
20230815093349010,6.46,6.46,6.474851605087825
20230815093349080,6.46,6.46,6.474851605087825
20230815093349170,6.46,6.46,6.474851605087825
20230815093351690,6.46,6.46,6.474851605087825
20230815093353440,6.46,6.46,6.474851605087825
20230815093354210,6.46,6.46,6.474851605087825
20230815093354510,6.46,6.46,6.474851605087825
20230815093354650,6.46,6.46,6.474851605087825
20230815093356750,6.46,6.46,6.474851605087825
20230815093356840,6.46,6.46,6.474851605087825
20230815093359630,6.46,6.46,6.474851605087825
20230815093400050,6.46,6.46,6.474851605087825
20230815093401700,6.46,6.46,6.474851605087825
20230815093401910,6.46,6.46,6.474851605087825
20230815093401930,6.46,6.46,6.474851605087825
20230815093402690,6.46,6.46,6.474851605087825
20230815093404450,6.46,6.46,6.474851605087825
20230815093405470,6.46,6.46,6.474851605087825
20230815093408080,6.46,6.46,6.474851605087825
20230815093410090,6.46,6.46,6.474851605087825
20230815093410150,6.46,6.46,6.474420803782506
20230815093410340,6.46,6.46,6.474420803782506
20230815093410350,6.46,6.46,6.474420803782506
20230815093412680,6.46,6.46,6.474420803782506
20230815093412850,6.46,6.46,6.474406379208506
20230815093413090,6.46,6.46,6.474391971664699
20230815093413130,6.46,6.46,6.474377581120944
20230815093413320,6.46,6.46,6.474377581120944
20230815093413390,6.46,6.46,6.474377581120944
20230815093415060,6.46,6.46,6.474377581120944
20230815093415560,6.46,6.46,6.474377581120944
20230815093416040,6.46,6.46,6.474377581120944
20230815093416050,6.46,6.46,6.474377581120944
20230815093418000,6.46,6.46,6.474377581120944
20230815093418090,6.46,6.46,6.474377581120944
20230815093418120,6.46,6.46,6.474377581120944
20230815093418870,6.46,6.46,6.474377581120944
20230815093420690,6.46,6.46,6.474377581120944
20230815093421000,6.46,6.46,6.474377581120944
20230815093421090,6.46,6.46,6.474291593180482
20230815093421320,6.46,6.46,6.474291593180482
20230815093421410,6.46,6.46,6.474291593180482
20230815093421480,6.46,6.46,6.474291593180482
20230815093423660,6.46,6.46,6.474291593180482
20230815093423950,6.46,6.46,6.474291593180482
20230815093426460,6.46,6.46,6.474291593180482
20230815093428740,6.46,6.46,6.47427732079906
20230815093428960,6.46,6.46,6.47427732079906
20230815093429150,6.46,6.46,6.47427732079906
20230815093429200,6.46,6.46,6.4742630651790956
20230815093429310,6.46,6.46,6.4742630651790956
20230815093429320,6.46,6.46,6.4742630651790956
20230815093429410,6.46,6.46,6.4742630651790956
20230815093429420,6.46,6.46,6.4742630651790956
20230815093429430,6.46,6.46,6.4742630651790956
20230815093429490,6.46,6.46,6.473788140472078
20230815093429700,6.46,6.46,6.47373348650201
20230815093431490,6.46,6.46,6.473651974813967
20230815093434210,6.46,6.46,6.4736384439359265
20230815093434340,6.46,6.46,6.4736384439359265
20230815093434850,6.46,6.46,6.4736384439359265
20230815093434870,6.46,6.46,6.4736384439359265
20230815093434930,6.46,6.46,6.4736384439359265
20230815093435050,6.46,6.46,6.4736384439359265
20230815093435060,6.46,6.46,6.4736384439359265
20230815093435180,6.46,6.45,6.473305132543711
20230815093437010,6.46,6.45,6.473305132543711
20230815093437030,6.46,6.45,6.473305132543711
20230815093437110,6.46,6.45,6.473305132543711
20230815093437210,6.46,6.45,6.473305132543711
20230815093437250,6.46,6.45,6.473305132543711
20230815093437590,6.46,6.45,6.473305132543711
20230815093440100,6.4,6.45,6.473305132543711
20230815093440120,6.4,6.45,6.473305132543711
20230815093440260,6.4,6.45,6.473305132543711
20230815093440410,6.4,6.45,6.473305132543711
20230815093442110,6.4,6.45,6.473305132543711
20230815093442250,6.4,6.45,6.473305132543711
20230815093443100,6.4,6.45,6.473305132543711
20230815093445180,6.4,6.45,6.472844686648501
20230815093445740,6.4,6.45,6.472844686648501
20230815093448080,6.4,6.45,6.472844686648501
20230815093448200,6.45,6.45,6.4718333333333335
20230815093448280,6.45,6.45,6.471765316718588
20230815093448290,6.46,6.45,6.471704545454545
20230815093448330,6.46,6.45,6.471704545454545
20230815093448470,6.46,6.45,6.471704545454545
20230815093448660,6.46,6.45,6.471704545454545
20230815093450310,6.46,6.45,6.471704545454545
20230815093450320,6.46,6.45,6.471704545454545
20230815093450330,6.46,6.45,6.471704545454545
20230815093450340,6.46,6.45,6.471704545454545
20230815093450430,6.46,6.45,6.471704545454545
20230815093451030,6.46,6.45,6.471648634724369
20230815093451150,6.46,6.45,6.471648634724369
20230815093453020,6.46,6.45,6.471648634724369
20230815093453220,6.46,6.45,6.471648634724369
20230815093454070,6.46,6.45,6.4716374871266735
20230815093455700,6.46,6.45,6.4716374871266735
20230815093455790,6.46,6.45,6.4716374871266735
20230815093455910,6.46,6.45,6.4716374871266735
20230815093455930,6.46,6.45,6.471275949367088
20230815093455970,6.46,6.45,6.471275949367088
20230815093455990,6.46,6.45,6.471275949367088
20230815093456030,6.46,6.45,6.471275949367088
20230815093456250,6.46,6.45,6.471275949367088
20230815093456670,6.46,6.45,6.471275949367088
20230815093456700,6.46,6.45,6.471275949367088
20230815093458290,6.46,6.45,6.471275949367088
20230815093458330,6.46,6.45,6.471275949367088
20230815093458340,6.45,6.45,6.4663756819953235
20230815093458350,6.45,6.45,6.4663756819953235
20230815093458390,6.45,6.45,6.4663756819953235
20230815093458470,6.45,6.45,6.4662427522226515
20230815093458510,6.45,6.45,6.4662427522226515
20230815093458880,6.45,6.45,6.46609345078514
20230815093458890,6.45,6.45,6.46609345078514
20230815093458990,6.45,6.45,6.46609345078514
20230815093459000,6.45,6.45,6.46609345078514
20230815093459050,6.45,6.45,6.46609345078514
20230815093459090,6.45,6.45,6.46609345078514
20230815093459310,6.45,6.45,6.46609345078514
20230815093459320,6.45,6.45,6.46609345078514
20230815093459330,6.45,6.45,6.46609345078514
20230815093459380,6.45,6.45,6.46609345078514
20230815093459390,6.45,6.45,6.46609345078514
20230815093459400,6.45,6.45,6.46609345078514
20230815093459410,6.45,6.45,6.46609345078514
20230815093501070,6.45,6.45,6.466001523229246
20230815093501720,6.45,6.45,6.466001523229246
20230815093504080,6.45,6.45,6.464754213483146
20230815093504090,6.46,6.45,6.463955496512787
20230815093507080,6.46,6.45,6.463529601029601
20230815093507110,6.46,6.45,6.463529601029601
20230815093507120,6.46,6.45,6.463529601029601
20230815093507370,6.46,6.45,6.463529601029601
20230815093509080,6.46,6.45,6.463529601029601
20230815093509320,6.46,6.45,6.463529601029601
20230815093509670,6.45,6.45,6.463529601029601
20230815093509710,6.45,6.45,6.463529601029601
20230815093509720,6.46,6.45,6.463079835910382
20230815093509940,6.46,6.45,6.463077893409019
20230815093509950,6.46,6.45,6.463077893409019
20230815093510130,6.46,6.45,6.463077893409019
20230815093510190,6.46,6.45,6.463077893409019
20230815093512590,6.46,6.45,6.463077893409019
20230815093512640,6.45,6.45,6.463077893409019
20230815093512660,6.45,6.45,6.463077893409019
20230815093514560,6.45,6.45,6.463077893409019
20230815093514820,6.46,6.45,6.462825620594545
20230815093514830,6.46,6.45,6.462825620594545
20230815093514980,6.46,6.45,6.462825620594545
20230815093514990,6.46,6.45,6.462825620594545
20230815093515180,6.46,6.45,6.462825620594545
20230815093515330,6.46,6.45,6.462825620594545
20230815093515350,6.45,6.45,6.462825620594545
20230815093515520,6.45,6.45,6.462825620594545
20230815093517690,6.45,6.45,6.462825620594545
20230815093517750,6.45,6.45,6.462825620594545
20230815093517840,6.45,6.45,6.462825620594545
20230815093518030,6.45,6.45,6.462825620594545
20230815093518060,6.45,6.45,6.462825620594545
20230815093518090,6.45,6.45,6.462825620594545
20230815093518290,6.45,6.45,6.462825620594545
20230815093520100,6.45,6.45,6.462825620594545
20230815093520510,6.45,6.45,6.462825620594545
20230815093520890,6.45,6.45,6.462658959537572
20230815093522830,6.45,6.45,6.462658959537572
20230815093522870,6.45,6.45,6.462658959537572
20230815093523010,6.45,6.45,6.462658959537572
20230815093523640,6.45,6.45,6.462576538344953
20230815093525480,6.45,6.45,6.462576538344953
20230815093525520,6.45,6.45,6.462494714587738
20230815093525770,6.46,6.45,6.462171226831421
20230815093526180,6.46,6.45,6.462171226831421
20230815093526210,6.46,6.45,6.4620895522388055
20230815093526330,6.45,6.45,6.4620895522388055
20230815093526460,6.45,6.45,6.461993006993007
20230815093528000,6.45,6.45,6.461993006993007
20230815093528260,6.45,6.45,6.461993006993007
20230815093528290,6.44,6.45,6.461948240767665
20230815093528670,6.44,6.45,6.461948240767665
20230815093529080,6.44,6.45,6.461948240767665
20230815093530640,6.44,6.45,6.461948240767665
20230815093530670,6.44,6.45,6.461948240767665
20230815093531740,6.44,6.45,6.461948240767665
20230815093531790,6.44,6.45,6.461948240767665
20230815093531810,6.44,6.45,6.461948240767665
20230815093531870,6.46,6.45,6.461948240767665
20230815093533490,6.46,6.45,6.461948240767665
20230815093533870,6.46,6.45,6.461948240767665
20230815093533940,6.46,6.45,6.461948240767665
20230815093533970,6.46,6.45,6.461948240767665
20230815093534000,6.46,6.45,6.461948240767665
20230815093534020,6.46,6.45,6.461948240767665
20230815093534160,6.45,6.45,6.461948240767665
20230815093534500,6.45,6.45,6.461948240767665
20230815093534570,6.45,6.45,6.461948240767665
20230815093536230,6.45,6.45,6.461948240767665
20230815093536290,6.45,6.45,6.461948240767665
20230815093536400,6.45,6.45,6.461948240767665
20230815093536660,6.45,6.45,6.461948240767665
20230815093536830,6.45,6.45,6.461948240767665
20230815093536900,6.45,6.45,6.461948240767665
20230815093536940,6.45,6.45,6.461948240767665
20230815093536970,6.45,6.45,6.461948240767665
20230815093537090,6.45,6.45,6.461948240767665
20230815093537150,6.45,6.45,6.461948240767665
20230815093538730,6.45,6.45,6.461948240767665
20230815093538750,6.45,6.45,6.461948240767665
20230815093539990,6.45,6.45,6.461948240767665
20230815093541580,6.45,6.45,6.461948240767665
20230815093541730,6.45,6.45,6.461948240767665
20230815093541940,6.45,6.45,6.461948240767665
20230815093541950,6.45,6.45,6.461948240767665
20230815093542250,6.45,6.45,6.461948240767665
20230815093544600,6.45,6.45,6.461948240767665
20230815093545080,6.45,6.45,6.461948240767665
20230815093547250,6.45,6.45,6.461948240767665
20230815093547320,6.45,6.45,6.461948240767665
20230815093547340,6.45,6.45,6.461948240767665
20230815093548040,6.45,6.45,6.461948240767665
20230815093549710,6.45,6.45,6.461948240767665
20230815093549750,6.45,6.45,6.461948240767665
20230815093549780,6.45,6.45,6.460535090077978
20230815093549810,6.45,6.45,6.460535090077978
20230815093550150,6.45,6.45,6.460535090077978
20230815093550420,6.45,6.45,6.460535090077978
20230815093552550,6.45,6.45,6.460535090077978
20230815093552640,6.45,6.45,6.460535090077978
20230815093552670,6.45,6.45,6.460535090077978
20230815093553000,6.45,6.45,6.460535090077978
20230815093553170,6.45,6.45,6.460535090077978
20230815093553200,6.45,6.45,6.460535090077978
20230815093553270,6.45,6.45,6.460535090077978
20230815093557690,6.45,6.45,6.460529569892473
20230815093557900,6.45,6.45,6.460529569892473
20230815093557910,6.45,6.45,6.460529569892473
20230815093557950,6.45,6.45,6.460529569892473
20230815093558640,6.45,6.45,6.460529569892473
20230815093558690,6.45,6.45,6.460529569892473
20230815093558890,6.45,6.45,6.460529569892473
20230815093600460,6.45,6.45,6.460529569892473
20230815093600470,6.45,6.45,6.460529569892473
20230815093601160,6.45,6.45,6.460529569892473
20230815093601210,6.45,6.45,6.460529569892473
20230815093601290,6.45,6.45,6.460529569892473
20230815093603300,6.45,6.45,6.460490091055169
20230815093603360,6.45,6.45,6.460490091055169
20230815093603670,6.45,6.45,6.460490091055169
20230815093604030,6.45,6.45,6.460490091055169
20230815093604080,6.45,6.45,6.460490091055169
20230815093604110,6.45,6.45,6.460490091055169
20230815093606050,6.45,6.45,6.460490091055169
20230815093606980,6.45,6.45,6.460490091055169
20230815093608480,6.45,6.45,6.460400849482347
20230815093608490,6.45,6.45,6.460400849482347
20230815093608560,6.45,6.45,6.460400849482347
20230815093608690,6.45,6.45,6.460400849482347
20230815093608750,6.45,6.45,6.460400849482347
20230815093609180,6.45,6.45,6.460400849482347
20230815093609220,6.45,6.45,6.460400849482347
20230815093611340,6.45,6.45,6.460400849482347
20230815093612020,6.45,6.45,6.460400849482347
20230815093612260,6.45,6.45,6.460400849482347
20230815093614100,6.45,6.45,6.460400849482347
20230815093617390,6.45,6.45,6.460400849482347
20230815093617770,6.45,6.45,6.460400849482347
20230815093619890,6.45,6.45,6.460400849482347
20230815093620150,6.45,6.45,6.460400849482347
20230815093620370,6.45,6.45,6.460400849482347
20230815093621990,6.45,6.45,6.460400849482347
20230815093622090,6.45,6.45,6.460400849482347
20230815093622250,6.45,6.45,6.460400849482347
20230815093622310,6.45,6.45,6.460400849482347
20230815093623160,6.45,6.45,6.460400849482347
20230815093624800,6.45,6.45,6.460400849482347
20230815093625100,6.45,6.45,6.460400849482347
20230815093625170,6.45,6.45,6.460400849482347
20230815093625790,6.45,6.45,6.460400849482347
20230815093627330,6.45,6.45,6.460400849482347
20230815093627910,6.45,6.45,6.460400849482347
20230815093628130,6.45,6.45,6.460400849482347
20230815093628180,6.45,6.45,6.460400849482347
20230815093628300,6.45,6.45,6.460400849482347
20230815093628440,6.45,6.45,6.460400849482347
20230815093628570,6.45,6.45,6.460400849482347
20230815093630160,6.45,6.45,6.460400849482347
20230815093631010,6.45,6.45,6.460400849482347
20230815093631180,6.45,6.45,6.460400849482347
20230815093632770,6.45,6.45,6.460400849482347
20230815093632930,6.45,6.45,6.460396221464182
20230815093633240,6.45,6.45,6.460396221464182
20230815093633490,6.45,6.45,6.460396221464182
20230815093633530,6.45,6.45,6.460396221464182
20230815093633580,6.45,6.45,6.460396221464182
20230815093633920,6.45,6.45,6.460396221464182
20230815093635690,6.45,6.45,6.460396221464182
20230815093636260,6.45,6.45,6.460396221464182
20230815093636330,6.45,6.45,6.460396221464182
20230815093638200,6.45,6.45,6.460396221464182
20230815093638790,6.45,6.45,6.460396221464182
20230815093639180,6.45,6.45,6.460396221464182
20230815093641320,6.45,6.45,6.460396221464182
20230815093641430,6.45,6.45,6.460396221464182
20230815093641580,6.45,6.45,6.460396221464182
20230815093644180,6.45,6.45,6.460396221464182
20230815093644190,6.45,6.45,6.460396221464182
20230815093644760,6.45,6.45,6.460396221464182
20230815093646360,6.45,6.45,6.4603954950235725
20230815093646730,6.45,6.45,6.4603954950235725
20230815093646780,6.45,6.45,6.460391293081109
20230815093647130,6.45,6.45,6.460391293081109
20230815093649120,6.45,6.45,6.460390786749483
20230815093649130,6.45,6.45,6.4603894763992775
20230815093649400,6.45,6.45,6.4603894763992775
20230815093649470,6.45,6.45,6.4603894763992775
20230815093649850,6.45,6.45,6.4603894763992775
20230815093649930,6.45,6.45,6.460272889568987
20230815093651910,6.45,6.45,6.460272889568987
20230815093651930,6.45,6.45,6.460272889568987
20230815093651960,6.45,6.45,6.460272889568987
20230815093652180,6.45,6.45,6.460272889568987
20230815093652200,6.45,6.45,6.460272889568987
20230815093652540,6.45,6.45,6.460272889568987
20230815093652660,6.45,6.45,6.460272889568987
20230815093652700,6.45,6.45,6.460270270270271
20230815093655040,6.45,6.45,6.460270270270271
20230815093655400,6.45,6.45,6.460270270270271
20230815093657040,6.45,6.45,6.460270063694267
20230815093657080,6.45,6.45,6.460270063694267
20230815093657520,6.45,6.45,6.460262219959267
20230815093657580,6.45,6.45,6.460262219959267
20230815093657690,6.45,6.45,6.460262219959267
20230815093658230,6.45,6.45,6.460246568378241
20230815093659950,6.45,6.45,6.460246568378241
20230815093700280,6.45,6.45,6.460176723049735
20230815093700300,6.45,6.45,6.460174154467441
20230815093700380,6.45,6.45,6.460174154467441
20230815093700500,6.45,6.45,6.460174154467441
20230815093700570,6.45,6.45,6.460171587181428
20230815093700710,6.45,6.45,6.460166456494325
20230815093700720,6.45,6.45,6.460166456494325
20230815093702480,6.45,6.45,6.460166456494325
20230815093702490,6.45,6.45,6.460166456494325
20230815093703080,6.45,6.45,6.460166456494325
20230815093703110,6.45,6.45,6.460166456494325
20230815093705580,6.45,6.45,6.460166456494325
20230815093705610,6.45,6.45,6.460166456494325
20230815093706180,6.45,6.45,6.460166456494325
20230815093708150,6.45,6.45,6.460166456494325
20230815093708160,6.45,6.45,6.460166456494325
20230815093708420,6.45,6.45,6.460166456494325
20230815093708950,6.45,6.45,6.460166456494325
20230815093710620,6.45,6.45,6.460166456494325
20230815093710630,6.45,6.45,6.460120421475163
20230815093710650,6.45,6.46,6.460120361083249
20230815093710990,6.45,6.46,6.460120361083249
20230815093711010,6.45,6.46,6.460120361083249
20230815093711100,6.45,6.46,6.460120361083249
20230815093711590,6.45,6.46,6.460120361083249
20230815093711600,6.45,6.46,6.460120361083249
20230815093713250,6.45,6.46,6.460120361083249
20230815093713260,6.45,6.46,6.460120361083249
20230815093713270,6.45,6.46,6.460120361083249
20230815093713310,6.45,6.46,6.460120361083249
20230815093713340,6.45,6.46,6.460120361083249
20230815093713480,6.45,6.46,6.460120361083249
20230815093713530,6.46,6.46,6.460120361083249
20230815093713540,6.46,6.46,6.460120361083249
20230815093713570,6.46,6.46,6.460120361083249
20230815093713580,6.46,6.46,6.460120361083249
20230815093713930,6.46,6.46,6.460120361083249
20230815093713940,6.46,6.46,6.460120361083249
20230815093713950,6.46,6.46,6.460120361083249
20230815093714110,6.46,6.46,6.460120361083249
20230815093714180,6.46,6.46,6.460120361083249
20230815093714200,6.46,6.46,6.460120361083249
20230815093714210,6.46,6.46,6.460120361083249
20230815093714320,6.46,6.46,6.460120361083249
20230815093716080,6.46,6.46,6.460114449213162
20230815093716090,6.46,6.46,6.460114449213162
20230815093716120,6.46,6.46,6.46011442193087
20230815093716140,6.46,6.46,6.460114367405289
20230815093716150,6.46,6.46,6.460114367405289
20230815093716220,6.46,6.46,6.460114367405289
20230815093716230,6.46,6.46,6.460114367405289
20230815093716260,6.46,6.46,6.460114367405289
20230815093716340,6.46,6.46,6.460114367405289
20230815093716350,6.46,6.46,6.460114367405289
20230815093716360,6.46,6.46,6.460114367405289
20230815093716380,6.46,6.46,6.460114367405289
20230815093716490,6.46,6.46,6.460114367405289
20230815093716500,6.46,6.46,6.460114367405289
20230815093716530,6.46,6.46,6.460114285714286
20230815093716710,6.46,6.46,6.460114122681883
20230815093716730,6.46,6.46,6.460114122681883
20230815093716920,6.46,6.46,6.460114095555027
20230815093717100,6.46,6.46,6.460114041339986
20230815093718650,6.46,6.46,6.460114041339986
20230815093718970,6.46,6.46,6.460114041339986
20230815093719090,6.46,6.46,6.460114014251782
20230815093719300,6.46,6.46,6.460114014251782
20230815093719420,6.46,6.46,6.460114014251782
20230815093719640,6.46,6.46,6.460114014251782
20230815093719650,6.46,6.46,6.460114014251782
20230815093721690,6.46,6.46,6.460114014251782
20230815093721750,6.46,6.46,6.460114014251782
20230815093721870,6.46,6.46,6.460114014251782
20230815093721970,6.46,6.46,6.460114014251782
20230815093722070,6.46,6.46,6.460114014251782
20230815093722080,6.46,6.46,6.460114014251782
20230815093722090,6.46,6.46,6.460114014251782
20230815093722100,6.46,6.46,6.460114014251782
20230815093722180,6.46,6.46,6.460114014251782
20230815093722370,6.46,6.46,6.460114014251782
20230815093724640,6.46,6.46,6.460114014251782
20230815093725260,6.46,6.46,6.460114014251782
20230815093726830,6.46,6.46,6.460114014251782
20230815093727340,6.46,6.46,6.460113475177305
20230815093727370,6.46,6.46,6.460113475177305
20230815093727740,6.46,6.46,6.460113475177305
20230815093729490,6.46,6.46,6.460113475177305
20230815093729690,6.46,6.46,6.460113475177305
20230815093732130,6.46,6.46,6.460113475177305
20230815093732420,6.46,6.46,6.460113475177305
20230815093732430,6.46,6.46,6.460113234253361
20230815093732440,6.46,6.46,6.460113234253361
20230815093732770,6.46,6.46,6.460113234253361
20230815093732810,6.46,6.46,6.460113234253361
20230815093732870,6.46,6.46,6.460113234253361
20230815093732950,6.46,6.46,6.460113234253361
20230815093733010,6.46,6.46,6.460113234253361
20230815093735100,6.46,6.46,6.460113180853572
20230815093735180,6.46,6.46,6.460113180853572
20230815093735680,6.46,6.46,6.460113180853572
20230815093735750,6.46,6.46,6.460113180853572
20230815093735840,6.46,6.46,6.460113180853572
20230815093737590,6.46,6.46,6.460113180853572
20230815093737680,6.46,6.46,6.460113180853572
20230815093737910,6.46,6.46,6.460113180853572
20230815093738200,6.46,6.46,6.460113180853572
20230815093740750,6.46,6.46,6.460113180853572
20230815093740960,6.46,6.46,6.460113180853572
20230815093743160,6.46,6.46,6.460113180853572
20230815093743230,6.46,6.46,6.460113180853572
20230815093743240,6.46,6.46,6.460113180853572
20230815093743250,6.46,6.46,6.460113180853572
20230815093743440,6.46,6.46,6.460113180853572
20230815093743680,6.46,6.46,6.460113180853572
20230815093743760,6.46,6.46,6.460113180853572
20230815093743770,6.46,6.46,6.460113180853572
20230815093744000,6.46,6.46,6.460113180853572
20230815093745690,6.46,6.46,6.460113180853572
20230815093746080,6.46,6.46,6.4600984759671745
20230815093748780,6.46,6.46,6.4600984759671745
20230815093749320,6.46,6.46,6.4600984759671745
20230815093749330,6.46,6.46,6.4600984759671745
20230815093751050,6.46,6.46,6.4600984759671745
20230815093751760,6.46,6.46,6.4600984759671745
20230815093754320,6.46,6.46,6.4600984759671745
20230815093754500,6.46,6.46,6.4600984759671745
20230815093754550,6.46,6.46,6.4600984759671745
20230815093756730,6.46,6.46,6.4600984759671745
20230815093756820,6.46,6.46,6.4600984759671745
20230815093757360,6.46,6.46,6.4600984759671745
20230815093759390,6.46,6.46,6.4600984759671745
20230815093759410,6.46,6.46,6.4600984759671745
20230815093759550,6.46,6.46,6.4600984759671745
20230815093759630,6.46,6.46,6.4600984759671745
20230815093759710,6.46,6.46,6.4600984759671745
20230815093759930,6.46,6.46,6.4600984759671745
20230815093800070,6.46,6.46,6.4600984759671745
20230815093802030,6.46,6.46,6.4600984759671745
20230815093802230,6.46,6.46,6.4600984759671745
20230815093804790,6.46,6.46,6.4600984759671745
20230815093807230,6.46,6.47,6.4600984759671745
20230815093807390,6.46,6.46,6.4600984759671745
20230815093808200,6.46,6.46,6.4600984759671745
20230815093808210,6.46,6.46,6.4602380402126185
20230815093808330,6.46,6.46,6.4602380402126185
20230815093810090,6.46,6.46,6.4602380402126185
20230815093810340,6.46,6.46,6.4602380402126185
20230815093812690,6.46,6.46,6.4602380402126185
20230815093813060,6.46,6.46,6.4602380402126185
20230815093813650,6.46,6.46,6.460239963082603
20230815093815660,6.46,6.46,6.460239963082603
20230815093815760,6.46,6.46,6.460239963082603
20230815093816070,6.46,6.46,6.460239963082603
20230815093816080,6.46,6.46,6.460239963082603
20230815093816110,6.46,6.46,6.460239963082603
20230815093816230,6.46,6.46,6.460239963082603
20230815093816240,6.46,6.46,6.460239963082603
20230815093816270,6.46,6.46,6.460239963082603
20230815093816280,6.46,6.46,6.460239963082603
20230815093816340,6.46,6.46,6.460239963082603
20230815093816350,6.46,6.46,6.460239963082603
20230815093816460,6.46,6.46,6.460239963082603
20230815093819070,6.46,6.46,6.460239963082603
20230815093819080,6.46,6.46,6.460239963082603
20230815093819260,6.46,6.46,6.460239963082603
20230815093820740,6.46,6.46,6.460239963082603
20230815093820950,6.46,6.46,6.460239963082603
20230815093821650,6.46,6.46,6.4605521611224255
20230815093821760,6.46,6.46,6.4605521611224255
20230815093821810,6.46,6.46,6.4605521611224255
20230815093823580,6.46,6.46,6.460552036199095
20230815093826580,6.46,6.46,6.460552036199095
20230815093826720,6.46,6.46,6.460552036199095
20230815093826850,6.46,6.47,6.460552036199095
20230815093827060,6.46,6.46,6.460552036199095
20230815093827100,6.46,6.47,6.460552036199095
20230815093827370,6.46,6.47,6.460552036199095
20230815093828960,6.46,6.47,6.460552036199095
20230815093830060,6.46,6.47,6.460552036199095
20230815093832370,6.46,6.47,6.460552036199095
20230815093834210,6.46,6.47,6.460552036199095
20230815093835430,6.46,6.47,6.460552036199095
20230815093839810,6.46,6.47,6.460552036199095
20230815093839950,6.46,6.47,6.460552036199095
20230815093840100,6.46,6.47,6.460552036199095
20230815093840110,6.46,6.47,6.460807675145024
20230815093843080,6.46,6.47,6.460807675145024
20230815093843110,6.46,6.47,6.460807675145024
20230815093843120,6.46,6.47,6.460807675145024
20230815093843140,6.46,6.47,6.460807675145024
20230815093843220,6.46,6.47,6.460807675145024
20230815093843340,6.46,6.47,6.460807675145024
20230815093843380,6.46,6.47,6.460807675145024
20230815093845060,6.46,6.47,6.4611028119507905
20230815093845080,6.46,6.47,6.4611028119507905
20230815093845430,6.46,6.47,6.4611028119507905
20230815093845440,6.46,6.47,6.4611028119507905
20230815093845980,6.46,6.47,6.4611028119507905
20230815093846090,6.46,6.47,6.4611028119507905
20230815093846120,6.46,6.47,6.4611028119507905
20230815093846220,6.46,6.47,6.4611028119507905
20230815093848030,6.46,6.47,6.4611028119507905
20230815093848280,6.46,6.47,6.4611028119507905
20230815093848290,6.46,6.47,6.4611028119507905
20230815093848490,6.46,6.47,6.4611028119507905
20230815093848720,6.46,6.47,6.4611028119507905
20230815093848910,6.46,6.47,6.4611028119507905
20230815093851050,6.46,6.47,6.4611028119507905
20230815093851440,6.46,6.47,6.4611028119507905
20230815093851520,6.46,6.47,6.4611028119507905
20230815093853210,6.46,6.47,6.4611028119507905
20230815093853370,6.46,6.47,6.4611028119507905
20230815093854360,6.46,6.47,6.4611028119507905
20230815093854370,6.46,6.47,6.4611028119507905
20230815093856040,6.46,6.47,6.4611028119507905
20230815093856470,6.46,6.47,6.4611028119507905
20230815093856560,6.46,6.47,6.4611028119507905
20230815093858630,6.46,6.47,6.4611028119507905
20230815093858660,6.46,6.47,6.4611028119507905
20230815093858730,6.46,6.47,6.4611028119507905
20230815093858800,6.46,6.47,6.4611028119507905
20230815093858830,6.46,6.47,6.4611028119507905
20230815093859100,6.46,6.47,6.4611028119507905
20230815093859110,6.46,6.47,6.4611028119507905
20230815093859180,6.46,6.47,6.4611028119507905
20230815093859250,6.46,6.47,6.4611028119507905
20230815093859500,6.46,6.47,6.4611028119507905
20230815093901260,6.46,6.47,6.4611028119507905
20230815093901320,6.46,6.47,6.461231505657093
20230815093901430,6.46,6.47,6.461231505657093
20230815093901510,6.46,6.47,6.461231505657093
20230815093902050,6.46,6.47,6.461231505657093
20230815093902180,6.46,6.47,6.461231505657093
20230815093902420,6.46,6.47,6.461231505657093
20230815093904080,6.46,6.47,6.461231505657093
20230815093904150,6.46,6.47,6.461231505657093
20230815093904340,6.46,6.47,6.461231505657093
20230815093904460,6.46,6.47,6.461231505657093
20230815093907190,6.46,6.47,6.461231505657093
20230815093907410,6.46,6.47,6.461231505657093
20230815093909670,6.46,6.47,6.461231505657093
20230815093909690,6.46,6.47,6.461271388347412
20230815093909800,6.46,6.47,6.461271388347412
20230815093910110,6.46,6.47,6.461271388347412
20230815093910400,6.46,6.47,6.461271388347412
20230815093910490,6.46,6.47,6.461271388347412
20230815093912770,6.46,6.47,6.461271388347412
20230815093913080,6.46,6.47,6.461271388347412
20230815093913170,6.46,6.47,6.461271388347412
20230815093914980,6.46,6.47,6.461271388347412
20230815093914990,6.46,6.47,6.461271388347412
20230815093915260,6.46,6.47,6.461271388347412
20230815093915270,6.46,6.47,6.461271388347412
20230815093915390,6.46,6.47,6.461271388347412
20230815093915930,6.46,6.47,6.461271388347412
20230815093917770,6.46,6.47,6.461271388347412
20230815093918600,6.46,6.47,6.461271388347412
20230815093920490,6.46,6.47,6.461271388347412
20230815093920550,6.46,6.47,6.461271388347412
20230815093920560,6.46,6.47,6.461271388347412
20230815093920910,6.46,6.47,6.461316810344828
20230815093921070,6.46,6.47,6.461316810344828
20230815093921230,6.46,6.47,6.46133920894239
20230815093921270,6.46,6.47,6.461381818181819
20230815093922820,6.46,6.47,6.461488728200766
20230815093923070,6.46,6.47,6.461492664256857
20230815093923170,6.46,6.47,6.461492664256857
20230815093923190,6.46,6.47,6.461492664256857
20230815093923200,6.46,6.47,6.461492664256857
20230815093923800,6.46,6.47,6.461492664256857
20230815093923970,6.46,6.47,6.461492664256857
20230815093926150,6.46,6.47,6.461492664256857
20230815093926280,6.46,6.47,6.461492664256857
20230815093926770,6.46,6.47,6.461492664256857
20230815093928700,6.46,6.47,6.461492664256857
20230815093930930,6.46,6.47,6.461492664256857
20230815093931080,6.46,6.47,6.461492664256857
20230815093931160,6.46,6.47,6.461492664256857
20230815093932000,6.46,6.47,6.461492664256857
20230815093933680,6.46,6.47,6.461492664256857
20230815093933910,6.46,6.47,6.461492664256857
20230815093934490,6.46,6.47,6.461492664256857
20230815093936460,6.46,6.47,6.461492664256857
20230815093936470,6.46,6.47,6.461492664256857
20230815093936780,6.46,6.47,6.461492664256857
20230815093936880,6.46,6.47,6.461492664256857
20230815093937080,6.46,6.48,6.461557342361405
20230815093937180,6.46,6.48,6.461557342361405
20230815093937190,6.46,6.48,6.461557342361405
20230815093937260,6.46,6.48,6.461557342361405
20230815093937480,6.46,6.48,6.461557342361405
20230815093940100,6.46,6.48,6.461569042080778
20230815093940190,6.46,6.48,6.461569042080778
20230815093940200,6.46,6.48,6.461569042080778
20230815093942130,6.46,6.48,6.461569042080778
20230815093942540,6.46,6.47,6.461572938689217
20230815093944420,6.46,6.47,6.461582840236686
20230815093944890,6.46,6.47,6.461582840236686
20230815093945080,6.46,6.47,6.461582840236686
20230815093945090,6.46,6.47,6.461582840236686
20230815093945310,6.46,6.47,6.461582840236686
20230815093945350,6.46,6.48,6.461582840236686
20230815093945550,6.46,6.48,6.461582840236686
20230815093947390,6.46,6.48,6.461582840236686
20230815093947580,6.46,6.48,6.461582840236686
20230815093947590,6.46,6.48,6.461582840236686
20230815093953200,6.46,6.48,6.461582840236686
20230815093957980,6.46,6.48,6.461582840236686
20230815093958030,6.46,6.48,6.461582840236686
20230815093958080,6.46,6.48,6.461582840236686
20230815093958160,6.46,6.48,6.461582840236686
20230815093958390,6.46,6.48,6.461582840236686
20230815094000780,6.46,6.48,6.461582840236686
20230815094001080,6.46,6.48,6.461754787676936
20230815094001090,6.46,6.48,6.461754787676936
20230815094001100,6.46,6.48,6.461754787676936
20230815094001220,6.46,6.48,6.461754787676936
20230815094001230,6.46,6.48,6.461754787676936
20230815094001510,6.46,6.48,6.461754787676936
20230815094001780,6.46,6.48,6.461754787676936
20230815094001830,6.46,6.48,6.461754787676936
20230815094003380,6.46,6.47,6.461754787676936
20230815094003580,6.46,6.47,6.461754787676936
20230815094004110,6.46,6.47,6.461754787676936
20230815094004270,6.46,6.47,6.461754787676936
20230815094006280,6.46,6.47,6.461754787676936
20230815094006550,6.46,6.47,6.461754787676936
20230815094006800,6.46,6.47,6.461754787676936
20230815094008860,6.46,6.47,6.461754787676936
20230815094008970,6.46,6.47,6.461754787676936
20230815094009550,6.46,6.47,6.461754787676936
20230815094009640,6.46,6.47,6.461754787676936
20230815094011520,6.46,6.47,6.461754787676936
20230815094011740,6.46,6.47,6.461754787676936
20230815094012220,6.46,6.47,6.461754787676936
20230815094012250,6.46,6.47,6.461754787676936
20230815094012660,6.46,6.47,6.461754787676936
20230815094014170,6.46,6.48,6.462248389694042
20230815094014200,6.46,6.48,6.462259102796218
20230815094014250,6.46,6.48,6.462266237683491
20230815094015010,6.46,6.48,6.462291164658635
20230815094015020,6.46,6.48,6.462291164658635
20230815094015040,6.46,6.48,6.462291164658635
20230815094015070,6.46,6.48,6.462291164658635
20230815094015110,6.46,6.48,6.462291164658635
20230815094015230,6.46,6.48,6.462291164658635
20230815094017240,6.46,6.48,6.462291164658635
20230815094017410,6.46,6.48,6.462291164658635
20230815094017820,6.46,6.48,6.462301826209111
20230815094019850,6.46,6.48,6.462301826209111
20230815094020040,6.46,6.48,6.462301826209111
20230815094020230,6.46,6.48,6.462301826209111
20230815094020490,6.46,6.48,6.462320176317371
20230815094022200,6.46,6.48,6.462320176317371
20230815094022980,6.46,6.48,6.462320176317371
20230815094023200,6.46,6.48,6.462320176317371
20230815094023210,6.46,6.48,6.462320176317371
20230815094025150,6.46,6.48,6.462320176317371
20230815094025210,6.46,6.48,6.462320176317371
20230815094028280,6.46,6.48,6.462320176317371
20230815094030510,6.46,6.48,6.462320176317371
20230815094030670,6.46,6.48,6.462320176317371
20230815094031380,6.46,6.48,6.462320176317371
20230815094033450,6.46,6.48,6.462320176317371
20230815094034060,6.46,6.48,6.462320176317371
20230815094034100,6.46,6.48,6.462320176317371
20230815094034120,6.46,6.48,6.462320176317371
20230815094036190,6.46,6.48,6.462320176317371
20230815094036270,6.46,6.48,6.462320176317371
20230815094039090,6.46,6.48,6.462320176317371
20230815094039130,6.46,6.48,6.462320176317371
20230815094039280,6.46,6.48,6.462320176317371
20230815094039360,6.46,6.48,6.462359393697646
20230815094041290,6.46,6.48,6.462359393697646
20230815094041430,6.46,6.48,6.462359393697646
20230815094041960,6.46,6.48,6.462359393697646
20230815094042200,6.46,6.48,6.462415026833631
20230815094042230,6.46,6.48,6.462415026833631
20230815094044310,6.46,6.48,6.462415026833631
20230815094044530,6.46,6.48,6.462415026833631
20230815094044550,6.46,6.48,6.462415026833631
20230815094044700,6.46,6.48,6.462415026833631
20230815094046750,6.46,6.48,6.462415026833631
20230815094047030,6.46,6.48,6.462415026833631
20230815094049450,6.46,6.48,6.462415026833631
20230815094049600,6.46,6.48,6.462415026833631
20230815094049910,6.46,6.48,6.462450960966911
20230815094050300,6.46,6.48,6.462450960966911
20230815094052160,6.46,6.48,6.46253401695918
20230815094053150,6.46,6.48,6.46253401695918
20230815094054660,6.46,6.48,6.46253401695918
20230815094055080,6.46,6.48,6.46253401695918
20230815094055160,6.46,6.48,6.46253401695918
20230815094055200,6.46,6.48,6.46253401695918
20230815094055290,6.46,6.48,6.46253401695918
20230815094057840,6.46,6.48,6.46253401695918
20230815094058150,6.46,6.48,6.46253401695918
20230815094100690,6.46,6.48,6.462598903251077
20230815094103480,6.46,6.48,6.462602310554141
20230815094106150,6.46,6.48,6.462605716523101
20230815094106190,6.46,6.48,6.462605716523101
20230815094111490,6.46,6.48,6.462605716523101
20230815094111780,6.46,6.48,6.462605716523101
20230815094112000,6.46,6.47,6.462605716523101
20230815094112010,6.46,6.47,6.462605716523101
20230815094112040,6.46,6.47,6.462605716523101
20230815094113510,6.46,6.47,6.462605716523101
20230815094113570,6.46,6.47,6.462605716523101
20230815094113910,6.46,6.47,6.462605716523101
20230815094114020,6.46,6.47,6.462605716523101
20230815094114090,6.46,6.47,6.462605716523101
20230815094114100,6.46,6.47,6.462605716523101
20230815094114120,6.46,6.47,6.462605716523101
20230815094114130,6.46,6.47,6.462694390715667
20230815094114140,6.46,6.47,6.4626986274888845
20230815094116490,6.48,6.47,6.462775211701309
20230815094116760,6.48,6.47,6.462775211701309
20230815094116830,6.48,6.47,6.462778526072734
20230815094119440,6.48,6.47,6.462778526072734
20230815094119450,6.48,6.47,6.462778526072734
20230815094120090,6.48,6.47,6.462778526072734
20230815094120100,6.48,6.47,6.462968601332065
20230815094121620,6.48,6.47,6.462968601332065
20230815094121700,6.48,6.47,6.462968601332065
20230815094121770,6.48,6.47,6.462968601332065
20230815094122000,6.48,6.47,6.462968601332065
20230815094122540,6.48,6.47,6.462968601332065
20230815094125210,6.48,6.47,6.462968601332065
20230815094125310,6.48,6.47,6.462968601332065
20230815094125390,6.48,6.47,6.462968601332065
20230815094127610,6.48,6.47,6.462968601332065
20230815094127630,6.48,6.47,6.462968601332065
20230815094128170,6.48,6.47,6.462968601332065
20230815094129960,6.48,6.47,6.462968601332065
20230815094130360,6.48,6.47,6.462968601332065
20230815094132940,6.48,6.47,6.462968601332065
20230815094133440,6.48,6.47,6.462968601332065
20230815094135510,6.48,6.47,6.462968601332065
20230815094135530,6.48,6.47,6.462968601332065
20230815094135560,6.48,6.47,6.462968601332065
20230815094135640,6.48,6.47,6.462968601332065
20230815094138200,6.48,6.47,6.462968601332065
20230815094138240,6.48,6.47,6.462968601332065
20230815094138670,6.48,6.47,6.462968601332065
20230815094138750,6.48,6.47,6.462968601332065
20230815094140680,6.48,6.47,6.462968601332065
20230815094141320,6.48,6.47,6.462968601332065
20230815094143200,6.48,6.47,6.462968601332065
20230815094145900,6.47,6.47,6.462968601332065
20230815094145910,6.47,6.47,6.462968601332065
20230815094146010,6.47,6.47,6.462968601332065
20230815094146070,6.47,6.47,6.462968601332065
20230815094146080,6.47,6.47,6.462968601332065
20230815094146110,6.47,6.47,6.462968601332065
20230815094146120,6.47,6.47,6.462968601332065
20230815094146130,6.47,6.47,6.463143228682891
20230815094146200,6.47,6.47,6.463610870694132
20230815094146210,6.47,6.47,6.463620808848946
20230815094146310,6.47,6.47,6.463626316698325
20230815094146320,6.47,6.47,6.463627417127072
20230815094146410,6.47,6.47,6.463628517175902
20230815094146670,6.47,6.46,6.46367003944435
20230815094146730,6.47,6.46,6.463672209840563
20230815094146750,6.47,6.46,6.463678712108238
20230815094146790,6.47,6.46,6.463678712108238
20230815094146830,6.47,6.46,6.463678712108238
20230815094147010,6.47,6.46,6.463678712108238
20230815094147020,6.47,6.47,6.463684120465435
20230815094147140,6.47,6.47,6.463686281217927
20230815094149020,6.47,6.47,6.463686281217927
20230815094149130,6.47,6.46,6.463686281217927
20230815094149230,6.47,6.46,6.463686281217927
20230815094149240,6.47,6.46,6.463686281217927
20230815094149340,6.47,6.46,6.463686281217927
20230815094149510,6.47,6.46,6.463686281217927
20230815094149540,6.47,6.46,6.4636959863364645
20230815094149690,6.47,6.46,6.4636959863364645
20230815094151390,6.47,6.46,6.463688426793932
20230815094151570,6.47,6.46,6.463688426793932
20230815094151770,6.47,6.46,6.463688426793932
20230815094152190,6.47,6.46,6.463688426793932
20230815094154090,6.47,6.46,6.463688426793932
20230815094155020,6.47,6.46,6.463688426793932
20230815094155130,6.47,6.46,6.46372565622354
20230815094155170,6.47,6.46,6.46372565622354
20230815094155210,6.47,6.46,6.46372565622354
20230815094157640,6.47,6.46,6.46372565622354
20230815094200370,6.47,6.46,6.46372565622354
20230815094200490,6.47,6.46,6.46372565622354
20230815094200520,6.47,6.46,6.46372565622354
20230815094200590,6.47,6.46,6.46372565622354
20230815094200600,6.47,6.46,6.46372565622354
20230815094205760,6.47,6.46,6.46372565622354
20230815094207600,6.47,6.46,6.46372565622354
20230815094208200,6.47,6.46,6.46372565622354
20230815094208740,6.47,6.46,6.46372565622354
20230815094210200,6.47,6.46,6.46372565622354
20230815094211030,6.47,6.46,6.46372565622354
20230815094211070,6.47,6.46,6.4637155885830095
20230815094213070,6.47,6.46,6.4637155885830095
20230815094213180,6.47,6.46,6.4637155885830095
20230815094213270,6.47,6.46,6.4637155885830095
20230815094213620,6.47,6.46,6.463719831223629
20230815094213930,6.47,6.46,6.463719203509956
20230815094214050,6.47,6.46,6.463719203509956
20230815094214100,6.47,6.46,6.463719203509956
20230815094216530,6.47,6.46,6.463719203509956
20230815094218370,6.47,6.46,6.4637029569892475
20230815094219250,6.47,6.46,6.4637029569892475
20230815094219440,6.47,6.46,6.4637029569892475
20230815094222110,6.47,6.46,6.4637029569892475
20230815094224330,6.47,6.46,6.4637029569892475
20230815094224390,6.47,6.46,6.463672109296901
20230815094224450,6.47,6.46,6.463672109296901
20230815094224710,6.47,6.46,6.463672109296901
20230815094224750,6.47,6.46,6.463672109296901
20230815094224810,6.47,6.46,6.463672109296901
20230815094224830,6.47,6.46,6.463672109296901
20230815094224840,6.47,6.46,6.463701986754967
20230815094226480,6.47,6.46,6.463701986754967
20230815094226980,6.47,6.46,6.463688551633124
20230815094227220,6.47,6.46,6.463688551633124
20230815094227390,6.47,6.46,6.463681264405664
20230815094230040,6.47,6.46,6.463682304526749
20230815094230350,6.47,6.46,6.463685422836459
20230815094232290,6.47,6.46,6.463685422836459
20230815094232310,6.47,6.46,6.463685422836459
20230815094232820,6.47,6.46,6.463732854343566
20230815094233040,6.47,6.46,6.463732854343566
20230815094237200,6.47,6.46,6.463732854343566
20230815094237400,6.47,6.46,6.463732854343566
20230815094237680,6.47,6.46,6.463732854343566
20230815094238230,6.47,6.46,6.463732854343566
20230815094238250,6.47,6.46,6.463732854343566
20230815094240100,6.47,6.46,6.463732854343566
20230815094242710,6.47,6.46,6.463732854343566
20230815094242820,6.47,6.46,6.463732854343566
20230815094242990,6.48,6.46,6.463817453963171
20230815094243030,6.48,6.47,6.463826351135274
20230815094243040,6.48,6.47,6.463833253473886
20230815094243070,6.48,6.46,6.463858756163512
20230815094243080,6.47,6.46,6.463858756163512
20230815094243180,6.47,6.46,6.463858756163512
20230815094243200,6.47,6.46,6.463858756163512
20230815094243310,6.47,6.46,6.463849936548224
20230815094243440,6.47,6.46,6.463850911974624
20230815094243610,6.47,6.46,6.463850911974624
20230815094243710,6.47,6.46,6.463850911974624
20230815094245880,6.47,6.46,6.463850911974624
20230815094245960,6.47,6.46,6.463827841715276
20230815094246100,6.47,6.46,6.463827841715276
20230815094246150,6.47,6.46,6.463827841715276
20230815094246410,6.47,6.46,6.463829787234043
20230815094248310,6.47,6.46,6.463831731526706
20230815094248750,6.47,6.46,6.463831731526706
20230815094249060,6.47,6.46,6.463831731526706
20230815094251560,6.47,6.46,6.463831731526706
20230815094251650,6.47,6.46,6.463831731526706
20230815094251770,6.47,6.46,6.463831731526706
20230815094256940,6.47,6.46,6.463831731526706
20230815094259230,6.48,6.46,6.463831731526706
20230815094259560,6.48,6.46,6.463831731526706
20230815094304830,6.48,6.46,6.463831731526706
20230815094304990,6.48,6.46,6.463831731526706
20230815094305050,6.48,6.46,6.463831731526706
20230815094305430,6.48,6.46,6.463831731526706
20230815094305440,6.48,6.46,6.463831731526706
20230815094307100,6.48,6.46,6.463831731526706
20230815094307290,6.48,6.46,6.463831731526706
20230815094307900,6.48,6.46,6.463831731526706
20230815094307910,6.48,6.47,6.463831731526706
20230815094307930,6.48,6.47,6.463831731526706
20230815094309780,6.48,6.47,6.463831731526706
20230815094310080,6.48,6.47,6.463831731526706
20230815094310180,6.48,6.47,6.463831731526706
20230815094310490,6.48,6.47,6.463831731526706
20230815094312480,6.48,6.47,6.463831731526706
20230815094313080,6.48,6.47,6.463831731526706
20230815094313160,6.48,6.47,6.463831731526706
20230815094313180,6.48,6.47,6.463831731526706
20230815094313400,6.48,6.47,6.463831731526706
20230815094315070,6.48,6.47,6.463831731526706
20230815094315100,6.48,6.47,6.463831731526706
20230815094315350,6.48,6.47,6.463831731526706
20230815094315690,6.48,6.47,6.463831731526706
20230815094316110,6.48,6.47,6.463831731526706
20230815094317750,6.48,6.47,6.463831731526706
20230815094318290,6.48,6.47,6.463831731526706
20230815094320520,6.48,6.47,6.463831731526706
20230815094320550,6.48,6.47,6.463831731526706
20230815094323200,6.48,6.47,6.463831731526706
20230815094323280,6.48,6.47,6.463831731526706
20230815094323340,6.48,6.47,6.463831731526706
20230815094323980,6.48,6.47,6.463831731526706
20230815094324000,6.48,6.47,6.463831731526706
20230815094324220,6.48,6.47,6.463831731526706
20230815094324330,6.48,6.47,6.463831731526706
20230815094326060,6.48,6.47,6.463927572272303
20230815094331230,6.48,6.47,6.463927572272303
20230815094331550,6.48,6.47,6.463927572272303
20230815094332270,6.48,6.47,6.463938876822836
20230815094332340,6.48,6.47,6.463938876822836
20230815094334130,6.48,6.47,6.463938876822836
20230815094334470,6.48,6.47,6.463938876822836
20230815094334690,6.48,6.47,6.463938876822836
20230815094335100,6.48,6.47,6.463938876822836
20230815094337270,6.48,6.47,6.463938876822836
20230815094337470,6.48,6.47,6.463977448254557
20230815094337770,6.48,6.47,6.463977448254557
20230815094339550,6.48,6.47,6.463977448254557
20230815094340210,6.48,6.47,6.463977448254557
20230815094340230,6.48,6.47,6.463977448254557
20230815094342440,6.48,6.47,6.463977448254557
20230815094342950,6.48,6.47,6.463977448254557
20230815094343080,6.48,6.47,6.463977448254557
20230815094343180,6.48,6.47,6.463977448254557
20230815094343190,6.48,6.47,6.463977448254557
20230815094343210,6.48,6.47,6.463977448254557
20230815094344740,6.48,6.47,6.463977448254557
20230815094344860,6.48,6.47,6.463977448254557
20230815094345040,6.48,6.47,6.463977448254557
20230815094345440,6.48,6.47,6.463977448254557
20230815094347450,6.48,6.47,6.463984869538367
20230815094348170,6.48,6.47,6.463984869538367
20230815094350360,6.48,6.47,6.463984869538367
20230815094353200,6.48,6.47,6.463984869538367
20230815094353300,6.48,6.47,6.463984869538367
20230815094356270,6.48,6.47,6.463984869538367
20230815094358270,6.48,6.47,6.463984869538367
20230815094358350,6.48,6.47,6.463984869538367
20230815094401860,6.48,6.47,6.463984869538367
20230815094401930,6.48,6.47,6.463984869538367
20230815094403820,6.48,6.47,6.463984869538367
20230815094406340,6.48,6.47,6.463984869538367
20230815094407280,6.48,6.47,6.463984869538367
20230815094409640,6.48,6.47,6.463984869538367
20230815094410180,6.48,6.47,6.463984869538367
20230815094412870,6.48,6.47,6.463984869538367
20230815094414480,6.48,6.47,6.463984869538367
20230815094415100,6.48,6.47,6.463984869538367
20230815094417370,6.48,6.47,6.463984869538367
20230815094420420,6.48,6.47,6.463984869538367
20230815094420950,6.48,6.47,6.464007997539219
20230815094422480,6.48,6.47,6.464007997539219
20230815094422590,6.48,6.47,6.464007997539219
20230815094422660,6.48,6.47,6.464007997539219
20230815094423250,6.48,6.47,6.464007997539219
20230815094423410,6.48,6.47,6.464019035922628
20230815094423560,6.48,6.47,6.464019035922628
20230815094425220,6.48,6.47,6.464019035922628
20230815094425340,6.48,6.47,6.464037343128252
20230815094425610,6.48,6.47,6.464037343128252
20230815094426030,6.48,6.47,6.464040991128786
20230815094428290,6.48,6.47,6.464040991128786
20230815094431440,6.48,6.47,6.464040991128786
20230815094434510,6.48,6.47,6.464040991128786
20230815094436140,6.48,6.47,6.464041902431564
20230815094437030,6.48,6.47,6.4640437242011926
20230815094437060,6.48,6.47,6.4640437242011926
20230815094437080,6.48,6.47,6.4640437242011926
20230815094438730,6.48,6.47,6.4640437242011926
20230815094439200,6.48,6.47,6.464050091631032
20230815094439260,6.48,6.47,6.464050091631032
20230815094439810,6.48,6.47,6.464109609837559
20230815094441510,6.48,6.47,6.464109609837559
20230815094442100,6.48,6.47,6.464109609837559
20230815094442320,6.48,6.47,6.464109609837559
20230815094444080,6.48,6.47,6.464109609837559
20230815094444950,6.48,6.47,6.464109609837559
20230815094447320,6.48,6.47,6.464109609837559
20230815094447620,6.48,6.47,6.464142360586369
20230815094447690,6.48,6.47,6.464142360586369
20230815094449800,6.48,6.47,6.464142360586369
20230815094450230,6.48,6.47,6.464142360586369
20230815094452570,6.48,6.47,6.464142360586369
20230815094452890,6.48,6.47,6.464142360586369
20230815094453210,6.48,6.47,6.464142360586369
20230815094455070,6.48,6.47,6.464142360586369
20230815094455080,6.48,6.47,6.464142360586369
20230815094455210,6.48,6.47,6.464142360586369
20230815094455220,6.48,6.47,6.464142360586369
20230815094455270,6.48,6.47,6.464142360586369
20230815094455380,6.48,6.47,6.464142360586369
20230815094457800,6.48,6.47,6.464142360586369
20230815094458070,6.48,6.47,6.464268815614372
20230815094458080,6.48,6.46,6.464268815614372
20230815094458100,6.48,6.46,6.464268815614372
20230815094458110,6.48,6.46,6.464268815614372
20230815094458120,6.48,6.46,6.464268815614372
20230815094458160,6.48,6.46,6.464268815614372
20230815094458190,6.48,6.46,6.464268815614372
20230815094458210,6.48,6.46,6.464268815614372
20230815094458710,6.48,6.46,6.464268815614372
20230815094458740,6.48,6.46,6.464268815614372
20230815094501080,6.48,6.46,6.464268815614372
20230815094501130,6.48,6.46,6.464357590783141
20230815094501150,6.48,6.46,6.464357590783141
20230815094503430,6.48,6.46,6.464357590783141
20230815094506150,6.48,6.46,6.464357590783141
20230815094506180,6.48,6.47,6.464357590783141
20230815094513840,6.48,6.47,6.464391519024107
20230815094513980,6.48,6.47,6.464391519024107
20230815094514000,6.48,6.47,6.464392333381734
20230815094514010,6.48,6.46,6.464397214565501
20230815094514020,6.48,6.46,6.464397214565501
20230815094514630,6.48,6.46,6.464397214565501
20230815094514640,6.48,6.47,6.464397214565501
20230815094514750,6.48,6.47,6.464397214565501
20230815094516720,6.48,6.47,6.464397214565501
20230815094517130,6.48,6.47,6.464397214565501
20230815094517180,6.48,6.47,6.464397214565501
20230815094517500,6.48,6.47,6.464468023675472
20230815094521910,6.48,6.47,6.464468023675472
20230815094521920,6.48,6.47,6.464468023675472
20230815094522080,6.48,6.47,6.464468023675472
20230815094525080,6.48,6.47,6.464472506855246
20230815094525200,6.48,6.47,6.464472506855246
20230815094525230,6.48,6.47,6.464472506855246
20230815094527450,6.48,6.47,6.464491586365598
20230815094527800,6.48,6.47,6.464491586365598
20230815094528250,6.48,6.47,6.464491586365598
20230815094528310,6.48,6.47,6.4644923784872015
20230815094530520,6.48,6.47,6.464494608195543
20230815094530670,6.48,6.47,6.464494608195543
20230815094533560,6.48,6.47,6.464496837262795
20230815094535550,6.48,6.47,6.464496837262795
20230815094536560,6.48,6.47,6.464496837262795
20230815094538090,6.48,6.47,6.464496837262795
20230815094541640,6.48,6.47,6.464496837262795
20230815094543780,6.48,6.47,6.464507890961262
20230815094546350,6.48,6.47,6.464507890961262
20230815094546420,6.48,6.47,6.464507890961262
20230815094546460,6.48,6.47,6.464507890961262
20230815094547100,6.48,6.47,6.464545584657221
20230815094549080,6.48,6.47,6.464545584657221
20230815094549720,6.48,6.47,6.464545584657221
20230815094552270,6.48,6.47,6.464545584657221
20230815094552430,6.48,6.47,6.464545584657221
20230815094554840,6.48,6.47,6.464545584657221
20230815094555080,6.48,6.47,6.464545584657221
20230815094555210,6.48,6.47,6.464548705478473
20230815094555360,6.48,6.47,6.464565806359618
20230815094558120,6.48,6.47,6.464565806359618
20230815094558200,6.48,6.47,6.464565806359618
20230815094559730,6.48,6.47,6.464565806359618
20230815094600170,6.48,6.47,6.46462063086104
20230815094600190,6.48,6.47,6.46462063086104
20230815094600290,6.48,6.47,6.46462063086104
20230815094600310,6.48,6.47,6.46462063086104
20230815094602450,6.48,6.47,6.464696734059098
20230815094603260,6.48,6.47,6.464696734059098
20230815094605070,6.48,6.47,6.464696734059098
20230815094608540,6.48,6.47,6.464711687579303
20230815094609000,6.48,6.47,6.464711687579303
20230815094611130,6.48,6.47,6.464711687579303
20230815094611490,6.48,6.47,6.464731061672769
20230815094611600,6.48,6.47,6.464731061672769
20230815094613330,6.48,6.47,6.464731061672769
20230815094614090,6.48,6.47,6.464739949395558
20230815094615860,6.48,6.47,6.464739949395558
20230815094616560,6.48,6.47,6.464739949395558
20230815094616910,6.48,6.47,6.464739949395558
20230815094618910,6.48,6.47,6.464739949395558
20230815094619450,6.48,6.47,6.464739949395558
20230815094619640,6.48,6.47,6.464739949395558
20230815094622100,6.48,6.47,6.464739949395558
20230815094622130,6.48,6.47,6.464739949395558
20230815094622170,6.48,6.47,6.464739949395558
20230815094622380,6.48,6.47,6.464739949395558
20230815094624050,6.48,6.47,6.464739949395558
20230815094625100,6.48,6.47,6.464739949395558
20230815094625200,6.48,6.47,6.464739949395558
20230815094629550,6.48,6.47,6.464893675780171
20230815094629680,6.48,6.47,6.464893675780171
20230815094629960,6.48,6.47,6.464893675780171
20230815094632880,6.48,6.47,6.464893675780171
20230815094634930,6.48,6.47,6.464893675780171
20230815094634950,6.48,6.47,6.464893675780171
20230815094635050,6.48,6.47,6.4648999309868875
20230815094637900,6.48,6.47,6.4648999309868875
20230815094637980,6.48,6.47,6.4648999309868875
20230815094638010,6.48,6.47,6.464900634833011
20230815094640450,6.48,6.47,6.464900634833011
20230815094640500,6.48,6.47,6.464900634833011
20230815094641170,6.48,6.47,6.46490271836622
20230815094641300,6.48,6.47,6.46490271836622
20230815094642860,6.48,6.47,6.46490271836622
20230815094643700,6.48,6.47,6.46490271836622
20230815094644060,6.48,6.47,6.46490271836622
20230815094646670,6.48,6.47,6.46490271836622
20230815094646810,6.48,6.47,6.46490271836622
20230815094648430,6.48,6.47,6.46490271836622
20230815094649370,6.48,6.47,6.46490271836622
20230815094651680,6.48,6.47,6.46490271836622
20230815094654870,6.48,6.47,6.46490271836622
20230815094657570,6.48,6.47,6.46490271836622
20230815094702350,6.48,6.47,6.46490271836622
20230815094702440,6.48,6.47,6.46490271836622
20230815094702760,6.48,6.47,6.46490271836622
20230815094702780,6.48,6.47,6.46490271836622
20230815094705410,6.48,6.47,6.46490271836622
20230815094705470,6.48,6.47,6.46490271836622
20230815094705520,6.48,6.47,6.46490271836622
20230815094705550,6.48,6.47,6.46490271836622
20230815094705580,6.48,6.47,6.46490271836622
20230815094708050,6.48,6.47,6.46490271836622
20230815094713000,6.48,6.47,6.46490271836622
20230815094713010,6.48,6.47,6.46490271836622
20230815094713020,6.48,6.47,6.46490271836622
20230815094713160,6.48,6.47,6.46490271836622
20230815094713640,6.48,6.47,6.46490271836622
20230815094715310,6.48,6.47,6.464991865509761
20230815094715390,6.48,6.47,6.464991865509761
20230815094715470,6.48,6.47,6.464991865509761
20230815094715620,6.48,6.47,6.464991865509761
20230815094716010,6.48,6.47,6.465010131027961
20230815094716020,6.48,6.47,6.465010131027961
20230815094716060,6.48,6.47,6.465010131027961
20230815094716070,6.48,6.47,6.465010131027961
20230815094716080,6.48,6.47,6.465010131027961
20230815094716090,6.48,6.47,6.465010131027961
20230815094716120,6.48,6.47,6.465010131027961
20230815094716230,6.48,6.47,6.465010131027961
20230815094716280,6.48,6.47,6.465010131027961
20230815094718200,6.48,6.47,6.465010131027961
20230815094718280,6.48,6.47,6.465010131027961
20230815094718290,6.48,6.47,6.465010131027961
20230815094718590,6.48,6.47,6.465076799786297
20230815094718950,6.48,6.47,6.465076799786297
20230815094719070,6.48,6.47,6.465163998950406
20230815094719080,6.48,6.47,6.465179809075455
20230815094719130,6.48,6.47,6.465181699346405
20230815094719140,6.48,6.47,6.465183588135372
20230815094720660,6.48,6.47,6.4651842174026655
20230815094721150,6.48,6.47,6.465184846505552
20230815094721700,6.47,6.47,6.4651854754440965
20230815094721710,6.47,6.47,6.465187989556136
20230815094721720,6.47,6.47,6.465187989556136
20230815094721730,6.47,6.47,6.465187989556136
20230815094721750,6.47,6.47,6.465187989556136
20230815094721810,6.47,6.47,6.465188617673933
20230815094721820,6.47,6.47,6.465189245627774
20230815094721900,6.47,6.47,6.465189245627774
20230815094723380,6.47,6.47,6.465189245627774
20230815094723730,6.48,6.47,6.465189245627774
20230815094724410,6.48,6.47,6.465189245627774
20230815094724420,6.48,6.47,6.465189245627774
20230815094724560,6.48,6.47,6.465189245627774
20230815094726090,6.47,6.47,6.465189245627774
20230815094726110,6.47,6.47,6.465189245627774
20230815094726210,6.47,6.47,6.465189245627774
20230815094726580,6.47,6.47,6.465189245627774
20230815094726820,6.47,6.47,6.465189245627774
20230815094726850,6.47,6.47,6.465189245627774
20230815094727290,6.47,6.47,6.465189245627774
20230815094728940,6.47,6.47,6.465189245627774
20230815094729190,6.47,6.47,6.465189245627774
20230815094729240,6.47,6.47,6.465189245627774
20230815094729420,6.47,6.47,6.465189245627774
20230815094729790,6.47,6.47,6.465189245627774
20230815094731460,6.47,6.47,6.465189245627774
20230815094731510,6.47,6.47,6.46517997677719
20230815094731540,6.47,6.47,6.46517997677719
20230815094731560,6.47,6.47,6.465155367231638
20230815094731570,6.47,6.47,6.465155367231638
20230815094732330,6.47,6.47,6.465155367231638
20230815094732340,6.47,6.47,6.465155367231638
20230815094732660,6.47,6.47,6.465155367231638
20230815094734290,6.47,6.47,6.465155367231638
20230815094734350,6.47,6.47,6.465155367231638
20230815094734660,6.47,6.47,6.465155367231638
20230815094734720,6.47,6.47,6.465155367231638
20230815094735270,6.47,6.47,6.465155367231638
20230815094736850,6.47,6.47,6.465155367231638
20230815094737030,6.47,6.47,6.465155367231638
20230815094737150,6.47,6.47,6.465155367231638
20230815094737280,6.47,6.47,6.465155367231638
20230815094737580,6.47,6.47,6.465155367231638
20230815094737890,6.47,6.47,6.465155367231638
20230815094739720,6.47,6.47,6.465155367231638
20230815094740290,6.47,6.47,6.465155367231638
20230815094740380,6.47,6.47,6.465155367231638
20230815094742600,6.47,6.47,6.465155367231638
20230815094742760,6.47,6.47,6.465155367231638
20230815094742800,6.47,6.47,6.465155367231638
20230815094742850,6.47,6.47,6.465155367231638
20230815094742980,6.47,6.47,6.465155367231638
20230815094743140,6.47,6.47,6.465155367231638
20230815094743180,6.47,6.47,6.465155367231638
20230815094743200,6.47,6.47,6.465155367231638
20230815094743240,6.47,6.47,6.465155367231638
20230815094745580,6.47,6.47,6.465155367231638
20230815094746090,6.47,6.47,6.465155367231638
20230815094746100,6.47,6.46,6.465155367231638
20230815094746170,6.47,6.46,6.465155367231638
20230815094748000,6.47,6.46,6.465155367231638
20230815094748600,6.47,6.46,6.465155367231638
20230815094751590,6.47,6.46,6.465155367231638
20230815094753210,6.47,6.46,6.465155367231638
20230815094753230,6.47,6.46,6.465155367231638
20230815094753780,6.47,6.46,6.46511875
20230815094753840,6.47,6.46,6.465122469382655
20230815094754130,6.47,6.46,6.465122469382655
20230815094754140,6.47,6.47,6.465122469382655
20230815094755920,6.47,6.47,6.465122469382655
20230815094756030,6.47,6.47,6.465122469382655
20230815094756090,6.47,6.47,6.465122469382655
20230815094756800,6.47,6.46,6.465122469382655
20230815094756810,6.47,6.47,6.465122469382655
20230815094758910,6.47,6.47,6.465122469382655
20230815094759280,6.47,6.46,6.465122469382655
20230815094759370,6.47,6.46,6.465151854617874
20230815094801170,6.47,6.46,6.465151854617874
20230815094801260,6.47,6.46,6.465151854617874
20230815094801620,6.47,6.47,6.465151854617874
20230815094801680,6.47,6.47,6.465151854617874
20230815094801790,6.47,6.47,6.465151854617874
20230815094801830,6.47,6.47,6.465151854617874
20230815094801910,6.47,6.47,6.465151854617874
20230815094802150,6.47,6.47,6.465151854617874
20230815094803990,6.47,6.47,6.465151854617874
20230815094804100,6.47,6.47,6.465180051973766
20230815094804170,6.47,6.47,6.46518719881379
20230815094804190,6.47,6.47,6.46518719881379
20230815094804770,6.47,6.47,6.46518719881379
20230815094804830,6.47,6.47,6.46518719881379
20230815094805000,6.47,6.47,6.46518719881379
20230815094805090,6.47,6.47,6.46518719881379
20230815094807040,6.47,6.47,6.465199654917427
20230815094807120,6.47,6.47,6.46520202020202
20230815094807130,6.47,6.47,6.46520202020202
20230815094807140,6.47,6.47,6.46520202020202
20230815094807160,6.47,6.47,6.465213811747358
20230815094807170,6.47,6.47,6.465213811747358
20230815094807220,6.47,6.47,6.465217925107428
20230815094807230,6.47,6.47,6.465217925107428
20230815094807300,6.47,6.47,6.465217925107428
20230815094807320,6.47,6.47,6.465217925107428
20230815094807520,6.47,6.47,6.465217925107428
20230815094809400,6.47,6.47,6.465217925107428
20230815094809500,6.47,6.47,6.465217925107428
20230815094809710,6.47,6.47,6.465217925107428
20230815094809800,6.47,6.47,6.465217925107428
20230815094810030,6.47,6.47,6.465217925107428
20230815094810070,6.47,6.47,6.465217925107428
20230815094810200,6.47,6.47,6.465217925107428
20230815094810250,6.47,6.47,6.465217925107428
20230815094812070,6.47,6.47,6.465217925107428
20230815094812240,6.47,6.46,6.465217925107428
20230815094812260,6.47,6.47,6.465217925107428
20230815094812290,6.47,6.47,6.465217925107428
20230815094812670,6.47,6.47,6.465217925107428
20230815094812760,6.47,6.47,6.465217925107428
20230815094813100,6.47,6.47,6.465217925107428
20230815094814790,6.47,6.47,6.465217925107428
20230815094815730,6.47,6.47,6.465217925107428
20230815094815830,6.47,6.47,6.465217925107428
20230815094817980,6.47,6.47,6.465217925107428
20230815094823050,6.47,6.47,6.465217925107428
20230815094823070,6.47,6.47,6.465217925107428
20230815094823100,6.47,6.47,6.465217925107428
20230815094823140,6.47,6.47,6.465217925107428
20230815094823280,6.47,6.47,6.465217925107428
20230815094823530,6.47,6.47,6.465217925107428
20230815094823590,6.47,6.47,6.465217925107428
20230815094823750,6.47,6.47,6.465217925107428
20230815094826070,6.47,6.47,6.465217925107428
20230815094831120,6.47,6.47,6.465217925107428
20230815094831260,6.47,6.47,6.465217925107428
20230815094836910,6.47,6.47,6.465217925107428
20230815094837000,6.47,6.47,6.465217925107428
20230815094837220,6.47,6.47,6.465217925107428
20230815094839680,6.47,6.47,6.465217925107428
20230815094841700,6.47,6.47,6.465217925107428
20230815094842130,6.47,6.47,6.4653140155189135
20230815094844680,6.47,6.47,6.4653140155189135
20230815094844710,6.47,6.47,6.4653140155189135
20230815094855220,6.47,6.47,6.4653140155189135
20230815094855270,6.47,6.47,6.4653140155189135
20230815094855520,6.47,6.47,6.4653140155189135
20230815094858270,6.47,6.47,6.4653140155189135
20230815094858980,6.47,6.47,6.4653140155189135
20230815094900990,6.47,6.47,6.465385542168675
20230815094901080,6.47,6.47,6.465385542168675
20230815094903530,6.47,6.47,6.465385542168675
20230815094904170,6.47,6.47,6.465385542168675
20230815094906140,6.47,6.47,6.465385542168675
20230815094906580,6.47,6.47,6.465385542168675
20230815094906610,6.48,6.47,6.46640215198386
20230815094906620,6.48,6.48,6.46640215198386
20230815094906660,6.48,6.48,6.46640215198386
20230815094906850,6.48,6.48,6.46640215198386
20230815094907080,6.48,6.48,6.46640215198386
20230815094907110,6.48,6.48,6.46640215198386
20230815094907140,6.48,6.48,6.46640215198386
20230815094907170,6.48,6.48,6.46640215198386
20230815094907200,6.48,6.48,6.46640215198386
20230815094909680,6.48,6.48,6.466413128710653
20230815094911390,6.48,6.48,6.466413128710653
20230815094911630,6.48,6.48,6.466413128710653
20230815094912170,6.48,6.48,6.466413128710653
20230815094914690,6.48,6.48,6.466413128710653
20230815094914890,6.48,6.48,6.466413128710653
20230815094914950,6.48,6.48,6.466413128710653
20230815094915030,6.48,6.48,6.466413128710653
20230815094920120,6.48,6.48,6.466413128710653
20230815094920140,6.48,6.48,6.466531431119037
20230815094920350,6.48,6.48,6.466531431119037
20230815094922170,6.48,6.48,6.466531431119037
20230815094923290,6.48,6.48,6.466531431119037
20230815094925210,6.48,6.48,6.466531431119037
20230815094925250,6.48,6.48,6.466531431119037
20230815094925320,6.48,6.48,6.466531431119037
20230815094925480,6.48,6.48,6.466531431119037
20230815094925590,6.48,6.48,6.466682170542636
20230815094928010,6.48,6.48,6.466682170542636
20230815094928040,6.48,6.48,6.466682170542636
20230815094928090,6.48,6.48,6.466682170542636
20230815094928460,6.48,6.48,6.466682170542636
20230815094930240,6.48,6.48,6.466682170542636
20230815094930900,6.48,6.48,6.466682170542636
20230815094931040,6.48,6.48,6.466682170542636
20230815094931070,6.48,6.48,6.4671071936932005
20230815094931080,6.48,6.48,6.467185792349727
20230815094931130,6.48,6.48,6.467185792349727
20230815094931140,6.48,6.48,6.467185792349727
20230815094931200,6.48,6.48,6.467185792349727
20230815094931210,6.48,6.48,6.467185792349727
20230815094931220,6.48,6.48,6.467185792349727
20230815094931290,6.48,6.48,6.467382659713168
20230815094931300,6.48,6.48,6.467396828844483
20230815094931330,6.48,6.48,6.467400369204039
20230815094931480,6.48,6.5,6.467418059474713
20230815094931490,6.48,6.5,6.467418059474713
20230815094934020,6.48,6.5,6.467499188048068
20230815094934030,6.48,6.5,6.467499188048068
20230815094934060,6.48,6.5,6.467568093385214
20230815094934070,6.48,6.5,6.467627630868861
20230815094934110,6.48,6.5,6.467627630868861
20230815094936260,6.48,6.5,6.467627630868861
20230815094938780,6.48,6.5,6.467627630868861
20230815094941030,6.48,6.5,6.467627630868861
20230815094941050,6.48,6.5,6.467627630868861
20230815094941110,6.48,6.5,6.467627630868861
20230815094941190,6.48,6.5,6.467627630868861
20230815094941700,6.48,6.5,6.467627630868861
20230815094941890,6.48,6.5,6.467627630868861
20230815094942070,6.48,6.5,6.467627630868861
20230815094943810,6.48,6.5,6.467627630868861
20230815094944040,6.48,6.5,6.467627630868861
20230815094944290,6.48,6.5,6.467627630868861
20230815094944530,6.48,6.5,6.467627630868861
20230815094946930,6.48,6.5,6.467627630868861
20230815094949280,6.48,6.5,6.467627630868861
20230815094949680,6.48,6.5,6.467627630868861
20230815094950170,6.48,6.5,6.467627630868861
20230815094950400,6.48,6.5,6.467627630868861
20230815094952000,6.48,6.49,6.467873138326369
20230815094954580,6.48,6.49,6.467873138326369
20230815094954650,6.48,6.49,6.467873138326369
20230815094954660,6.48,6.49,6.467873138326369
20230815094954700,6.48,6.49,6.467873138326369
20230815094954770,6.48,6.49,6.467873138326369
20230815094954800,6.48,6.49,6.467873138326369
20230815094955070,6.48,6.49,6.467873138326369
20230815094955080,6.48,6.49,6.467873138326369
20230815094955110,6.48,6.49,6.467873138326369
20230815094955120,6.48,6.49,6.467873138326369
20230815094955130,6.48,6.49,6.467873138326369
20230815094955140,6.48,6.49,6.467873138326369
20230815094955160,6.48,6.49,6.467873138326369
20230815094955170,6.48,6.49,6.467873138326369
20230815094955210,6.48,6.49,6.467873138326369
20230815094955220,6.48,6.49,6.467873138326369
20230815094955340,6.48,6.49,6.467873138326369
20230815094955350,6.48,6.49,6.467873138326369
20230815094955410,6.48,6.49,6.467873138326369
20230815094955420,6.48,6.49,6.467873138326369
20230815094957620,6.48,6.49,6.467873138326369
20230815094958250,6.48,6.49,6.467873138326369
20230815094958430,6.48,6.49,6.4679831394728415
20230815095000120,6.48,6.49,6.4679831394728415
20230815095000200,6.48,6.49,6.4679831394728415
20230815095000710,6.48,6.49,6.4679831394728415
20230815095000750,6.48,6.49,6.4679831394728415
20230815095001070,6.48,6.49,6.4679831394728415
20230815095001120,6.48,6.49,6.4679865556978235
20230815095002690,6.48,6.49,6.4679865556978235
20230815095002720,6.48,6.49,6.4679865556978235
20230815095003460,6.48,6.49,6.4679968
20230815095003510,6.48,6.49,6.468031948881789
20230815095003780,6.48,6.49,6.468031948881789
20230815095005550,6.48,6.49,6.468031948881789
20230815095005920,6.48,6.49,6.468031948881789
20230815095006240,6.48,6.49,6.468031948881789
20230815095006460,6.48,6.49,6.468031948881789
20230815095006520,6.48,6.49,6.468031948881789
20230815095006560,6.48,6.49,6.468031948881789
20230815095008130,6.48,6.49,6.468031948881789
20230815095008500,6.48,6.49,6.468031948881789
20230815095008860,6.48,6.49,6.468368809272919
20230815095008880,6.48,6.5,6.468560955173858
20230815095008890,6.48,6.5,6.468682316118936
20230815095008990,6.48,6.5,6.468682316118936
20230815095009000,6.48,6.49,6.468698644421272
20230815095010960,6.48,6.49,6.468698644421272
20230815095011000,6.48,6.49,6.468698644421272
20230815095011030,6.48,6.49,6.468698644421272
20230815095011060,6.48,6.49,6.468698644421272
20230815095011170,6.48,6.49,6.468698644421272
20230815095011280,6.48,6.49,6.468698644421272
20230815095011370,6.48,6.49,6.468698644421272
20230815095011450,6.48,6.49,6.468698644421272
20230815095011840,6.48,6.49,6.468698644421272
20230815095013580,6.48,6.49,6.468698644421272
20230815095013670,6.48,6.49,6.468698644421272
20230815095014250,6.48,6.49,6.468698644421272
20230815095016130,6.48,6.5,6.468698644421272
20230815095016140,6.48,6.5,6.468698644421272
20230815095016200,6.48,6.5,6.468698644421272
20230815095016250,6.48,6.5,6.468698644421272
20230815095016300,6.48,6.5,6.468698644421272
20230815095016510,6.48,6.5,6.468698644421272
20230815095016600,6.48,6.5,6.468698644421272
20230815095016770,6.48,6.5,6.468698644421272
20230815095019440,6.48,6.5,6.468698644421272
20230815095019690,6.48,6.5,6.468698644421272
20230815095019910,6.48,6.5,6.468698644421272
20230815095020060,6.48,6.5,6.468698644421272
20230815095022210,6.48,6.5,6.468698644421272
20230815095022480,6.48,6.5,6.468698644421272
20230815095022600,6.48,6.5,6.468698644421272
20230815095024540,6.48,6.5,6.468698644421272
20230815095024980,6.48,6.5,6.468698644421272
20230815095025210,6.48,6.5,6.468698644421272
20230815095025220,6.48,6.5,6.468698644421272
20230815095025240,6.48,6.5,6.468698644421272
20230815095025250,6.48,6.5,6.468698644421272
20230815095025320,6.48,6.5,6.468698644421272
20230815095025330,6.48,6.5,6.468698644421272
20230815095027430,6.48,6.5,6.468698644421272
20230815095027700,6.48,6.5,6.469219872716074
20230815095027730,6.48,6.5,6.469219872716074
20230815095027780,6.48,6.5,6.469219872716074
20230815095028130,6.48,6.5,6.469219872716074
20230815095029850,6.48,6.5,6.469267192784668
20230815095029990,6.48,6.5,6.469267192784668
20230815095030150,6.48,6.5,6.469267192784668
20230815095030370,6.48,6.5,6.469267192784668
20230815095030510,6.48,6.5,6.469267192784668
20230815095030580,6.48,6.5,6.469267192784668
20230815095030680,6.48,6.5,6.469267192784668
20230815095030700,6.48,6.5,6.469267192784668
20230815095032460,6.48,6.5,6.469408640588296
20230815095032670,6.48,6.5,6.469408640588296
20230815095032800,6.48,6.5,6.469445918367347
20230815095033170,6.48,6.5,6.469483285772523
20230815095033420,6.48,6.5,6.469483285772523
20230815095035070,6.48,6.55,6.469524536754225
20230815095035410,6.48,6.55,6.469524536754225
20230815095035640,6.48,6.55,6.469524536754225
20230815095038000,6.48,6.55,6.469524536754225
20230815095038030,6.48,6.55,6.469524536754225
20230815095038130,6.48,6.55,6.469524536754225
20230815095038200,6.48,6.55,6.469524536754225
20230815095040520,6.48,6.55,6.469524536754225
20230815095040960,6.48,6.55,6.469524536754225
20230815095041470,6.48,6.55,6.469524536754225
20230815095043310,6.48,6.55,6.469524536754225
20230815095043470,6.48,6.55,6.469524536754225
20230815095046090,6.48,6.55,6.469527639214089
20230815095046160,6.48,6.55,6.4695307410423455
20230815095046300,6.48,6.55,6.4695307410423455
20230815095046330,6.48,6.55,6.4695307410423455
20230815095046340,6.48,6.55,6.4695307410423455
20230815095046370,6.48,6.55,6.4695307410423455
20230815095046630,6.48,6.55,6.4695307410423455
20230815095048680,6.48,6.55,6.4695307410423455
20230815095049200,6.48,6.55,6.4695307410423455
20230815095049400,6.48,6.55,6.4695307410423455
20230815095049730,6.48,6.55,6.4695307410423455
20230815095051560,6.48,6.55,6.4695513277037335
20230815095052060,6.48,6.55,6.469604755131071
20230815095054080,6.48,6.5,6.469651009434919
20230815095054160,6.48,6.5,6.469651009434919
20230815095054610,6.48,6.5,6.469651009434919
20230815095054660,6.48,6.5,6.469651009434919
20230815095054680,6.48,6.5,6.469663320150087
20230815095055140,6.48,6.5,6.469663320150087
20230815095055180,6.48,6.5,6.469663320150087
20230815095056890,6.48,6.5,6.469663320150087
20230815095057200,6.48,6.5,6.469663320150087
20230815095057750,6.48,6.5,6.469663320150087
20230815095057810,6.48,6.5,6.469663320150087
20230815095059740,6.48,6.5,6.469834393618095
20230815095100000,6.48,6.5,6.469834393618095
20230815095100140,6.48,6.5,6.469834393618095
20230815095100250,6.48,6.5,6.469834393618095
20230815095100450,6.48,6.5,6.469834393618095
20230815095102180,6.48,6.5,6.469834393618095
20230815095102190,6.48,6.5,6.469834393618095
20230815095102320,6.48,6.5,6.469834393618095
20230815095104930,6.48,6.5,6.469854662898668
20230815095105050,6.48,6.5,6.469866814650389
20230815095105580,6.48,6.5,6.469866814650389
20230815095105730,6.48,6.5,6.469883005547151
20230815095105740,6.48,6.5,6.469907267412559
20230815095107490,6.48,6.5,6.469907267412559
20230815095108110,6.48,6.5,6.469907267412559
20230815095108200,6.48,6.5,6.469907267412559
20230815095108350,6.48,6.5,6.469907267412559
20230815095108640,6.48,6.5,6.469907267412559
20230815095110210,6.48,6.5,6.469907267412559
20230815095110300,6.48,6.5,6.469907267412559
20230815095110550,6.48,6.5,6.469907267412559
20230815095110990,6.48,6.5,6.46995269726248
20230815095113070,6.48,6.5,6.46995269726248
20230815095113120,6.48,6.5,6.470150969806038
20230815095113170,6.48,6.5,6.470150969806038
20230815095113180,6.48,6.5,6.470150969806038
20230815095113390,6.48,6.5,6.470150969806038
20230815095113880,6.48,6.5,6.47015992003998
20230815095115680,6.48,6.5,6.47015992003998
20230815095115690,6.48,6.5,6.47015992003998
20230815095115720,6.48,6.5,6.47015992003998
20230815095115800,6.48,6.5,6.47015992003998
20230815095116100,6.48,6.5,6.470317160469278
20230815095116160,6.48,6.5,6.470317160469278
20230815095116320,6.48,6.5,6.470317160469278
20230815095116370,6.48,6.5,6.470317160469278
20230815095116510,6.48,6.5,6.470317160469278
20230815095116520,6.48,6.5,6.470317160469278
20230815095119070,6.48,6.5,6.47039662865642
20230815095119080,6.5,6.49,6.470469831849654
20230815095119260,6.5,6.49,6.470469831849654
20230815095119460,6.5,6.49,6.470469831849654
20230815095121240,6.5,6.49,6.470469831849654
20230815095121290,6.5,6.5,6.470469831849654
20230815095121410,6.5,6.5,6.470469831849654
20230815095124160,6.5,6.5,6.470469831849654
20230815095124290,6.5,6.5,6.470469831849654
20230815095124560,6.5,6.5,6.470844257483859
20230815095124590,6.5,6.5,6.470844257483859
20230815095124620,6.5,6.5,6.470844257483859
20230815095126810,6.5,6.5,6.470844257483859
20230815095129320,6.5,6.5,6.470853789731051
20230815095129460,6.5,6.5,6.470853789731051
20230815095129510,6.51,6.5,6.470853789731051
20230815095129740,6.51,6.5,6.470853789731051
20230815095129850,6.51,6.5,6.470853789731051
20230815095130260,6.51,6.5,6.470853789731051
20230815095134600,6.51,6.5,6.470853789731051
20230815095134700,6.51,6.5,6.470853789731051
20230815095137150,6.51,6.5,6.470853789731051
20230815095137600,6.51,6.5,6.470853789731051
20230815095137610,6.51,6.5,6.470853789731051
20230815095137980,6.51,6.5,6.470853789731051
20230815095138210,6.51,6.5,6.470853789731051
20230815095138220,6.51,6.5,6.470853789731051
20230815095138320,6.51,6.5,6.470853789731051
20230815095140040,6.51,6.5,6.470853789731051
20230815095140050,6.51,6.5,6.470853789731051
20230815095140060,6.51,6.5,6.471106254856255
20230815095140070,6.51,6.5,6.471106254856255
20230815095140080,6.51,6.5,6.471137091297177
20230815095140190,6.51,6.5,6.471137091297177
20230815095140200,6.51,6.5,6.471137091297177
20230815095140250,6.51,6.5,6.471137091297177
20230815095140410,6.51,6.5,6.471137091297177
20230815095140430,6.51,6.5,6.471137091297177
20230815095140460,6.51,6.5,6.471137091297177
20230815095140470,6.51,6.5,6.471137091297177
20230815095140850,6.51,6.5,6.471137091297177
20230815095143160,6.51,6.5,6.471137091297177
20230815095143670,6.51,6.5,6.471137091297177
20230815095145460,6.51,6.5,6.471186046511628
20230815095145710,6.51,6.5,6.471186046511628
20230815095146090,6.51,6.5,6.471204842615012
20230815095148920,6.51,6.5,6.471204842615012
20230815095149060,6.51,6.5,6.471204842615012
20230815095150820,6.51,6.5,6.471204842615012
20230815095151100,6.51,6.5,6.471204842615012
20230815095151180,6.51,6.5,6.471204842615012
20230815095151290,6.51,6.5,6.471204842615012
20230815095153760,6.51,6.5,6.471204842615012
20230815095153910,6.51,6.5,6.471314213982232
20230815095154400,6.51,6.5,6.471314213982232
20230815095156020,6.51,6.5,6.471314213982232
20230815095156170,6.51,6.5,6.471314213982232
20230815095156860,6.51,6.5,6.471314213982232
20230815095159420,6.51,6.5,6.471314213982232
20230815095201570,6.51,6.5,6.471314213982232
20230815095202040,6.51,6.5,6.471314213982232
20230815095202140,6.51,6.5,6.471314213982232
20230815095204330,6.51,6.51,6.471314213982232
20230815095205320,6.51,6.51,6.471314213982232
20230815095207050,6.51,6.51,6.471314213982232
20230815095209530,6.51,6.51,6.471314213982232
20230815095210090,6.51,6.51,6.471314213982232
20230815095210210,6.51,6.51,6.471314213982232
20230815095210240,6.51,6.51,6.471314213982232
20230815095210340,6.51,6.51,6.471314213982232
20230815095210710,6.51,6.51,6.471314213982232
20230815095212890,6.51,6.51,6.471314213982232
20230815095213060,6.51,6.51,6.471314213982232
20230815095213070,6.51,6.51,6.471314213982232
20230815095215150,6.51,6.51,6.471314213982232
20230815095215380,6.51,6.51,6.471314213982232
20230815095217820,6.51,6.51,6.471314213982232
20230815095218500,6.51,6.51,6.471314213982232
20230815095220890,6.51,6.51,6.471314213982232
20230815095223060,6.51,6.51,6.471314213982232
20230815095223210,6.51,6.51,6.471314213982232
20230815095223280,6.51,6.51,6.471314213982232
20230815095223450,6.51,6.51,6.471314213982232
20230815095223510,6.51,6.51,6.471314213982232
20230815095223570,6.51,6.51,6.471314213982232
20230815095223990,6.51,6.51,6.471314213982232
20230815095224020,6.51,6.51,6.471314213982232
20230815095226660,6.51,6.51,6.471314213982232
20230815095228470,6.51,6.51,6.471314213982232
20230815095228480,6.51,6.51,6.471314213982232
20230815095228540,6.51,6.51,6.471314213982232
20230815095229540,6.51,6.51,6.471314213982232
20230815095229550,6.51,6.51,6.471908484270734
20230815095231160,6.51,6.51,6.471908484270734
20230815095231400,6.51,6.51,6.471908484270734
20230815095231520,6.51,6.51,6.471908484270734
20230815095231620,6.51,6.51,6.471908484270734
20230815095231650,6.51,6.51,6.471908484270734
20230815095233980,6.51,6.51,6.471908484270734
20230815095234080,6.51,6.51,6.471908484270734
20230815095234140,6.51,6.51,6.471908484270734
20230815095234410,6.51,6.51,6.471908484270734
20230815095236980,6.51,6.51,6.471908484270734
20230815095237040,6.51,6.51,6.471908484270734
20230815095237210,6.51,6.51,6.471908484270734
20230815095237450,6.51,6.51,6.471908484270734
20230815095240210,6.51,6.51,6.471908484270734
20230815095244740,6.51,6.51,6.471908484270734
20230815095245190,6.51,6.51,6.472031948274223
20230815095245390,6.51,6.51,6.472031948274223
20230815095245640,6.51,6.51,6.4721502418666415
20230815095247340,6.51,6.51,6.4721502418666415
20230815095247540,6.51,6.51,6.472159317211949
20230815095247700,6.51,6.51,6.472159317211949
20230815095247750,6.51,6.51,6.472159317211949
20230815095250020,6.51,6.51,6.472386835156545
20230815095250290,6.51,6.51,6.472386835156545
20230815095250580,6.51,6.51,6.472386835156545
20230815095253210,6.51,6.51,6.472386835156545
20230815095253250,6.51,6.51,6.472386835156545
20230815095255520,6.51,6.51,6.472386835156545
20230815095256010,6.51,6.51,6.472386835156545
20230815095256080,6.51,6.51,6.472386835156545
20230815095256110,6.51,6.51,6.472386835156545
20230815095256160,6.51,6.51,6.472386835156545
20230815095256330,6.51,6.51,6.472386835156545
20230815095256430,6.51,6.51,6.472386835156545
20230815095256480,6.51,6.51,6.472386835156545
20230815095258130,6.51,6.51,6.472386835156545
20230815095258140,6.51,6.51,6.472386835156545
20230815095258210,6.51,6.51,6.472386835156545
20230815095258220,6.51,6.51,6.472386835156545
20230815095258230,6.51,6.51,6.472386835156545
20230815095258290,6.51,6.51,6.472386835156545
20230815095258360,6.51,6.51,6.472386835156545
20230815095259100,6.51,6.51,6.472386835156545
20230815095259130,6.51,6.51,6.472386835156545
20230815095259280,6.51,6.51,6.472386835156545
20230815095301030,6.51,6.51,6.472386835156545
20230815095301380,6.51,6.51,6.472386835156545
20230815095301590,6.51,6.51,6.472386835156545
20230815095301630,6.54,6.51,6.477262651430535
20230815095301640,6.54,6.51,6.477262651430535
20230815095301650,6.53,6.53,6.48527795992714
20230815095301660,6.53,6.51,6.488320771372309
20230815095301670,6.53,6.51,6.4890137553418805
20230815095301680,6.53,6.51,6.4890137553418805
20230815095301740,6.53,6.51,6.4890137553418805
20230815095301750,6.53,6.52,6.4890137553418805
20230815095301960,6.53,6.52,6.489042695130086
20230815095301980,6.53,6.52,6.489042695130086
20230815095303600,6.53,6.52,6.489042695130086
20230815095303800,6.53,6.52,6.489042695130086
20230815095303990,6.53,6.52,6.489042695130086
20230815095304070,6.53,6.52,6.489042695130086
20230815095304090,6.53,6.51,6.489217247097844
20230815095304100,6.52,6.51,6.4892396924300675
20230815095304110,6.53,6.52,6.489255995759905
20230815095304160,6.53,6.52,6.489255995759905
20230815095304170,6.53,6.52,6.489255995759905
20230815095304260,6.53,6.52,6.489255995759905
20230815095304270,6.53,6.52,6.489255995759905
20230815095304550,6.53,6.52,6.489255995759905
20230815095304620,6.53,6.52,6.489255995759905
20230815095304660,6.53,6.52,6.489255995759905
20230815095304710,6.53,6.52,6.489255995759905
20230815095306300,6.53,6.52,6.489255995759905
20230815095306310,6.53,6.52,6.489255995759905
20230815095306360,6.53,6.52,6.489255995759905
20230815095306380,6.53,6.52,6.489255995759905
20230815095306430,6.53,6.52,6.489465568369028
20230815095306670,6.53,6.52,6.489465568369028
20230815095306680,6.53,6.52,6.489465568369028
20230815095306900,6.53,6.52,6.489505758473182
20230815095307050,6.53,6.52,6.489505758473182
20230815095307060,6.53,6.52,6.489505758473182
20230815095307070,6.52,6.52,6.493846588022803
20230815095307080,6.54,6.52,6.494199598124581
