Timestamp,ask1,bid1,VWAP
20230808093000080,6.14,7.5,0.0
20230808093000090,6.14,7.5,0.0
20230808093000100,6.14,7.5,0.0
20230808093000110,6.14,7.5,0.0
20230808093000120,6.14,7.5,0.0
20230808093000130,6.14,7.5,0.0
20230808093000140,6.14,7.5,0.0
20230808093000150,6.14,7.5,0.0
20230808093000160,6.14,7.5,0.0
20230808093000180,6.14,7.5,0.0
20230808093000190,6.14,7.5,0.0
20230808093000200,6.14,7.5,0.0
20230808093000460,6.14,7.5,0.0
20230808093000470,6.14,7.5,0.0
20230808093000480,6.14,7.5,0.0
20230808093000490,6.14,7.5,0.0
20230808093000520,6.14,7.5,0.0
20230808093000530,6.14,7.5,0.0
20230808093000560,6.14,7.5,0.0
20230808093000590,6.14,7.5,0.0
20230808093000620,6.14,7.5,0.0
20230808093000640,6.14,7.5,0.0
20230808093000690,6.14,7.5,0.0
20230808093000720,6.14,7.5,0.0
20230808093000750,6.14,7.5,0.0
20230808093000770,6.14,7.5,0.0
20230808093001510,6.14,7.5,0.0
20230808093001620,6.14,7.5,0.0
20230808093001680,6.14,7.5,0.0
20230808093001690,6.14,7.5,0.0
20230808093001730,6.14,7.5,0.0
20230808093001740,6.14,7.5,0.0
20230808093001760,6.14,7.5,0.0
20230808093001870,6.14,7.5,0.0
20230808093001880,6.14,7.5,0.0
20230808093001890,6.14,7.5,0.0
20230808093001930,6.14,7.5,0.0
20230808093001950,6.14,7.5,0.0
20230808093001960,6.14,7.5,0.0
20230808093001970,6.14,7.5,0.0
20230808093002000,6.14,7.5,0.0
20230808093002040,6.14,7.5,0.0
20230808093002150,6.14,7.5,0.0
20230808093002160,6.14,7.5,0.0
20230808093002170,6.14,7.5,0.0
20230808093003420,6.55,7.5,0.0
20230808093003530,6.55,7.5,0.0
20230808093003570,6.55,7.5,0.0
20230808093003690,6.55,7.5,0.0
20230808093003730,6.55,7.5,0.0
20230808093004160,6.55,7.5,0.0
20230808093004170,6.55,7.5,0.0
20230808093004200,6.55,7.5,0.0
20230808093004210,6.6,7.5,6.81
20230808093004240,6.6,7.5,6.81
20230808093004270,6.6,7.5,6.81
20230808093004340,6.6,7.5,6.81
20230808093004670,6.6,7.5,6.81
20230808093008480,6.6,7.5,6.81
20230808093008730,6.6,7.5,6.81
20230808093009130,6.6,7.5,6.81
20230808093009140,6.6,7.5,6.81
20230808093009190,6.6,7.5,6.81
20230808093009760,6.6,7.5,6.81
20230808093009780,6.6,7.5,6.815806451612903
20230808093010090,6.6,7.5,6.8145
20230808093010100,6.6,6.92,6.81391304347826
20230808093010170,6.6,6.91,6.812571428571428
20230808093010180,6.6,6.88,6.812142857142857
20230808093010530,6.6,6.88,6.8119565217391305
20230808093010640,6.6,6.88,6.8119565217391305
20230808093010660,6.6,6.88,6.811914893617021
20230808093010710,6.6,6.88,6.811914893617021
20230808093010920,6.6,6.88,6.8120408163265305
20230808093010990,6.6,6.88,6.811980198019802
20230808093014120,6.6,6.88,6.811980198019802
20230808093014230,6.8,6.88,6.81070796460177
20230808093014670,6.8,6.88,6.81070796460177
20230808093014780,6.8,6.88,6.81070796460177
20230808093014950,6.8,6.88,6.81070796460177
20230808093015480,6.8,6.88,6.81070796460177
20230808093015490,6.8,6.88,6.81070796460177
20230808093015500,6.8,6.88,6.81070796460177
20230808093015560,6.8,6.88,6.81070796460177
20230808093017110,6.8,6.88,6.81070796460177
20230808093017360,6.8,6.88,6.81070796460177
20230808093017370,6.8,6.81,6.809
20230808093017440,6.8,6.81,6.809
20230808093018150,6.8,6.81,6.809
20230808093019870,6.8,6.81,6.809
20230808093019880,6.8,6.81,6.809
20230808093019890,6.8,6.81,6.809
20230808093019970,6.8,6.81,6.809
20230808093020140,6.8,6.81,6.809
20230808093020150,6.8,6.81,6.809
20230808093020160,6.8,6.81,6.809
20230808093020830,6.8,6.81,6.809
20230808093022550,6.8,6.81,6.809
20230808093022580,6.8,6.81,6.809
20230808093023400,6.8,6.81,6.809
20230808093025740,6.8,6.81,6.809
20230808093025930,6.8,6.81,6.809
20230808093027950,6.8,6.81,6.809
20230808093028070,6.8,6.81,6.809
20230808093028100,6.8,6.81,6.809
20230808093028120,6.8,6.81,6.809
20230808093028140,6.8,6.81,6.809
20230808093028520,6.8,6.81,6.809
20230808093030900,6.8,6.81,6.809
20230808093030980,6.8,6.81,6.809
20230808093031600,6.8,6.81,6.809
20230808093033260,6.8,6.81,6.809
20230808093033270,6.8,6.81,6.809
20230808093033290,6.8,6.81,6.809
20230808093033390,6.8,6.81,6.809
20230808093033440,6.8,6.81,6.809
20230808093033490,6.8,6.81,6.809
20230808093033500,6.8,6.81,6.809
20230808093033520,6.8,6.81,6.809
20230808093033570,6.8,6.81,6.809
20230808093033820,6.8,6.81,6.809
20230808093033860,6.8,6.81,6.809
20230808093033870,6.8,6.81,6.809
20230808093033880,6.8,6.81,6.809
20230808093033940,6.8,6.81,6.809
20230808093034100,6.8,6.81,6.809
20230808093034110,6.8,6.81,6.811797235023041
20230808093034140,6.8,6.81,6.811797235023041
20230808093034210,6.8,6.81,6.811797235023041
20230808093034420,6.8,6.81,6.811797235023041
20230808093036090,6.8,6.81,6.811797235023041
20230808093036200,6.8,6.81,6.811797235023041
20230808093036310,6.8,6.81,6.811797235023041
20230808093036920,6.8,6.81,6.811797235023041
20230808093037070,6.8,6.81,6.811797235023041
20230808093037120,6.8,6.81,6.811797235023041
20230808093039160,6.8,6.81,6.811797235023041
20230808093039650,6.8,6.81,6.811797235023041
20230808093039730,6.8,6.81,6.811797235023041
20230808093042570,6.8,6.81,6.811797235023041
20230808093044640,6.8,6.81,6.811797235023041
20230808093047350,6.8,6.81,6.812607003891051
20230808093047360,6.8,6.81,6.812596899224806
20230808093047590,6.8,6.81,6.812596899224806
20230808093047670,6.8,6.81,6.812596899224806
20230808093047690,6.8,6.81,6.812596899224806
20230808093049640,6.8,6.81,6.812596899224806
20230808093049650,6.8,6.81,6.812596899224806
20230808093049760,6.8,6.81,6.812596899224806
20230808093050520,6.8,6.81,6.812596899224806
20230808093050570,6.8,6.81,6.812596899224806
20230808093050690,6.8,6.81,6.812596899224806
20230808093050700,6.8,6.81,6.812596899224806
20230808093053120,6.8,6.81,6.812518796992482
20230808093053260,6.8,6.81,6.812518796992482
20230808093055090,6.8,6.81,6.812240802675586
20230808093055100,6.8,6.81,6.812240802675586
20230808093055110,6.8,6.81,6.812240802675586
20230808093055120,6.8,6.81,6.812240802675586
20230808093055260,6.8,6.81,6.812161290322581
20230808093055270,6.8,6.81,6.812161290322581
20230808093055290,6.8,6.81,6.812154340836013
20230808093055440,6.8,6.81,6.812154340836013
20230808093055530,6.8,6.81,6.812154340836013
20230808093055810,6.8,6.81,6.812154340836013
20230808093056010,6.8,6.81,6.812154340836013
20230808093058080,6.8,6.81,6.812154340836013
20230808093058090,6.8,6.81,6.812154340836013
20230808093058100,6.8,6.81,6.812154340836013
20230808093058120,6.8,6.81,6.812154340836013
20230808093058160,6.8,6.81,6.812154340836013
20230808093058180,6.8,6.81,6.812154340836013
20230808093058190,6.8,6.81,6.812154340836013
20230808093101110,6.8,6.81,6.810885714285714
20230808093101130,6.8,6.81,6.810885714285714
20230808093101340,6.8,6.81,6.810885714285714
20230808093103240,6.8,6.81,6.810885714285714
20230808093103270,6.8,6.81,6.810885714285714
20230808093103340,6.8,6.81,6.810885714285714
20230808093103420,6.8,6.81,6.81086592178771
20230808093105770,6.8,6.81,6.81086592178771
20230808093106200,6.8,6.81,6.81086592178771
20230808093106590,6.8,6.81,6.81086592178771
20230808093108430,6.8,6.81,6.810844686648501
20230808093108700,6.8,6.81,6.810844686648501
20230808093108920,6.8,6.81,6.810844686648501
20230808093109170,6.8,6.81,6.810844686648501
20230808093109530,6.8,6.81,6.810844686648501
20230808093111580,6.8,6.81,6.810844686648501
20230808093112150,6.8,6.81,6.810844686648501
20230808093112270,6.8,6.81,6.810844686648501
20230808093114460,6.8,6.81,6.810844686648501
20230808093114530,6.8,6.81,6.810844686648501
20230808093114570,6.8,6.81,6.810844686648501
20230808093117370,6.8,6.81,6.810844686648501
20230808093117660,6.8,6.81,6.810844686648501
20230808093119190,6.8,6.81,6.810844686648501
20230808093119490,6.8,6.81,6.810844686648501
20230808093120130,6.81,6.81,6.810844686648501
20230808093120250,6.81,6.81,6.810844686648501
20230808093122080,6.81,6.81,6.810844686648501
20230808093122150,6.81,6.81,6.810844686648501
20230808093122470,6.81,6.81,6.810844686648501
20230808093122840,6.81,6.81,6.810844686648501
20230808093123110,6.81,6.81,6.810844686648501
20230808093124890,6.81,6.81,6.810844686648501
20230808093124900,6.81,6.81,6.810844686648501
20230808093125080,6.81,6.81,6.809665178571429
20230808093125340,6.81,6.81,6.809665178571429
20230808093125780,6.81,6.81,6.809665178571429
20230808093127450,6.81,6.81,6.809665178571429
20230808093127930,6.81,6.81,6.809665178571429
20230808093128120,6.81,6.81,6.809665178571429
20230808093128250,6.81,6.81,6.809665178571429
20230808093130020,6.81,6.81,6.809665178571429
20230808093130030,6.81,6.81,6.809665178571429
20230808093130150,6.81,6.81,6.809665178571429
20230808093130170,6.81,6.81,6.809665178571429
20230808093130270,6.81,6.81,6.809665178571429
20230808093130630,6.81,6.81,6.809665178571429
20230808093130830,6.81,6.81,6.809665178571429
20230808093133680,6.81,6.81,6.809665178571429
20230808093135690,6.81,6.81,6.809665178571429
20230808093135700,6.81,6.81,6.809665178571429
20230808093135740,6.81,6.81,6.809665178571429
20230808093135760,6.81,6.81,6.809665178571429
20230808093135790,6.81,6.81,6.809665178571429
20230808093136270,6.81,6.81,6.809665178571429
20230808093138130,6.81,6.81,6.809356136820925
20230808093139050,6.81,6.81,6.809356136820925
20230808093140790,6.81,6.81,6.809356136820925
20230808093141130,6.81,6.81,6.809356136820925
20230808093141200,6.81,6.81,6.809356136820925
20230808093141620,6.81,6.81,6.809356136820925
20230808093144330,6.81,6.81,6.809356136820925
20230808093144630,6.81,6.81,6.809356136820925
20230808093146770,6.81,6.81,6.809356136820925
20230808093147080,6.81,6.81,6.809356136820925
20230808093147270,6.81,6.81,6.809356136820925
20230808093149090,6.81,6.81,6.809356136820925
20230808093149160,6.81,6.81,6.809356136820925
20230808093151570,6.81,6.81,6.809356136820925
20230808093151950,6.81,6.81,6.809356136820925
20230808093152230,6.81,6.81,6.809356136820925
20230808093152240,6.81,6.81,6.809356136820925
20230808093152410,6.81,6.81,6.809356136820925
20230808093152680,6.81,6.81,6.809356136820925
20230808093152700,6.81,6.81,6.809356136820925
20230808093154550,6.81,6.81,6.809356136820925
20230808093155040,6.81,6.81,6.809356136820925
20230808093157010,6.81,6.81,6.809356136820925
20230808093157090,6.81,6.81,6.809356136820925
20230808093157120,6.81,6.81,6.809356136820925
20230808093157810,6.81,6.81,6.809356136820925
20230808093157830,6.81,6.81,6.809356136820925
20230808093158110,6.81,6.81,6.809356136820925
20230808093159700,6.81,6.81,6.809356136820925
20230808093200040,6.81,6.81,6.808436426116838
20230808093200230,6.81,6.81,6.808436426116838
20230808093200340,6.81,6.81,6.808436426116838
20230808093200690,6.81,6.81,6.808436426116838
20230808093200720,6.81,6.81,6.808436426116838
20230808093200910,6.81,6.81,6.808436426116838
20230808093202480,6.81,6.81,6.808436426116838
20230808093202910,6.81,6.81,6.808436426116838
20230808093203470,6.81,6.81,6.808436426116838
20230808093205690,6.81,6.81,6.808436426116838
20230808093205950,6.81,6.81,6.808436426116838
20230808093206090,6.81,6.81,6.808436426116838
20230808093208130,6.81,6.81,6.8084142394822
20230808093208760,6.81,6.81,6.8084142394822
20230808093208810,6.81,6.81,6.8084142394822
20230808093210580,6.81,6.81,6.8084142394822
20230808093210710,6.81,6.81,6.8084142394822
20230808093213520,6.81,6.81,6.8084142394822
20230808093213890,6.81,6.81,6.8084142394822
20230808093214220,6.81,6.81,6.8084142394822
20230808093216040,6.81,6.81,6.8084142394822
20230808093216900,6.81,6.81,6.8084142394822
20230808093218850,6.81,6.81,6.8084142394822
20230808093222340,6.81,6.81,6.8084142394822
20230808093223960,6.81,6.81,6.8084142394822
20230808093224350,6.81,6.81,6.8084142394822
20230808093224750,6.81,6.81,6.8084142394822
20230808093226730,6.81,6.81,6.808027734976887
20230808093226750,6.81,6.81,6.808027734976887
20230808093226790,6.81,6.81,6.808027734976887
20230808093226880,6.81,6.81,6.808027734976887
20230808093227420,6.81,6.81,6.808027734976887
20230808093227720,6.81,6.81,6.808027734976887
20230808093229650,6.81,6.81,6.8080601503759395
20230808093230030,6.81,6.81,6.8080601503759395
20230808093230040,6.81,6.81,6.808
20230808093230180,6.81,6.81,6.80797619047619
20230808093232120,6.81,6.81,6.807882352941176
20230808093232130,6.81,6.81,6.807538677918425
20230808093232180,6.81,6.81,6.807538677918425
20230808093232540,6.81,6.81,6.807538677918425
20230808093233110,6.81,6.81,6.807538677918425
20230808093233120,6.81,6.81,6.807538677918425
20230808093233270,6.81,6.81,6.807538677918425
20230808093234940,6.81,6.81,6.807538677918425
20230808093235110,6.81,6.81,6.807517531556802
20230808093235250,6.81,6.81,6.807517531556802
20230808093235730,6.81,6.81,6.807517531556802
20230808093237880,6.81,6.81,6.807517531556802
20230808093240180,6.81,6.81,6.807517531556802
20230808093240810,6.81,6.81,6.807517531556802
20230808093240930,6.81,6.81,6.807517531556802
20230808093241050,6.81,6.81,6.807517531556802
20230808093241110,6.81,6.81,6.807517531556802
20230808093243090,6.81,6.81,6.807517531556802
20230808093243100,6.81,6.81,6.8075
20230808093243130,6.81,6.81,6.807528957528958
20230808093243160,6.81,6.81,6.807528957528958
20230808093243220,6.81,6.81,6.807528957528958
20230808093243330,6.81,6.81,6.807528957528958
20230808093243400,6.81,6.81,6.807528957528958
20230808093243700,6.81,6.81,6.807528957528958
20230808093243800,6.81,6.81,6.8075541401273885
20230808093246750,6.81,6.81,6.8075541401273885
20230808093248560,6.81,6.81,6.8075541401273885
20230808093249080,6.81,6.81,6.8075541401273885
20230808093251090,6.81,6.81,6.8075541401273885
20230808093253720,6.81,6.81,6.8075541401273885
20230808093254010,6.81,6.81,6.8075541401273885
20230808093254300,6.81,6.81,6.8075541401273885
20230808093254500,6.81,6.81,6.807620689655172
20230808093256380,6.81,6.81,6.80771270718232
20230808093256790,6.81,6.81,6.80771270718232
20230808093257220,6.81,6.81,6.80771270718232
20230808093259340,6.81,6.81,6.807669584245077
20230808093259430,6.81,6.81,6.807669584245077
20230808093259490,6.81,6.81,6.807669584245077
20230808093259860,6.81,6.81,6.807669584245077
20230808093300010,6.81,6.81,6.807425847457627
20230808093300040,6.81,6.81,6.807425847457627
20230808093301760,6.81,6.81,6.807371188222923
20230808093302230,6.81,6.81,6.807371188222923
20230808093302270,6.81,6.81,6.807371188222923
20230808093302340,6.81,6.81,6.807371188222923
20230808093302390,6.81,6.81,6.807371188222923
20230808093304970,6.81,6.81,6.807371188222923
20230808093305120,6.81,6.81,6.807371188222923
20230808093305340,6.81,6.81,6.807371188222923
20230808093305600,6.81,6.81,6.807371188222923
20230808093310220,6.81,6.81,6.807371188222923
20230808093310300,6.8,6.81,6.806766409266409
20230808093310440,6.8,6.81,6.806766409266409
20230808093310850,6.8,6.81,6.806766409266409
20230808093313040,6.8,6.81,6.806766409266409
20230808093313330,6.8,6.81,6.806766409266409
20230808093315550,6.8,6.81,6.806766409266409
20230808093315960,6.8,6.81,6.806766409266409
20230808093316170,6.8,6.81,6.806766409266409
20230808093316410,6.8,6.81,6.806766409266409
20230808093318790,6.8,6.81,6.806766409266409
20230808093318810,6.8,6.81,6.806669838249286
20230808093319040,6.8,6.81,6.806663498098859
20230808093321580,6.8,6.81,6.806663498098859
20230808093321600,6.8,6.81,6.806663498098859
20230808093323800,6.8,6.81,6.806600753295669
20230808093323940,6.8,6.81,6.80659454374412
20230808093324030,6.8,6.81,6.806588345864662
20230808093324080,6.8,6.81,6.806569821930647
20230808093324140,6.8,6.81,6.806514869888476
20230808093324370,6.8,6.81,6.8064311926605505
20230808093324380,6.8,6.81,6.806425297891843
20230808093326340,6.8,6.81,6.806425297891843
20230808093327280,6.8,6.81,6.806425297891843
20230808093328980,6.8,6.81,6.806425297891843
20230808093329150,6.8,6.81,6.806425297891843
20230808093329710,6.8,6.81,6.806425297891843
20230808093329740,6.8,6.81,6.806425297891843
20230808093331620,6.8,6.81,6.806425297891843
20230808093331700,6.8,6.81,6.806350364963504
20230808093332120,6.8,6.81,6.806305732484076
20230808093332420,6.8,6.81,6.806305732484076
20230808093334950,6.8,6.81,6.806305732484076
20230808093334970,6.8,6.81,6.806305732484076
20230808093337150,6.8,6.81,6.806305732484076
20230808093337240,6.8,6.81,6.806305732484076
20230808093337720,6.8,6.81,6.806305732484076
20230808093339690,6.8,6.81,6.806305732484076
20230808093339700,6.8,6.81,6.806202531645569
20230808093339960,6.8,6.81,6.806202531645569
20230808093340040,6.8,6.81,6.806202531645569
20230808093340190,6.8,6.81,6.806202531645569
20230808093340200,6.8,6.81,6.806187895212285
20230808093340700,6.8,6.81,6.806187895212285
20230808093340790,6.8,6.81,6.806187895212285
20230808093342430,6.8,6.81,6.806187895212285
20230808093342650,6.8,6.81,6.806187895212285
20230808093343220,6.8,6.81,6.806187895212285
20230808093344970,6.8,6.81,6.806187895212285
20230808093345090,6.8,6.81,6.806187895212285
20230808093345320,6.8,6.81,6.805760773966579
20230808093346020,6.8,6.81,6.805760773966579
20230808093348250,6.8,6.81,6.805760773966579
20230808093348280,6.8,6.81,6.805760773966579
20230808093348670,6.8,6.81,6.805760773966579
20230808093350590,6.8,6.81,6.805760773966579
20230808093350870,6.8,6.81,6.805760773966579
20230808093353150,6.8,6.81,6.8056369982547995
20230808093353630,6.8,6.81,6.8056369982547995
20230808093354190,6.8,6.81,6.8056369982547995
20230808093355820,6.8,6.81,6.8056369982547995
20230808093355840,6.8,6.81,6.8056369982547995
20230808093356000,6.8,6.81,6.8056369982547995
20230808093356120,6.8,6.81,6.805623365300785
20230808093356270,6.8,6.81,6.805623365300785
20230808093356980,6.8,6.81,6.805461604831751
20230808093359140,6.8,6.81,6.805408426483233
20230808093359590,6.8,6.81,6.805408426483233
20230808093401170,6.8,6.81,6.805408426483233
20230808093402050,6.8,6.81,6.805408426483233
20230808093403850,6.8,6.81,6.805408426483233
20230808093404180,6.8,6.81,6.805408426483233
20230808093404780,6.8,6.81,6.805301614273577
20230808093406570,6.8,6.81,6.805301614273577
20230808093406580,6.8,6.81,6.805301614273577
20230808093407410,6.8,6.81,6.805301614273577
20230808093407460,6.8,6.81,6.805301614273577
20230808093407630,6.8,6.81,6.805301614273577
20230808093409330,6.8,6.81,6.805301614273577
20230808093409740,6.8,6.81,6.805301614273577
20230808093409780,6.8,6.81,6.805172704296546
20230808093409840,6.8,6.81,6.805172704296546
20230808093410260,6.8,6.81,6.805172704296546
20230808093410320,6.8,6.81,6.805172704296546
20230808093411970,6.8,6.81,6.805172704296546
20230808093412040,6.8,6.81,6.805172704296546
20230808093412140,6.8,6.81,6.805172704296546
20230808093412410,6.8,6.81,6.805172704296546
20230808093413100,6.8,6.81,6.805172704296546
20230808093415020,6.8,6.81,6.805172704296546
20230808093415120,6.8,6.81,6.805172704296546
20230808093415170,6.8,6.81,6.805172704296546
20230808093415190,6.8,6.81,6.805172704296546
20230808093415220,6.8,6.81,6.805172704296546
20230808093417360,6.8,6.81,6.805172704296546
20230808093417910,6.8,6.81,6.805172704296546
20230808093418320,6.8,6.81,6.805172704296546
20230808093420120,6.8,6.81,6.805172704296546
20230808093420210,6.8,6.81,6.805172704296546
20230808093420450,6.8,6.81,6.805172704296546
20230808093421160,6.8,6.81,6.805172704296546
20230808093421220,6.8,6.81,6.805172704296546
20230808093423920,6.79,6.81,6.805172704296546
20230808093423980,6.79,6.81,6.805172704296546
20230808093426140,6.79,6.81,6.805172704296546
20230808093428610,6.79,6.81,6.805172704296546
20230808093431160,6.79,6.81,6.805172704296546
20230808093431430,6.79,6.81,6.805172704296546
20230808093431680,6.79,6.81,6.805172704296546
20230808093431960,6.79,6.81,6.805172704296546
20230808093432010,6.79,6.81,6.805172704296546
20230808093433640,6.79,6.81,6.805172704296546
20230808093433660,6.79,6.81,6.805172704296546
20230808093433720,6.79,6.81,6.805172704296546
20230808093434090,6.79,6.81,6.805172704296546
20230808093434140,6.79,6.81,6.805172704296546
20230808093434170,6.79,6.81,6.805172704296546
20230808093434230,6.79,6.81,6.805172704296546
20230808093434370,6.79,6.81,6.805172704296546
20230808093434380,6.79,6.81,6.805172704296546
20230808093434390,6.79,6.81,6.805172704296546
20230808093436660,6.79,6.81,6.805172704296546
20230808093436700,6.79,6.81,6.803494917904613
20230808093436990,6.79,6.81,6.803494917904613
20230808093437200,6.79,6.81,6.803494917904613
20230808093439170,6.79,6.81,6.803494917904613
20230808093439460,6.79,6.81,6.803115384615385
20230808093439490,6.79,6.81,6.803115384615385
20230808093439600,6.79,6.81,6.803115384615385
20230808093439640,6.79,6.81,6.803115384615385
20230808093439830,6.79,6.81,6.803115384615385
20230808093442190,6.79,6.81,6.803115384615385
20230808093442270,6.79,6.81,6.803115384615385
20230808093442740,6.79,6.81,6.803115384615385
20230808093442840,6.79,6.81,6.803115384615385
20230808093444430,6.79,6.81,6.803115384615385
20230808093444700,6.79,6.81,6.803115384615385
20230808093444730,6.79,6.81,6.803115384615385
20230808093444780,6.79,6.81,6.803115384615385
20230808093445040,6.79,6.81,6.803115384615385
20230808093445100,6.79,6.81,6.803115384615385
20230808093447060,6.79,6.81,6.803115384615385
20230808093447460,6.79,6.81,6.803115384615385
20230808093448250,6.79,6.81,6.803115384615385
20230808093450150,6.79,6.81,6.803115384615385
20230808093450280,6.79,6.81,6.803115384615385
20230808093450750,6.79,6.81,6.803115384615385
20230808093450790,6.79,6.81,6.803115384615385
20230808093452690,6.79,6.81,6.803115384615385
20230808093453510,6.79,6.81,6.803115384615385
20230808093453560,6.79,6.81,6.803115384615385
20230808093453580,6.79,6.81,6.803115384615385
20230808093455290,6.79,6.81,6.800053226879574
20230808093455630,6.79,6.81,6.800053226879574
20230808093455910,6.79,6.81,6.800053226879574
20230808093456080,6.79,6.81,6.800053226879574
20230808093456140,6.79,6.81,6.80002657807309
20230808093457900,6.79,6.81,6.80002657807309
20230808093458190,6.79,6.81,6.80002657807309
20230808093458400,6.79,6.81,6.80002657807309
20230808093458560,6.79,6.81,6.80002657807309
20230808093458630,6.79,6.81,6.80002657807309
20230808093458710,6.79,6.81,6.80002657807309
20230808093458930,6.79,6.81,6.80002657807309
20230808093459040,6.79,6.81,6.80002657807309
20230808093500650,6.79,6.81,6.80002657807309
20230808093500770,6.79,6.81,6.80002657807309
20230808093500790,6.79,6.81,6.80002657807309
20230808093500960,6.79,6.81,6.799973492379059
20230808093500980,6.79,6.81,6.799973492379059
20230808093501080,6.79,6.81,6.799973492379059
20230808093501120,6.79,6.81,6.799973492379059
20230808093501260,6.79,6.81,6.799973492379059
20230808093501300,6.79,6.81,6.799973492379059
20230808093501400,6.79,6.81,6.799973492379059
20230808093501510,6.79,6.81,6.799973492379059
20230808093503550,6.79,6.81,6.799973492379059
20230808093503820,6.79,6.81,6.799973492379059
20230808093504320,6.79,6.81,6.799973492379059
20230808093506050,6.79,6.81,6.799868852459016
20230808093506350,6.79,6.81,6.799868852459016
20230808093506680,6.79,6.81,6.799868852459016
20230808093506800,6.79,6.81,6.799868852459016
20230808093507030,6.79,6.81,6.799868852459016
20230808093507170,6.79,6.81,6.799753726506805
20230808093507190,6.79,6.81,6.799753726506805
20230808093508640,6.79,6.81,6.799753726506805
20230808093508710,6.79,6.81,6.799753726506805
20230808093508740,6.79,6.81,6.799728331177231
20230808093508830,6.79,6.81,6.799728331177231
20230808093508990,6.79,6.81,6.799728331177231
20230808093509280,6.79,6.81,6.799728331177231
20230808093509410,6.79,6.81,6.799728331177231
20230808093509800,6.79,6.81,6.799728331177231
20230808093511350,6.79,6.81,6.799728331177231
20230808093511830,6.79,6.81,6.799728331177231
20230808093511990,6.79,6.81,6.799728331177231
20230808093512060,6.79,6.81,6.799728331177231
20230808093514130,6.79,6.81,6.799728331177231
20230808093515190,6.79,6.81,6.799728331177231
20230808093515200,6.79,6.81,6.799728331177231
20230808093515240,6.79,6.81,6.799728331177231
20230808093515250,6.79,6.81,6.799728331177231
20230808093517190,6.79,6.81,6.799728331177231
20230808093517210,6.79,6.81,6.799728331177231
20230808093517430,6.79,6.81,6.799728331177231
20230808093517440,6.79,6.81,6.799728331177231
20230808093517610,6.79,6.81,6.799728331177231
20230808093517730,6.79,6.81,6.799728331177231
20230808093519940,6.79,6.81,6.799728331177231
20230808093519950,6.79,6.81,6.799728331177231
20230808093520000,6.79,6.81,6.799728331177231
20230808093520120,6.79,6.81,6.798043735224586
20230808093522260,6.79,6.81,6.798043735224586
20230808093522780,6.79,6.81,6.798043735224586
20230808093522930,6.79,6.81,6.798043735224586
20230808093523120,6.79,6.81,6.7979693937610355
20230808093525070,6.79,6.81,6.7979693937610355
20230808093525080,6.79,6.81,6.7979693937610355
20230808093525090,6.79,6.81,6.7979693937610355
20230808093525100,6.79,6.81,6.7979693937610355
20230808093525120,6.79,6.81,6.7979693937610355
20230808093525130,6.79,6.81,6.7979693937610355
20230808093525150,6.79,6.81,6.7979693937610355
20230808093525230,6.79,6.81,6.797151685393258
20230808093525340,6.79,6.81,6.797151685393258
20230808093525980,6.79,6.81,6.797151685393258
20230808093527790,6.78,6.81,6.797151685393258
20230808093528090,6.78,6.81,6.797151685393258
20230808093528100,6.78,6.81,6.797151685393258
20230808093528110,6.78,6.81,6.797151685393258
20230808093528190,6.78,6.81,6.797151685393258
20230808093528600,6.78,6.81,6.797151685393258
20230808093530270,6.78,6.81,6.797122826696579
20230808093530620,6.78,6.81,6.797065399664617
20230808093530640,6.78,6.81,6.797065399664617
20230808093530820,6.78,6.81,6.796961602671119
20230808093530840,6.78,6.81,6.796961602671119
20230808093531120,6.78,6.81,6.796774903687397
20230808093532940,6.78,6.81,6.796774903687397
20230808093533300,6.78,6.81,6.796774903687397
20230808093533770,6.78,6.81,6.796774903687397
20230808093534090,6.78,6.81,6.796774903687397
20230808093535980,6.78,6.81,6.796774903687397
20230808093536050,6.78,6.81,6.796774903687397
20230808093536080,6.78,6.81,6.796774903687397
20230808093536440,6.78,6.81,6.796774903687397
20230808093539210,6.78,6.81,6.796774903687397
20230808093541670,6.78,6.81,6.796774903687397
20230808093542240,6.78,6.81,6.7967050438596495
20230808093543940,6.78,6.81,6.7967050438596495
20230808093544130,6.78,6.81,6.796530944625407
20230808093544190,6.78,6.81,6.79610576923077
20230808093544240,6.78,6.81,6.79610576923077
20230808093544430,6.78,6.81,6.79610576923077
20230808093544850,6.78,6.81,6.79610576923077
20230808093546870,6.78,6.81,6.79610576923077
20230808093547180,6.78,6.81,6.795980861244019
20230808093547580,6.78,6.81,6.795980861244019
20230808093549890,6.78,6.81,6.795980861244019
20230808093550020,6.78,6.81,6.795980861244019
20230808093550070,6.78,6.81,6.795980861244019
20230808093550130,6.78,6.81,6.7959532660647906
20230808093550230,6.78,6.81,6.7959532660647906
20230808093550290,6.78,6.81,6.7959532660647906
20230808093551940,6.78,6.81,6.795694006309148
20230808093552050,6.78,6.81,6.795694006309148
20230808093552060,6.78,6.81,6.795694006309148
20230808093552280,6.78,6.81,6.795694006309148
20230808093552300,6.78,6.81,6.795694006309148
20230808093552680,6.78,6.81,6.795694006309148
20230808093552750,6.78,6.81,6.794379634206623
20230808093552890,6.78,6.81,6.794379634206623
20230808093554630,6.78,6.81,6.794379634206623
20230808093554710,6.78,6.81,6.794379634206623
20230808093554730,6.78,6.81,6.794379634206623
20230808093555390,6.78,6.81,6.794379634206623
20230808093555650,6.78,6.81,6.794379634206623
20230808093557240,6.78,6.81,6.794379634206623
20230808093557310,6.78,6.81,6.793906931652932
20230808093557940,6.78,6.81,6.793906931652932
20230808093558110,6.78,6.81,6.793906931652932
20230808093558150,6.78,6.81,6.793906931652932
20230808093559990,6.78,6.81,6.793906931652932
20230808093600040,6.78,6.81,6.793906931652932
20230808093600240,6.78,6.81,6.793906931652932
20230808093600340,6.78,6.81,6.793906931652932
20230808093600410,6.78,6.81,6.793906931652932
20230808093600440,6.78,6.81,6.793906931652932
20230808093600470,6.78,6.81,6.793906931652932
20230808093600510,6.78,6.81,6.793906931652932
20230808093600930,6.78,6.81,6.793906931652932
20230808093602690,6.78,6.81,6.793906931652932
20230808093603090,6.78,6.81,6.793906931652932
20230808093603720,6.78,6.81,6.793906931652932
20230808093605360,6.78,6.81,6.793906931652932
20230808093605480,6.78,6.81,6.793666026871401
20230808093605830,6.78,6.81,6.793666026871401
20230808093605870,6.78,6.81,6.793666026871401
20230808093605900,6.78,6.81,6.793666026871401
20230808093606020,6.78,6.81,6.793666026871401
20230808093606040,6.78,6.81,6.793666026871401
20230808093608120,6.78,6.81,6.793666026871401
20230808093608930,6.78,6.81,6.793666026871401
20230808093609090,6.78,6.81,6.793666026871401
20230808093609180,6.78,6.81,6.793666026871401
20230808093610950,6.78,6.81,6.793666026871401
20230808093610960,6.78,6.81,6.793666026871401
20230808093611150,6.78,6.81,6.793666026871401
20230808093611440,6.78,6.81,6.793666026871401
20230808093611840,6.78,6.81,6.793666026871401
20230808093613450,6.78,6.81,6.793666026871401
20230808093613550,6.78,6.81,6.793666026871401
20230808093613790,6.78,6.81,6.793666026871401
20230808093613880,6.78,6.81,6.793666026871401
20230808093614250,6.78,6.81,6.793666026871401
20230808093614440,6.78,6.81,6.793666026871401
20230808093616230,6.78,6.81,6.793666026871401
20230808093616250,6.78,6.81,6.793666026871401
20230808093616510,6.78,6.81,6.793666026871401
20230808093616750,6.78,6.81,6.793666026871401
20230808093617000,6.78,6.81,6.793278379651436
20230808093617150,6.78,6.81,6.793278379651436
20230808093617230,6.78,6.81,6.793278379651436
20230808093619100,6.78,6.81,6.793278379651436
20230808093619790,6.78,6.81,6.793151260504201
20230808093619800,6.78,6.81,6.793151260504201
20230808093619830,6.78,6.81,6.792969613259668
20230808093619880,6.78,6.81,6.792969613259668
20230808093621930,6.78,6.81,6.792969613259668
20230808093621960,6.78,6.81,6.792969613259668
20230808093622210,6.78,6.81,6.792851277372263
20230808093622530,6.78,6.81,6.792839562443026
20230808093622650,6.78,6.81,6.792839562443026
20230808093622730,6.78,6.81,6.79281036834925
20230808093625160,6.78,6.81,6.79281036834925
20230808093625220,6.78,6.81,6.79281036834925
20230808093625240,6.78,6.81,6.79281036834925
20230808093625260,6.78,6.81,6.79281036834925
20230808093627340,6.78,6.81,6.79281036834925
20230808093627510,6.78,6.81,6.79281036834925
20230808093627540,6.78,6.81,6.79281036834925
20230808093627800,6.78,6.81,6.79281036834925
20230808093628150,6.78,6.81,6.79281036834925
20230808093628170,6.78,6.81,6.79281036834925
20230808093628180,6.78,6.81,6.79281036834925
20230808093629750,6.78,6.81,6.79281036834925
20230808093629930,6.78,6.81,6.79281036834925
20230808093630010,6.78,6.81,6.79281036834925
20230808093630040,6.78,6.81,6.79281036834925
20230808093630080,6.78,6.81,6.7927161611588955
20230808093630090,6.78,6.81,6.792687443541102
20230808093630150,6.78,6.81,6.792670275146595
20230808093630530,6.78,6.81,6.792670275146595
20230808093632410,6.78,6.81,6.792670275146595
20230808093632590,6.78,6.81,6.792670275146595
20230808093633130,6.78,6.81,6.792670275146595
20230808093633280,6.78,6.81,6.792670275146595
20230808093635460,6.78,6.81,6.792670275146595
20230808093635520,6.78,6.81,6.792670275146595
20230808093635580,6.78,6.81,6.792670275146595
20230808093635710,6.78,6.81,6.792670275146595
20230808093635780,6.78,6.81,6.792670275146595
20230808093636030,6.78,6.81,6.792670275146595
20230808093638790,6.78,6.81,6.792670275146595
20230808093640570,6.78,6.81,6.792670275146595
20230808093640690,6.78,6.81,6.792670275146595
20230808093640720,6.78,6.81,6.792670275146595
20230808093640820,6.78,6.81,6.792670275146595
20230808093641090,6.78,6.81,6.792670275146595
20230808093643170,6.78,6.81,6.792670275146595
20230808093643260,6.78,6.81,6.792670275146595
20230808093643690,6.78,6.81,6.792670275146595
20230808093643720,6.78,6.81,6.792670275146595
20230808093644190,6.78,6.81,6.792670275146595
20230808093644210,6.78,6.81,6.792670275146595
20230808093644380,6.78,6.81,6.792670275146595
20230808093645980,6.78,6.81,6.792670275146595
20230808093646910,6.78,6.81,6.792670275146595
20230808093648650,6.78,6.81,6.792670275146595
20230808093648980,6.78,6.81,6.792670275146595
20230808093648990,6.78,6.81,6.7918063958513395
20230808093649130,6.78,6.81,6.791780940060371
20230808093649220,6.78,6.81,6.791780940060371
20230808093649230,6.78,6.81,6.791780940060371
20230808093649500,6.78,6.81,6.791780940060371
20230808093651780,6.78,6.81,6.791780940060371
20230808093651840,6.78,6.81,6.791780940060371
20230808093651850,6.78,6.81,6.791766479965532
20230808093652080,6.78,6.81,6.7917361409540185
20230808093652090,6.78,6.81,6.7917361409540185
20230808093652100,6.78,6.81,6.7917361409540185
20230808093652110,6.78,6.81,6.7917361409540185
20230808093652120,6.78,6.81,6.7917361409540185
20230808093652130,6.78,6.81,6.7917361409540185
20230808093652140,6.78,6.81,6.7917361409540185
20230808093652150,6.78,6.81,6.7917361409540185
20230808093652160,6.78,6.81,6.7917361409540185
20230808093652180,6.78,6.81,6.7917361409540185
20230808093652190,6.78,6.81,6.7917361409540185
20230808093652250,6.78,6.81,6.7917361409540185
20230808093652360,6.77,6.81,6.7917361409540185
20230808093652370,6.78,6.81,6.791395348837209
20230808093652380,6.78,6.81,6.791395348837209
20230808093652390,6.78,6.81,6.791395348837209
20230808093652400,6.78,6.81,6.791395348837209
20230808093652410,6.78,6.81,6.791395348837209
20230808093652420,6.78,6.81,6.791395348837209
20230808093652430,6.78,6.81,6.791395348837209
20230808093652470,6.78,6.81,6.791395348837209
20230808093652480,6.78,6.81,6.791395348837209
20230808093654050,6.78,6.81,6.791395348837209
20230808093654600,6.78,6.81,6.791395348837209
20230808093654620,6.78,6.81,6.791395348837209
20230808093654690,6.78,6.81,6.791395348837209
20230808093654700,6.78,6.81,6.791395348837209
20230808093655070,6.78,6.81,6.791395348837209
20230808093656870,6.78,6.81,6.791395348837209
20230808093657470,6.78,6.81,6.791395348837209
20230808093657530,6.78,6.78,6.790845528455285
20230808093657540,6.78,6.78,6.790727784479293
20230808093657550,6.78,6.77,6.790616792678074
20230808093657560,6.78,6.77,6.790616792678074
20230808093657570,6.78,6.77,6.790616792678074
20230808093657580,6.78,6.77,6.790616792678074
20230808093657590,6.78,6.77,6.790616792678074
20230808093657630,6.78,6.77,6.790616792678074
20230808093657650,6.78,6.77,6.790616792678074
20230808093657680,6.78,6.77,6.790616792678074
20230808093657710,6.78,6.77,6.790616792678074
20230808093657780,6.78,6.77,6.790616792678074
20230808093657850,6.78,6.77,6.790616792678074
20230808093659400,6.78,6.77,6.790616792678074
20230808093659600,6.78,6.77,6.790616792678074
20230808093659890,6.78,6.77,6.790616792678074
20230808093659940,6.78,6.77,6.790616792678074
20230808093700010,6.78,6.77,6.790616792678074
20230808093700030,6.78,6.77,6.790616792678074
20230808093700040,6.78,6.77,6.790616792678074
20230808093700230,6.78,6.77,6.79
20230808093702070,6.78,6.77,6.79
20230808093702150,6.78,6.77,6.7898700305810396
20230808093702930,6.78,6.77,6.7898700305810396
20230808093705160,6.78,6.77,6.789854851031322
20230808093705570,6.78,6.77,6.789854851031322
20230808093705670,6.78,6.77,6.789854851031322
20230808093705970,6.78,6.77,6.789854851031322
20230808093707480,6.78,6.77,6.789854851031322
20230808093707710,6.78,6.77,6.789854851031322
20230808093707750,6.78,6.77,6.789854851031322
20230808093708120,6.78,6.77,6.789854851031322
20230808093708150,6.78,6.77,6.789854851031322
20230808093708290,6.78,6.77,6.78969696969697
20230808093708470,6.78,6.77,6.78969696969697
20230808093708510,6.78,6.77,6.78969696969697
20230808093710430,6.78,6.77,6.78969696969697
20230808093710590,6.78,6.77,6.78969696969697
20230808093710610,6.78,6.77,6.78969696969697
20230808093711120,6.78,6.77,6.789682059046177
20230808093713530,6.78,6.77,6.789682059046177
20230808093713680,6.78,6.77,6.789682059046177
20230808093715800,6.78,6.77,6.789682059046177
20230808093715900,6.78,6.77,6.789682059046177
20230808093716000,6.78,6.77,6.789682059046177
20230808093716160,6.78,6.77,6.789682059046177
20230808093716280,6.78,6.77,6.789682059046177
20230808093716530,6.78,6.77,6.789682059046177
20230808093716640,6.78,6.77,6.789682059046177
20230808093718290,6.78,6.77,6.789682059046177
20230808093721170,6.78,6.77,6.789682059046177
20230808093721290,6.78,6.77,6.789682059046177
20230808093722060,6.78,6.77,6.789682059046177
20230808093722080,6.78,6.77,6.789682059046177
20230808093723880,6.78,6.77,6.789682059046177
20230808093724170,6.78,6.77,6.789649188985289
20230808093724230,6.78,6.77,6.789645550527903
20230808093724340,6.78,6.77,6.789645550527903
20230808093724390,6.78,6.77,6.789645550527903
20230808093724400,6.78,6.77,6.789645550527903
20230808093724690,6.78,6.77,6.789645550527903
20230808093726420,6.78,6.77,6.789645550527903
20230808093727090,6.78,6.77,6.789645550527903
20230808093727170,6.78,6.77,6.789645550527903
20230808093727320,6.78,6.77,6.789645550527903
20230808093729130,6.78,6.77,6.7896307460437075
20230808093729200,6.78,6.77,6.7896307460437075
20230808093729500,6.78,6.77,6.7896307460437075
20230808093729680,6.78,6.77,6.789549718574109
20230808093729800,6.78,6.77,6.789549718574109
20230808093729940,6.78,6.77,6.789549718574109
20230808093729980,6.78,6.77,6.789549718574109
20230808093730030,6.78,6.77,6.789549718574109
20230808093730100,6.78,6.77,6.789549718574109
20230808093732000,6.78,6.77,6.789549718574109
20230808093732180,6.78,6.77,6.789549718574109
20230808093732450,6.78,6.77,6.789546136534134
20230808093734900,6.78,6.77,6.789546136534134
20230808093734910,6.78,6.77,6.789546136534134
20230808093735100,6.78,6.77,6.789546136534134
20230808093737280,6.78,6.77,6.789546136534134
20230808093737700,6.78,6.77,6.789546136534134
20230808093737950,6.78,6.77,6.789546136534134
20230808093737960,6.78,6.77,6.789546136534134
20230808093737980,6.78,6.77,6.789546136534134
20230808093738130,6.78,6.77,6.789430591737998
20230808093740140,6.78,6.77,6.789430591737998
20230808093740320,6.78,6.77,6.789430591737998
20230808093740670,6.78,6.77,6.789430591737998
20230808093740880,6.78,6.77,6.789430591737998
20230808093740890,6.78,6.77,6.789430591737998
20230808093742570,6.78,6.77,6.789430591737998
20230808093742770,6.78,6.77,6.789430591737998
20230808093742810,6.78,6.77,6.789430591737998
20230808093742850,6.78,6.77,6.789430591737998
20230808093743110,6.78,6.77,6.789430591737998
20230808093743160,6.78,6.77,6.789430591737998
20230808093743300,6.78,6.77,6.789359733530718
20230808093743430,6.78,6.77,6.789359733530718
20230808093743470,6.78,6.77,6.789359733530718
20230808093746080,6.78,6.77,6.789359733530718
20230808093746090,6.78,6.77,6.789295462928808
20230808093746100,6.78,6.77,6.789259941089838
20230808093746110,6.78,6.77,6.789238690695108
20230808093746120,6.78,6.77,6.789182251558489
20230808093746130,6.78,6.77,6.789175219941349
20230808093746150,6.78,6.77,6.789154155986818
20230808093746190,6.78,6.77,6.789154155986818
20230808093746210,6.78,6.77,6.789154155986818
20230808093746220,6.78,6.77,6.789147144948756
20230808093746230,6.78,6.77,6.789147144948756
20230808093746460,6.78,6.77,6.789147144948756
20230808093748190,6.78,6.77,6.789147144948756
20230808093748260,6.78,6.77,6.789147144948756
20230808093748290,6.78,6.77,6.789103171709807
20230808093748300,6.78,6.77,6.789103171709807
20230808093750640,6.78,6.77,6.789103171709807
20230808093750650,6.78,6.77,6.789103171709807
20230808093750820,6.78,6.77,6.789103171709807
20230808093750950,6.78,6.77,6.789103171709807
20230808093750990,6.78,6.77,6.789103171709807
20230808093751060,6.78,6.77,6.789103171709807
20230808093751160,6.78,6.77,6.789103171709807
20230808093751280,6.78,6.77,6.789103171709807
20230808093751370,6.78,6.77,6.789103171709807
20230808093751670,6.78,6.77,6.789103171709807
20230808093754310,6.78,6.77,6.789103171709807
20230808093754450,6.78,6.77,6.789103171709807
20230808093754570,6.78,6.77,6.789103171709807
20230808093756090,6.78,6.77,6.789103171709807
20230808093756170,6.78,6.77,6.789033781329459
20230808093756180,6.78,6.77,6.789033781329459
20230808093756420,6.78,6.77,6.789033781329459
20230808093756500,6.78,6.77,6.788944323933478
20230808093759040,6.78,6.77,6.788944323933478
20230808093759130,6.78,6.77,6.788188129121833
20230808093759950,6.78,6.77,6.788188129121833
20230808093801510,6.78,6.77,6.788188129121833
20230808093801800,6.78,6.77,6.788188129121833
20230808093802000,6.78,6.77,6.788188129121833
20230808093802680,6.78,6.77,6.788188129121833
20230808093804220,6.78,6.77,6.788066392881588
20230808093804510,6.78,6.77,6.788066392881588
20230808093805130,6.78,6.77,6.788035531260676
20230808093807570,6.78,6.77,6.788035531260676
20230808093807630,6.78,6.77,6.788035531260676
20230808093807840,6.78,6.77,6.788035531260676
20230808093809720,6.78,6.77,6.788035531260676
20230808093809880,6.78,6.77,6.788035531260676
20230808093809960,6.78,6.77,6.788035531260676
20230808093810010,6.78,6.77,6.788035531260676
20230808093810100,6.78,6.77,6.788035531260676
20230808093810480,6.78,6.77,6.788035531260676
20230808093810560,6.78,6.77,6.788035531260676
20230808093813340,6.78,6.77,6.788035531260676
20230808093814980,6.78,6.77,6.788035531260676
20230808093815510,6.78,6.77,6.788035531260676
20230808093818460,6.78,6.77,6.788035531260676
20230808093818620,6.78,6.77,6.788035531260676
20230808093818810,6.78,6.77,6.787954545454546
20230808093820410,6.78,6.77,6.787954545454546
20230808093820740,6.78,6.77,6.787954545454546
20230808093820880,6.78,6.77,6.787954545454546
20230808093821020,6.78,6.77,6.787954545454546
20230808093821350,6.78,6.77,6.787954545454546
20230808093823560,6.78,6.77,6.787948457104103
20230808093823640,6.78,6.77,6.787929634641407
20230808093823950,6.78,6.77,6.787929634641407
20230808093824160,6.78,6.77,6.787929634641407
20230808093825850,6.78,6.77,6.787929634641407
20230808093826060,6.78,6.77,6.787929634641407
20230808093826200,6.78,6.77,6.787929634641407
20230808093826270,6.78,6.77,6.787923571187014
20230808093826450,6.78,6.77,6.787923571187014
20230808093826550,6.78,6.77,6.787881241565452
20230808093826670,6.78,6.77,6.787881241565452
20230808093826920,6.78,6.77,6.787881241565452
20230808093828670,6.78,6.77,6.787881241565452
20230808093828840,6.78,6.77,6.787881241565452
20230808093829130,6.78,6.77,6.787869184086311
20230808093829540,6.78,6.77,6.787869184086311
20230808093831410,6.78,6.77,6.787869184086311
20230808093831620,6.78,6.77,6.787869184086311
20230808093831750,6.78,6.77,6.787851128326036
20230808093831820,6.78,6.77,6.787851128326036
20230808093832120,6.78,6.77,6.7878391114103
20230808093833830,6.78,6.77,6.7878391114103
20230808093833870,6.78,6.77,6.7878391114103
20230808093834020,6.78,6.77,6.7878391114103
20230808093834150,6.78,6.77,6.7878391114103
20230808093834530,6.78,6.77,6.7878391114103
20230808093836650,6.78,6.77,6.7878391114103
20230808093839210,6.78,6.77,6.7878391114103
20230808093839260,6.78,6.77,6.7878391114103
20230808093840090,6.78,6.77,6.7878391114103
20230808093842300,6.78,6.77,6.7878391114103
20230808093843140,6.78,6.77,6.7878391114103
20230808093843150,6.78,6.77,6.7878391114103
20230808093843160,6.78,6.77,6.787836473755047
20230808093843170,6.78,6.77,6.787836473755047
20230808093845680,6.78,6.77,6.787836473755047
20230808093847400,6.78,6.77,6.787836473755047
20230808093850500,6.78,6.77,6.787831203765972
20230808093851040,6.78,6.77,6.787831203765972
20230808093852960,6.78,6.77,6.787831203765972
20230808093852980,6.78,6.77,6.787813969106783
20230808093853020,6.78,6.77,6.787813969106783
20230808093853130,6.78,6.77,6.787813969106783
20230808093858270,6.78,6.77,6.787744085304898
20230808093858280,6.78,6.77,6.787744085304898
20230808093858520,6.78,6.77,6.787744085304898
20230808093859130,6.78,6.77,6.787744085304898
20230808093900930,6.78,6.77,6.787744085304898
20230808093901090,6.78,6.77,6.787744085304898
20230808093901160,6.78,6.77,6.787744085304898
20230808093901370,6.78,6.77,6.787744085304898
20230808093901550,6.78,6.77,6.787744085304898
20230808093901580,6.78,6.77,6.787679814385151
20230808093904430,6.78,6.77,6.787679814385151
20230808093904450,6.78,6.77,6.787677269715043
20230808093906730,6.78,6.77,6.787677269715043
20230808093906740,6.78,6.77,6.787677269715043
20230808093906940,6.78,6.77,6.787677269715043
20230808093909010,6.78,6.77,6.787677269715043
20230808093909890,6.78,6.77,6.787677269715043
20230808093910110,6.78,6.77,6.787553886348792
20230808093911730,6.78,6.77,6.787553886348792
20230808093912280,6.78,6.77,6.787529296875
20230808093914390,6.78,6.77,6.787529296875
20230808093914410,6.78,6.77,6.787529296875
20230808093914900,6.78,6.77,6.787529296875
20230808093915510,6.78,6.77,6.787529296875
20230808093917110,6.78,6.77,6.787529296875
20230808093917120,6.78,6.77,6.787529296875
20230808093917200,6.78,6.77,6.787529296875
20230808093917240,6.78,6.77,6.787529296875
20230808093917250,6.78,6.77,6.787480544747082
20230808093917260,6.78,6.77,6.787480544747082
20230808093917270,6.78,6.77,6.787480544747082
20230808093917590,6.78,6.77,6.787480544747082
20230808093917650,6.78,6.77,6.787480544747082
20230808093917660,6.78,6.77,6.787480544747082
20230808093917670,6.78,6.77,6.787480544747082
20230808093920000,6.78,6.77,6.787480544747082
20230808093920010,6.78,6.77,6.787480544747082
20230808093920150,6.78,6.77,6.787480544747082
20230808093920660,6.78,6.77,6.787480544747082
20230808093920710,6.78,6.77,6.787480544747082
20230808093922520,6.78,6.77,6.787480544747082
20230808093922870,6.78,6.77,6.787480544747082
20230808093922950,6.78,6.77,6.787480544747082
20230808093923130,6.78,6.77,6.787480544747082
20230808093926170,6.78,6.77,6.787001239157373
20230808093928000,6.78,6.77,6.787001239157373
20230808093928490,6.78,6.77,6.786741915802319
20230808093928550,6.78,6.77,6.786741915802319
20230808093929040,6.78,6.77,6.786741915802319
20230808093930560,6.78,6.77,6.786718369829684
20230808093930590,6.78,6.77,6.786718369829684
20230808093931160,6.78,6.77,6.786718369829684
20230808093933430,6.78,6.77,6.786718369829684
20230808093933500,6.78,6.77,6.786718369829684
20230808093933570,6.78,6.77,6.78669095324833
20230808093933730,6.78,6.77,6.78669095324833
20230808093934280,6.78,6.77,6.786680825242718
20230808093934360,6.78,6.77,6.786680825242718
20230808093936050,6.78,6.77,6.786680825242718
20230808093937090,6.78,6.77,6.786680825242718
20230808093939840,6.78,6.77,6.786598741384477
20230808093941320,6.78,6.77,6.786598741384477
20230808093942080,6.78,6.77,6.786573907839617
20230808093942090,6.78,6.77,6.786539265452374
20230808093944170,6.78,6.77,6.78652446300716
20230808093944240,6.78,6.77,6.786485765124556
20230808093944770,6.78,6.77,6.78643701951508
20230808093944850,6.78,6.77,6.78643701951508
20230808093945080,6.78,6.77,6.78643701951508
20230808093945090,6.78,6.77,6.78643701951508
20230808093945100,6.78,6.77,6.78643701951508
20230808093945130,6.78,6.77,6.78643701951508
20230808093945190,6.78,6.77,6.78643701951508
20230808093947060,6.78,6.77,6.78643701951508
20230808093947140,6.78,6.77,6.78643701951508
20230808093947150,6.78,6.77,6.78643701951508
20230808093947350,6.78,6.77,6.78643701951508
20230808093947660,6.78,6.77,6.78643701951508
20230808093947820,6.78,6.77,6.78643701951508
20230808093949460,6.78,6.77,6.78643701951508
20230808093949470,6.78,6.77,6.786269748390872
20230808093949580,6.78,6.77,6.786269748390872
20230808093950000,6.78,6.77,6.786269748390872
20230808093952270,6.78,6.77,6.786269748390872
20230808093952490,6.78,6.77,6.786269748390872
20230808093952560,6.78,6.77,6.786269748390872
20230808093955070,6.78,6.77,6.786269748390872
20230808093955080,6.78,6.77,6.786269748390872
20230808093955110,6.78,6.77,6.786269748390872
20230808093955130,6.78,6.77,6.786269748390872
20230808093955210,6.78,6.77,6.786269748390872
20230808093955220,6.78,6.77,6.786269748390872
20230808093955230,6.78,6.77,6.786269748390872
20230808093955270,6.78,6.77,6.786269748390872
20230808093955580,6.78,6.77,6.786269748390872
20230808093955800,6.78,6.77,6.786269748390872
20230808093958050,6.78,6.77,6.786217556138816
20230808093958080,6.78,6.77,6.786123514062047
20230808093958600,6.78,6.77,6.786123514062047
20230808094000590,6.78,6.77,6.786123514062047
20230808094000600,6.78,6.77,6.786123514062047
20230808094001030,6.78,6.77,6.786123514062047
20230808094001070,6.78,6.77,6.786123514062047
20230808094001080,6.78,6.77,6.786123514062047
20230808094001140,6.78,6.77,6.786123514062047
20230808094001200,6.78,6.77,6.786123514062047
20230808094001250,6.78,6.77,6.786123514062047
20230808094002920,6.78,6.77,6.786123514062047
20230808094003050,6.78,6.77,6.786123514062047
20230808094003070,6.78,6.77,6.786123514062047
20230808094003080,6.78,6.77,6.786123514062047
20230808094003090,6.78,6.77,6.785744620611552
20230808094003100,6.78,6.77,6.785691309255079
20230808094003110,6.78,6.77,6.785691309255079
20230808094003150,6.78,6.77,6.785691309255079
20230808094003160,6.78,6.77,6.785691309255079
20230808094003230,6.78,6.77,6.785691309255079
20230808094003240,6.78,6.77,6.785691309255079
20230808094003260,6.78,6.77,6.785691309255079
20230808094003380,6.78,6.77,6.785691309255079
20230808094003550,6.78,6.77,6.785691309255079
20230808094003560,6.78,6.77,6.785524846454495
20230808094003760,6.78,6.77,6.785505993866741
20230808094003890,6.78,6.77,6.785505993866741
20230808094003940,6.78,6.77,6.785505993866741
20230808094004020,6.78,6.77,6.785505993866741
20230808094004060,6.78,6.77,6.785505993866741
20230808094004070,6.78,6.77,6.785505993866741
20230808094004080,6.78,6.77,6.785065005417118
20230808094005700,6.78,6.77,6.785065005417118
20230808094005750,6.78,6.77,6.785065005417118
20230808094006040,6.78,6.77,6.785065005417118
20230808094006510,6.78,6.77,6.785065005417118
20230808094006520,6.78,6.77,6.785065005417118
20230808094008570,6.78,6.77,6.785065005417118
20230808094009120,6.78,6.77,6.785065005417118
20230808094009270,6.78,6.77,6.785065005417118
20230808094009520,6.78,6.77,6.785065005417118
20230808094011080,6.78,6.77,6.785065005417118
20230808094011730,6.78,6.77,6.785065005417118
20230808094011880,6.78,6.77,6.785065005417118
20230808094013840,6.78,6.77,6.785065005417118
20230808094013850,6.78,6.77,6.785065005417118
20230808094014140,6.78,6.77,6.784895554365292
20230808094014560,6.78,6.77,6.784895554365292
20230808094014620,6.78,6.77,6.784895554365292
20230808094014730,6.78,6.77,6.784895554365292
20230808094017190,6.78,6.77,6.784835718071013
20230808094017230,6.78,6.77,6.784835718071013
20230808094019190,6.78,6.77,6.784835718071013
20230808094019230,6.78,6.77,6.784835718071013
20230808094019430,6.78,6.77,6.784835718071013
20230808094021850,6.78,6.77,6.784835718071013
20230808094024910,6.78,6.77,6.784835718071013
20230808094025180,6.78,6.77,6.784835718071013
20230808094025470,6.78,6.77,6.784835718071013
20230808094025670,6.78,6.77,6.784835718071013
20230808094027650,6.78,6.77,6.784835718071013
20230808094029990,6.78,6.77,6.784835718071013
20230808094030040,6.78,6.77,6.784835718071013
20230808094030350,6.78,6.77,6.784835718071013
20230808094031070,6.78,6.77,6.784835718071013
20230808094033260,6.78,6.77,6.784835718071013
20230808094035370,6.78,6.77,6.784835718071013
20230808094035530,6.78,6.77,6.784821381317809
20230808094035950,6.78,6.77,6.784821381317809
20230808094036050,6.78,6.77,6.784821381317809
20230808094036260,6.78,6.77,6.784821381317809
20230808094041010,6.78,6.77,6.784821381317809
20230808094041140,6.78,6.77,6.784821381317809
20230808094041890,6.78,6.77,6.784821381317809
20230808094046160,6.78,6.77,6.784731720147291
20230808094046600,6.78,6.77,6.784616388308977
20230808094046850,6.78,6.77,6.784597341673182
20230808094047140,6.78,6.77,6.784589736910654
20230808094047180,6.78,6.77,6.784559396932675
20230808094047230,6.78,6.77,6.7845556133056135
20230808094047250,6.78,6.77,6.784551831644583
20230808094047280,6.78,6.77,6.784548051948052
20230808094049070,6.78,6.77,6.784536724630159
20230808094049080,6.78,6.77,6.784397636783972
20230808094049110,6.78,6.77,6.784353393085787
20230808094049120,6.78,6.77,6.784349718381977
20230808094049490,6.78,6.77,6.784338705551292
20230808094049680,6.78,6.77,6.784331373050371
20230808094051510,6.78,6.77,6.784331373050371
20230808094052050,6.78,6.77,6.784294822749299
20230808094052080,6.78,6.77,6.784294822749299
20230808094052090,6.78,6.77,6.784294822749299
20230808094052160,6.78,6.77,6.78421506467157
20230808094052570,6.78,6.77,6.78421506467157
20230808094052690,6.78,6.77,6.78421506467157
20230808094052730,6.78,6.77,6.784068775100401
20230808094055080,6.78,6.77,6.784051140636751
20230808094055110,6.78,6.77,6.784051140636751
20230808094057040,6.78,6.77,6.784023017262947
20230808094057050,6.78,6.77,6.784019509754877
20230808094057560,6.78,6.77,6.783995006242197
20230808094058040,6.78,6.77,6.7839740713039145
20230808094058080,6.78,6.77,6.7839740713039145
20230808094058110,6.78,6.77,6.783970588235294
20230808094058140,6.78,6.77,6.783970588235294
20230808094100010,6.78,6.77,6.783970588235294
20230808094100040,6.78,6.77,6.783970588235294
20230808094100060,6.78,6.77,6.783970588235294
20230808094100800,6.78,6.77,6.783970588235294
20230808094102310,6.78,6.77,6.783970588235294
20230808094102320,6.78,6.77,6.783970588235294
20230808094103050,6.77,6.77,6.783860039564788
20230808094103060,6.77,6.77,6.783822441430333
20230808094103070,6.77,6.77,6.783754601226994
20230808094103100,6.77,6.77,6.783717572197748
20230808094103120,6.78,6.77,6.783674066845572
20230808094103130,6.78,6.77,6.783674066845572
20230808094103240,6.78,6.77,6.783674066845572
20230808094103290,6.78,6.77,6.783674066845572
20230808094103310,6.78,6.77,6.783674066845572
20230808094103410,6.78,6.77,6.783674066845572
20230808094103450,6.77,6.77,6.783674066845572
20230808094103460,6.78,6.77,6.783657407407407
20230808094103470,6.78,6.77,6.783657407407407
20230808094103480,6.78,6.77,6.783657407407407
20230808094103510,6.78,6.77,6.78227752293578
20230808094103520,6.78,6.77,6.782211296592728
20230808094103530,6.77,6.77,6.782211296592728
20230808094103540,6.77,6.77,6.782211296592728
20230808094103550,6.77,6.77,6.782211296592728
20230808094105010,6.77,6.77,6.782211296592728
20230808094105090,6.77,6.77,6.782211296592728
20230808094105130,6.77,6.77,6.782211296592728
20230808094105420,6.77,6.77,6.782211296592728
20230808094105450,6.77,6.77,6.782211296592728
20230808094105490,6.77,6.77,6.782211296592728
20230808094105520,6.77,6.77,6.782211296592728
20230808094105530,6.77,6.77,6.782211296592728
20230808094105550,6.77,6.77,6.782211296592728
20230808094105840,6.77,6.77,6.782211296592728
20230808094106140,6.77,6.77,6.780610816542948
20230808094106150,6.77,6.77,6.780610816542948
20230808094108130,6.77,6.77,6.780610816542948
20230808094108700,6.77,6.77,6.780610816542948
20230808094110920,6.77,6.77,6.780610816542948
20230808094111280,6.77,6.77,6.780610816542948
20230808094111390,6.77,6.77,6.780610816542948
20230808094113240,6.77,6.77,6.780610816542948
20230808094113250,6.77,6.77,6.780610816542948
20230808094113260,6.77,6.77,6.780610816542948
20230808094113480,6.77,6.77,6.780245373258474
20230808094114090,6.77,6.77,6.780245373258474
20230808094114140,6.77,6.77,6.780245373258474
20230808094116720,6.77,6.77,6.780245373258474
20230808094119230,6.77,6.77,6.780245373258474
20230808094121390,6.77,6.77,6.780226234952262
20230808094122220,6.77,6.77,6.780226234952262
20230808094124020,6.77,6.77,6.780226234952262
20230808094124040,6.77,6.77,6.780226234952262
20230808094124850,6.77,6.77,6.780226234952262
20230808094125000,6.77,6.77,6.780226234952262
20230808094126640,6.77,6.77,6.780226234952262
20230808094126750,6.77,6.77,6.780226234952262
20230808094129300,6.77,6.77,6.780226234952262
20230808094130020,6.77,6.77,6.780226234952262
20230808094130040,6.77,6.77,6.779952907452907
20230808094130120,6.77,6.76,6.77656186267845
20230808094132000,6.77,6.76,6.77656186267845
20230808094132060,6.77,6.76,6.77656186267845
20230808094132140,6.77,6.76,6.776367148135707
20230808094132190,6.77,6.76,6.776367148135707
20230808094132520,6.77,6.76,6.776367148135707
20230808094132670,6.77,6.76,6.7762687813021705
20230808094133240,6.77,6.76,6.7762687813021705
20230808094135050,6.77,6.76,6.7762687813021705
20230808094135120,6.77,6.75,6.7762687813021705
20230808094135260,6.77,6.75,6.7762687813021705
20230808094135870,6.77,6.76,6.7762687813021705
20230808094135940,6.77,6.76,6.7762687813021705
20230808094137400,6.77,6.76,6.7762687813021705
20230808094137440,6.77,6.76,6.7762687813021705
20230808094137460,6.77,6.76,6.7762687813021705
20230808094138400,6.77,6.76,6.7762687813021705
20230808094140370,6.77,6.76,6.7762687813021705
20230808094140400,6.77,6.76,6.7762687813021705
20230808094140420,6.77,6.76,6.7762687813021705
20230808094140650,6.77,6.76,6.7762687813021705
20230808094140800,6.77,6.76,6.7762687813021705
20230808094140870,6.77,6.76,6.7762687813021705
20230808094140880,6.77,6.76,6.7762687813021705
20230808094140940,6.77,6.76,6.7762687813021705
20230808094141130,6.77,6.76,6.776225441225441
20230808094142800,6.77,6.76,6.776225441225441
20230808094145790,6.77,6.76,6.776225441225441
20230808094145800,6.77,6.76,6.776225441225441
20230808094145810,6.77,6.76,6.776225441225441
20230808094146530,6.77,6.76,6.776175787728026
20230808094148330,6.77,6.76,6.776175787728026
20230808094148690,6.77,6.75,6.776175787728026
20230808094148700,6.77,6.76,6.776175787728026
20230808094148800,6.77,6.76,6.776107992073976
20230808094148810,6.77,6.76,6.776105975569495
20230808094148820,6.77,6.76,6.776105975569495
20230808094148950,6.77,6.76,6.776105975569495
20230808094149170,6.77,6.76,6.7760847345862185
20230808094149180,6.77,6.76,6.7760847345862185
20230808094149390,6.77,6.76,6.7760847345862185
20230808094150980,6.77,6.76,6.7760847345862185
20230808094151600,6.77,6.76,6.7760847345862185
20230808094151670,6.77,6.76,6.7760847345862185
20230808094152090,6.77,6.76,6.7760847345862185
20230808094153710,6.77,6.76,6.7760847345862185
20230808094154220,6.77,6.76,6.7760847345862185
20230808094154810,6.77,6.76,6.7760847345862185
20230808094156650,6.77,6.76,6.7760847345862185
20230808094156700,6.77,6.76,6.776074720210665
20230808094157090,6.77,6.76,6.776074720210665
20230808094157390,6.77,6.76,6.776074720210665
20230808094157400,6.77,6.76,6.776074720210665
20230808094159040,6.77,6.76,6.776074720210665
20230808094159370,6.77,6.76,6.776074720210665
20230808094159680,6.77,6.76,6.77599574189322
20230808094159840,6.77,6.76,6.77599574189322
20230808094159930,6.76,6.75,6.775852945950333
20230808094159940,6.76,6.75,6.775847801395424
20230808094159950,6.76,6.75,6.775847801395424
20230808094200010,6.76,6.75,6.77582982171799
20230808094200020,6.77,6.76,6.775637820512821
20230808094200030,6.77,6.76,6.775637820512821
20230808094200040,6.77,6.76,6.775622798591098
20230808094200150,6.77,6.76,6.77559592096877
20230808094200170,6.77,6.75,6.77559592096877
20230808094200180,6.77,6.75,6.77559592096877
20230808094201720,6.77,6.75,6.77559592096877
20230808094201790,6.77,6.76,6.77559592096877
20230808094201870,6.77,6.76,6.77559592096877
20230808094202150,6.77,6.75,6.77559592096877
20230808094204390,6.77,6.76,6.77559592096877
20230808094204400,6.77,6.76,6.77559592096877
20230808094204440,6.77,6.76,6.77559592096877
20230808094204480,6.77,6.76,6.77559592096877
20230808094204490,6.77,6.76,6.77559592096877
20230808094204500,6.77,6.76,6.77559592096877
20230808094204570,6.77,6.76,6.77559592096877
20230808094204840,6.77,6.76,6.77559592096877
20230808094204850,6.77,6.76,6.77559592096877
20230808094204880,6.77,6.76,6.77559592096877
20230808094204940,6.77,6.76,6.77559592096877
20230808094205050,6.77,6.76,6.77559592096877
20230808094205160,6.77,6.76,6.77559592096877
20230808094205200,6.77,6.76,6.77559592096877
20230808094205390,6.77,6.76,6.77559592096877
20230808094205410,6.77,6.76,6.77559592096877
20230808094205650,6.77,6.76,6.77559592096877
20230808094207130,6.77,6.76,6.77559592096877
20230808094207910,6.77,6.76,6.77559592096877
20230808094210340,6.77,6.76,6.77559592096877
20230808094210410,6.77,6.76,6.77559592096877
20230808094212700,6.77,6.76,6.77559592096877
20230808094213080,6.77,6.76,6.77559592096877
20230808094213210,6.77,6.76,6.77559592096877
20230808094213220,6.77,6.76,6.77559592096877
20230808094213350,6.77,6.76,6.77559592096877
20230808094215180,6.77,6.77,6.77559592096877
20230808094215450,6.77,6.77,6.77559592096877
20230808094215770,6.77,6.77,6.77559592096877
20230808094215840,6.77,6.77,6.77559592096877
20230808094215990,6.77,6.77,6.77559592096877
20230808094216070,6.77,6.77,6.77559592096877
20230808094216100,6.77,6.77,6.77559592096877
20230808094216250,6.77,6.77,6.77559592096877
20230808094216320,6.77,6.77,6.775389751552795
20230808094218090,6.77,6.77,6.775389751552795
20230808094218100,6.77,6.77,6.775389751552795
20230808094218430,6.77,6.77,6.775389751552795
20230808094218500,6.77,6.77,6.775389751552795
20230808094218620,6.77,6.77,6.775389751552795
20230808094218680,6.77,6.77,6.775389751552795
20230808094218880,6.77,6.77,6.775389751552795
20230808094218920,6.77,6.77,6.775389751552795
20230808094219140,6.77,6.77,6.775389751552795
20230808094221030,6.77,6.77,6.775389751552795
20230808094221290,6.77,6.77,6.775389751552795
20230808094221390,6.77,6.77,6.775389751552795
20230808094223390,6.77,6.77,6.775389751552795
20230808094223490,6.77,6.77,6.775389751552795
20230808094223630,6.77,6.77,6.775389751552795
20230808094224040,6.77,6.77,6.775389751552795
20230808094224050,6.77,6.77,6.775389751552795
20230808094226000,6.77,6.77,6.775389751552795
20230808094226120,6.77,6.77,6.77541416011106
20230808094226400,6.77,6.77,6.77541416011106
20230808094226550,6.77,6.77,6.77541416011106
20230808094227180,6.77,6.77,6.77541416011106
20230808094228700,6.77,6.77,6.77541416011106
20230808094229150,6.77,6.77,6.77541416011106
20230808094229200,6.77,6.77,6.77541416011106
20230808094229590,6.77,6.77,6.77541416011106
20230808094231460,6.77,6.77,6.775422816728168
20230808094231640,6.77,6.77,6.775422816728168
20230808094232540,6.77,6.77,6.775422816728168
20230808094232620,6.77,6.77,6.775422816728168
20230808094234410,6.77,6.77,6.775422816728168
20230808094234580,6.77,6.77,6.775422816728168
20230808094234810,6.77,6.77,6.775422816728168
20230808094235070,6.77,6.77,6.775422816728168
20230808094235100,6.77,6.77,6.775422816728168
20230808094235130,6.77,6.77,6.775422816728168
20230808094235160,6.77,6.77,6.775422816728168
20230808094235330,6.77,6.77,6.775422816728168
20230808094236800,6.77,6.77,6.775422816728168
20230808094237090,6.77,6.77,6.775422816728168
20230808094237210,6.77,6.77,6.775422816728168
20230808094237220,6.77,6.77,6.775422816728168
20230808094237400,6.77,6.77,6.775422816728168
20230808094237990,6.77,6.77,6.775422816728168
20230808094239830,6.77,6.77,6.775422816728168
20230808094240080,6.77,6.77,6.775422816728168
20230808094240090,6.77,6.77,6.775422816728168
20230808094240180,6.77,6.77,6.775422816728168
20230808094240200,6.77,6.77,6.775422816728168
20230808094240470,6.77,6.77,6.775422816728168
20230808094242640,6.77,6.77,6.775422816728168
20230808094242790,6.77,6.77,6.775422816728168
20230808094243410,6.77,6.77,6.775422816728168
20230808094244900,6.77,6.77,6.775422816728168
20230808094244980,6.77,6.77,6.775422816728168
20230808094245570,6.77,6.77,6.775407475490196
20230808094246100,6.77,6.77,6.775407475490196
20230808094247630,6.77,6.77,6.775407475490196
20230808094248000,6.77,6.77,6.775407475490196
20230808094248090,6.77,6.77,6.775407475490196
20230808094248650,6.77,6.77,6.775407475490196
20230808094248800,6.77,6.77,6.775407475490196
20230808094248830,6.77,6.77,6.775407475490196
20230808094253110,6.77,6.77,6.775404743687835
20230808094253950,6.77,6.77,6.775404743687835
20230808094253970,6.77,6.77,6.775404743687835
20230808094255730,6.77,6.77,6.775404743687835
20230808094256600,6.77,6.77,6.775404743687835
20230808094259130,6.77,6.77,6.775403090102493
20230808094259180,6.77,6.77,6.775400611620795
20230808094301320,6.77,6.77,6.775400611620795
20230808094301620,6.77,6.77,6.775400611620795
20230808094302040,6.77,6.77,6.775400611620795
20230808094302200,6.77,6.77,6.775400611620795
20230808094303980,6.77,6.77,6.775400611620795
20230808094304240,6.77,6.77,6.775400611620795
20230808094306700,6.77,6.77,6.775400611620795
20230808094306770,6.77,6.77,6.775400611620795
20230808094306880,6.77,6.77,6.775400611620795
20230808094307240,6.77,6.77,6.775400611620795
20230808094307530,6.77,6.77,6.775400611620795
20230808094307560,6.77,6.77,6.775400611620795
20230808094309310,6.77,6.77,6.775400611620795
20230808094309510,6.77,6.77,6.775400611620795
20230808094310090,6.77,6.77,6.775407712238988
20230808094312590,6.77,6.77,6.775407712238988
20230808094314960,6.77,6.77,6.775407712238988
20230808094318070,6.77,6.77,6.775407712238988
20230808094318330,6.77,6.77,6.775406888143858
20230808094320910,6.77,6.77,6.775406888143858
20230808094321150,6.77,6.77,6.775406888143858
20230808094323000,6.77,6.77,6.775406888143858
20230808094323130,6.77,6.77,6.775406888143858
20230808094325600,6.77,6.77,6.775406888143858
20230808094325620,6.77,6.77,6.775406888143858
20230808094325660,6.77,6.77,6.775406888143858
20230808094325830,6.77,6.77,6.775406888143858
20230808094326340,6.77,6.77,6.775406888143858
20230808094326470,6.77,6.77,6.775406888143858
20230808094326520,6.77,6.77,6.775406888143858
20230808094328460,6.77,6.77,6.775406888143858
20230808094328930,6.77,6.77,6.775406888143858
20230808094329010,6.77,6.77,6.775406888143858
20230808094331020,6.77,6.77,6.775406888143858
20230808094331450,6.77,6.77,6.775406888143858
20230808094331530,6.77,6.77,6.775406888143858
20230808094331820,6.77,6.77,6.775406888143858
20230808094336490,6.77,6.77,6.775406888143858
20230808094337280,6.77,6.77,6.775406888143858
20230808094338870,6.77,6.77,6.775406888143858
20230808094338880,6.77,6.77,6.775406888143858
20230808094340080,6.77,6.77,6.775406888143858
20230808094341830,6.77,6.77,6.775406888143858
20230808094342390,6.77,6.77,6.775406888143858
20230808094342750,6.77,6.77,6.775406888143858
20230808094344800,6.77,6.77,6.775382170425306
20230808094347120,6.77,6.77,6.77538054168558
20230808094347300,6.77,6.77,6.775376474145752
20230808094347830,6.77,6.77,6.775376474145752
20230808094350730,6.77,6.77,6.775376474145752
20230808094350810,6.77,6.77,6.775376474145752
20230808094352980,6.77,6.77,6.775376474145752
20230808094353130,6.77,6.77,6.775377529447297
20230808094355120,6.77,6.77,6.775377529447297
20230808094357780,6.77,6.77,6.775377529447297
20230808094358600,6.77,6.77,6.775376717499623
20230808094358830,6.77,6.77,6.775375094339623
20230808094358900,6.77,6.77,6.775375094339623
20230808094404220,6.77,6.77,6.775375094339623
20230808094404290,6.77,6.77,6.775375094339623
20230808094404320,6.77,6.77,6.775375094339623
20230808094406010,6.77,6.77,6.775375094339623
20230808094407120,6.77,6.77,6.775375094339623
20230808094409170,6.77,6.77,6.775375094339623
20230808094409760,6.77,6.77,6.775375094339623
20230808094414140,6.77,6.77,6.775373472159348
20230808094416930,6.77,6.77,6.775373472159348
20230808094417680,6.77,6.77,6.775373472159348
20230808094417770,6.77,6.77,6.775373472159348
20230808094419550,6.77,6.77,6.775373472159348
20230808094419560,6.77,6.77,6.775373472159348
20230808094420120,6.77,6.77,6.7753788221117635
20230808094420540,6.77,6.77,6.7753788221117635
20230808094422240,6.77,6.77,6.7753788221117635
20230808094422330,6.77,6.77,6.7753788221117635
20230808094422340,6.77,6.77,6.7753788221117635
20230808094422390,6.77,6.77,6.7753788221117635
20230808094422770,6.77,6.77,6.7753788221117635
20230808094423140,6.77,6.77,6.775381031113783
20230808094425910,6.77,6.77,6.775381031113783
20230808094430830,6.77,6.77,6.775381031113783
20230808094431030,6.77,6.77,6.775381031113783
20230808094431150,6.77,6.77,6.775381031113783
20230808094431270,6.77,6.77,6.775381031113783
20230808094431280,6.77,6.77,6.775381031113783
20230808094433260,6.77,6.77,6.775381031113783
20230808094433700,6.77,6.77,6.775381031113783
20230808094434090,6.77,6.77,6.775381031113783
20230808094435820,6.77,6.77,6.775381031113783
20230808094438730,6.77,6.77,6.775381031113783
20230808094439140,6.77,6.77,6.775381031113783
20230808094441300,6.77,6.77,6.775381031113783
20230808094444230,6.77,6.77,6.775381031113783
20230808094444290,6.77,6.77,6.775381031113783
20230808094444360,6.77,6.77,6.775381031113783
20230808094444420,6.77,6.77,6.775381031113783
20230808094444640,6.77,6.77,6.775381031113783
20230808094447610,6.77,6.77,6.775381031113783
20230808094449080,6.77,6.77,6.7753594380511135
20230808094449190,6.77,6.77,6.7753594380511135
20230808094449220,6.77,6.77,6.7753594380511135
20230808094449310,6.77,6.77,6.7753594380511135
20230808094451910,6.77,6.77,6.7753594380511135
20230808094451930,6.77,6.77,6.775351440083569
20230808094451960,6.77,6.77,6.775351440083569
20230808094452340,6.77,6.77,6.775351440083569
20230808094455180,6.77,6.77,6.775351440083569
20230808094455520,6.77,6.77,6.775351440083569
20230808094455560,6.77,6.77,6.775351440083569
20230808094500010,6.77,6.77,6.775351440083569
20230808094500020,6.77,6.77,6.7753520286396185
20230808094500040,6.77,6.77,6.7753520286396185
20230808094500090,6.77,6.77,6.775348039946341
20230808094500200,6.77,6.77,6.775348039946341
20230808094500590,6.77,6.77,6.775348039946341
20230808094502750,6.77,6.77,6.775348039946341
20230808094505380,6.77,6.77,6.775348039946341
20230808094505560,6.77,6.77,6.775348039946341
20230808094505920,6.77,6.77,6.775348039946341
20230808094505960,6.77,6.77,6.775348039946341
20230808094506300,6.77,6.77,6.775348039946341
20230808094506380,6.77,6.77,6.775348039946341
20230808094508840,6.77,6.77,6.775348039946341
20230808094509200,6.77,6.77,6.775342222222222
20230808094511140,6.77,6.77,6.775342222222222
20230808094514130,6.77,6.77,6.775342222222222
20230808094516080,6.77,6.77,6.775342222222222
20230808094516100,6.77,6.77,6.775342222222222
20230808094516130,6.77,6.77,6.775342222222222
20230808094516240,6.77,6.77,6.775342222222222
20230808094516840,6.77,6.77,6.775342222222222
20230808094517040,6.77,6.77,6.775342222222222
20230808094517130,6.77,6.77,6.775342222222222
20230808094517270,6.77,6.77,6.775342222222222
20230808094519070,6.77,6.77,6.775342222222222
20230808094519080,6.77,6.77,6.775342222222222
20230808094519130,6.77,6.77,6.775342222222222
20230808094522070,6.77,6.77,6.775342222222222
20230808094522080,6.77,6.77,6.775342222222222
20230808094522090,6.77,6.77,6.775342222222222
20230808094522300,6.77,6.77,6.775342222222222
20230808094522390,6.77,6.77,6.775342222222222
20230808094524460,6.77,6.77,6.775293599530241
20230808094524500,6.77,6.77,6.775292045788083
20230808094524530,6.77,6.77,6.775292045788083
20230808094524550,6.77,6.77,6.775292045788083
20230808094525070,6.77,6.77,6.775291269258988
20230808094525080,6.77,6.77,6.775283516483516
20230808094525150,6.77,6.77,6.775283516483516
20230808094527160,6.77,6.77,6.775278103044497
20230808094527250,6.77,6.77,6.775278103044497
20230808094527340,6.77,6.77,6.775278103044497
20230808094527990,6.77,6.77,6.775278103044497
20230808094528020,6.77,6.77,6.775278103044497
20230808094530040,6.77,6.77,6.775273471775373
20230808094532330,6.77,6.77,6.775273471775373
20230808094532420,6.77,6.77,6.775273471775373
20230808094533020,6.77,6.77,6.775268848626534
20230808094533100,6.77,6.77,6.775268848626534
20230808094535440,6.77,6.77,6.775268848626534
20230808094536170,6.77,6.77,6.77528488372093
20230808094538140,6.77,6.77,6.77528488372093
20230808094538250,6.77,6.77,6.77528488372093
20230808094538440,6.77,6.77,6.77528488372093
20230808094538860,6.77,6.77,6.77528488372093
20230808094540890,6.77,6.77,6.77528488372093
20230808094541180,6.77,6.77,6.77528488372093
20230808094541380,6.77,6.77,6.77528488372093
20230808094543080,6.77,6.77,6.77528488372093
20230808094543150,6.77,6.77,6.77528488372093
20230808094543980,6.77,6.77,6.77528488372093
20230808094544020,6.77,6.77,6.77528488372093
20230808094544040,6.77,6.77,6.77528488372093
20230808094544140,6.77,6.77,6.77528488372093
20230808094545840,6.77,6.77,6.77528488372093
20230808094546080,6.77,6.77,6.77528488372093
20230808094546100,6.77,6.77,6.77528488372093
20230808094546400,6.77,6.77,6.77528488372093
20230808094546580,6.77,6.77,6.77528488372093
20230808094548550,6.77,6.77,6.77528488372093
20230808094548680,6.77,6.77,6.77528488372093
20230808094548910,6.77,6.77,6.77528488372093
20230808094549080,6.77,6.77,6.77528488372093
20230808094549090,6.77,6.77,6.77528488372093
20230808094549210,6.77,6.77,6.775196512791196
20230808094549270,6.77,6.77,6.77519206054548
20230808094549370,6.77,6.77,6.77519206054548
20230808094549560,6.77,6.77,6.77519206054548
20230808094551460,6.77,6.77,6.77519206054548
20230808094551540,6.77,6.77,6.77519206054548
20230808094551550,6.77,6.77,6.77519206054548
20230808094551830,6.77,6.77,6.77519206054548
20230808094552020,6.77,6.77,6.77519206054548
20230808094552070,6.77,6.77,6.77514212982605
20230808094552080,6.77,6.76,6.774980821917808
20230808094552140,6.77,6.76,6.774979457682827
20230808094552150,6.77,6.76,6.774979457682827
20230808094552160,6.77,6.76,6.774979457682827
20230808094552230,6.77,6.76,6.774979457682827
20230808094552300,6.77,6.76,6.774979457682827
20230808094552310,6.77,6.76,6.774979457682827
20230808094552320,6.77,6.76,6.774979457682827
20230808094554550,6.77,6.76,6.774979457682827
20230808094554560,6.77,6.76,6.774979457682827
20230808094554590,6.77,6.76,6.774979457682827
20230808094554640,6.77,6.76,6.774979457682827
20230808094555040,6.77,6.76,6.774979457682827
20230808094555050,6.77,6.77,6.774979457682827
20230808094555060,6.77,6.76,6.774979457682827
20230808094555080,6.77,6.76,6.774979457682827
20230808094555090,6.77,6.76,6.774979457682827
20230808094555120,6.77,6.77,6.774979457682827
20230808094556710,6.77,6.77,6.774979457682827
20230808094556730,6.77,6.77,6.77487922705314
20230808094556820,6.77,6.76,6.77487464807615
20230808094557060,6.77,6.76,6.774866167023554
20230808094557070,6.77,6.77,6.774866167023554
20230808094557110,6.77,6.77,6.774866167023554
20230808094557130,6.77,6.76,6.774866167023554
20230808094559280,6.77,6.76,6.774866167023554
20230808094559750,6.77,6.76,6.774866167023554
20230808094559890,6.77,6.77,6.774860962566845
20230808094600010,6.77,6.77,6.774860962566845
20230808094600020,6.77,6.76,6.774860962566845
20230808094600050,6.77,6.77,6.774857066524178
20230808094600090,6.77,6.77,6.774855769230769
20230808094600120,6.77,6.77,6.774854472630174
20230808094600160,6.77,6.77,6.774854472630174
20230808094600170,6.77,6.77,6.774854472630174
20230808094602110,6.77,6.76,6.774854472630174
20230808094602130,6.77,6.76,6.774854472630174
20230808094602670,6.77,6.76,6.774854472630174
20230808094603140,6.77,6.76,6.774854472630174
20230808094603180,6.77,6.76,6.774854472630174
20230808094604720,6.77,6.77,6.774854472630174
20230808094604750,6.77,6.76,6.774854472630174
20230808094604850,6.77,6.76,6.774854472630174
20230808094604860,6.77,6.76,6.774854472630174
20230808094604990,6.77,6.76,6.774854472630174
20230808094605120,6.77,6.76,6.774854472630174
20230808094605180,6.77,6.76,6.774854472630174
20230808094605900,6.77,6.76,6.774854472630174
20230808094607420,6.77,6.77,6.774854472630174
20230808094607730,6.77,6.77,6.774854472630174
20230808094608090,6.77,6.77,6.774831117021277
20230808094608120,6.77,6.76,6.774825982996812
20230808094608500,6.77,6.76,6.774825982996812
20230808094610540,6.77,6.76,6.774825982996812
20230808094610560,6.77,6.76,6.774825982996812
20230808094610840,6.77,6.76,6.774825982996812
20230808094611170,6.77,6.76,6.774825982996812
20230808094611270,6.77,6.76,6.774825982996812
20230808094612960,6.77,6.76,6.774825982996812
20230808094613090,6.77,6.76,6.774825982996812
20230808094613150,6.77,6.76,6.774825982996812
20230808094615490,6.77,6.76,6.774825982996812
20230808094615630,6.77,6.76,6.774825982996812
20230808094615650,6.77,6.76,6.774825982996812
20230808094615670,6.77,6.76,6.774825982996812
20230808094616100,6.77,6.76,6.774825982996812
20230808094616110,6.77,6.76,6.774789494522898
20230808094616710,6.77,6.77,6.7747844429795645
20230808094618190,6.77,6.77,6.7747844429795645
20230808094618640,6.77,6.77,6.7747844429795645
20230808094618780,6.77,6.77,6.7747844429795645
20230808094618810,6.77,6.77,6.7747844429795645
20230808094618840,6.77,6.77,6.7747844429795645
20230808094618850,6.77,6.77,6.7747844429795645
20230808094619000,6.77,6.76,6.7747844429795645
20230808094619100,6.77,6.76,6.7747844429795645
20230808094619110,6.77,6.76,6.7747844429795645
20230808094619210,6.77,6.76,6.7747844429795645
20230808094619230,6.77,6.76,6.7747844429795645
20230808094622070,6.77,6.76,6.7747844429795645
20230808094622080,6.77,6.76,6.7747844429795645
20230808094622100,6.77,6.76,6.7747844429795645
20230808094624100,6.77,6.76,6.7747844429795645
20230808094624200,6.77,6.76,6.7747844429795645
20230808094624210,6.77,6.76,6.7747844429795645
20230808094624220,6.77,6.76,6.7747844429795645
20230808094624230,6.77,6.76,6.7747844429795645
20230808094624510,6.77,6.77,6.7747844429795645
20230808094626770,6.77,6.77,6.7747844429795645
20230808094627250,6.77,6.76,6.7747844429795645
20230808094629120,6.77,6.76,6.7747844429795645
20230808094629860,6.77,6.76,6.7747844429795645
20230808094630040,6.77,6.76,6.7747844429795645
20230808094631820,6.77,6.76,6.774771007055805
20230808094632140,6.77,6.76,6.774771007055805
20230808094632300,6.77,6.76,6.774728544183089
20230808094632330,6.77,6.76,6.774728544183089
20230808094632350,6.77,6.77,6.774728544183089
20230808094632360,6.77,6.77,6.774728544183089
20230808094632420,6.77,6.77,6.774728544183089
20230808094632480,6.77,6.77,6.774728544183089
20230808094632540,6.77,6.77,6.774728544183089
20230808094632730,6.77,6.76,6.774719543147208
20230808094632840,6.77,6.76,6.774719543147208
20230808094635050,6.77,6.76,6.774719543147208
20230808094635060,6.77,6.76,6.774719543147208
20230808094635080,6.77,6.76,6.774719543147208
20230808094635090,6.77,6.76,6.774719543147208
20230808094635120,6.77,6.76,6.774719543147208
20230808094635140,6.77,6.76,6.774719543147208
20230808094637250,6.77,6.76,6.774719543147208
20230808094638110,6.77,6.76,6.774719543147208
20230808094638240,6.77,6.76,6.774719543147208
20230808094639950,6.77,6.76,6.774719543147208
20230808094639960,6.77,6.76,6.774719543147208
20230808094640030,6.77,6.76,6.774719543147208
20230808094640210,6.77,6.76,6.774719543147208
20230808094640850,6.77,6.76,6.774719543147208
20230808094640940,6.77,6.76,6.774719543147208
20230808094642860,6.77,6.76,6.774719543147208
20230808094643160,6.77,6.76,6.774719543147208
20230808094645300,6.77,6.76,6.774719543147208
20230808094645530,6.77,6.76,6.7746582438408085
20230808094645670,6.77,6.76,6.7746582438408085
20230808094645880,6.77,6.76,6.774575376884422
20230808094646200,6.77,6.76,6.774575376884422
20230808094646220,6.77,6.76,6.774575376884422
20230808094646400,6.77,6.76,6.774575376884422
20230808094648140,6.77,6.76,6.774571930705498
20230808094648240,6.77,6.76,6.774571930705498
20230808094648470,6.77,6.76,6.774553660982948
20230808094648590,6.77,6.76,6.774553660982948
20230808094650790,6.77,6.76,6.774551836530024
20230808094650880,6.77,6.76,6.774551836530024
20230808094651560,6.77,6.76,6.774551836530024
20230808094651700,6.77,6.76,6.774539078156312
20230808094651780,6.77,6.76,6.774539078156312
20230808094654390,6.77,6.76,6.774539078156312
20230808094654420,6.77,6.76,6.774539078156312
20230808094656000,6.77,6.76,6.774539078156312
20230808094656160,6.77,6.76,6.774539078156312
20230808094656260,6.77,6.76,6.774539078156312
20230808094659050,6.77,6.76,6.774539078156312
20230808094659400,6.77,6.76,6.774539078156312
20230808094702130,6.77,6.76,6.774531797696545
20230808094702540,6.77,6.76,6.774531230441857
20230808094704490,6.77,6.76,6.774531230441857
20230808094707370,6.77,6.76,6.774531230441857
20230808094709890,6.77,6.76,6.774531230441857
20230808094710530,6.77,6.76,6.774500248632521
20230808094710550,6.77,6.76,6.774500248632521
20230808094710570,6.77,6.76,6.774500248632521
20230808094710650,6.77,6.76,6.774500248632521
20230808094712280,6.77,6.76,6.774499130002486
20230808094712800,6.77,6.76,6.774499130002486
20230808094715440,6.77,6.76,6.774460966542751
20230808094715950,6.77,6.76,6.774460966542751
20230808094717570,6.77,6.76,6.774460966542751
20230808094717700,6.77,6.76,6.774460966542751
20230808094717970,6.77,6.76,6.774460966542751
20230808094718020,6.77,6.76,6.774460966542751
20230808094718770,6.77,6.76,6.774460966542751
20230808094718800,6.77,6.76,6.774460966542751
20230808094720680,6.77,6.76,6.774460966542751
20230808094721000,6.77,6.76,6.774460966542751
20230808094723130,6.77,6.76,6.774449252070713
20230808094723240,6.77,6.76,6.774449252070713
20230808094723740,6.77,6.76,6.774449252070713
20230808094723770,6.77,6.76,6.774449252070713
20230808094729330,6.77,6.76,6.774449252070713
20230808094731780,6.77,6.76,6.774449252070713
20230808094732160,6.77,6.76,6.774433193381082
20230808094734320,6.77,6.76,6.774433193381082
20230808094734340,6.77,6.76,6.774433193381082
20230808094737060,6.77,6.76,6.774433193381082
20230808094737080,6.77,6.76,6.774433193381082
20230808094737100,6.77,6.76,6.774433193381082
20230808094739310,6.77,6.76,6.774433193381082
20230808094742470,6.77,6.76,6.774433193381082
20230808094742910,6.77,6.76,6.774376383763838
20230808094744820,6.77,6.76,6.774376383763838
20230808094750050,6.77,6.76,6.774376383763838
20230808094750150,6.77,6.76,6.774376383763838
20230808094750290,6.77,6.76,6.774376383763838
20230808094750490,6.77,6.76,6.77426235509457
20230808094753180,6.77,6.76,6.774260614934114
20230808094755680,6.77,6.76,6.774260614934114
20230808094756360,6.77,6.76,6.774260614934114
20230808094756590,6.77,6.76,6.774260614934114
20230808094758100,6.77,6.76,6.774260614934114
20230808094759030,6.77,6.76,6.774260614934114
20230808094759070,6.77,6.76,6.774260614934114
20230808094759160,6.77,6.76,6.774260614934114
20230808094800830,6.77,6.76,6.774120275329066
20230808094800920,6.77,6.76,6.774120275329066
20230808094801230,6.77,6.76,6.774120275329066
20230808094801320,6.77,6.76,6.774120275329066
20230808094801490,6.77,6.76,6.774120275329066
20230808094801610,6.77,6.76,6.774120275329066
20230808094801640,6.77,6.76,6.774120275329066
20230808094801740,6.77,6.76,6.774120275329066
20230808094802000,6.77,6.76,6.774120275329066
20230808094803900,6.77,6.76,6.774112679454699
20230808094804000,6.77,6.76,6.774112679454699
20230808094804070,6.77,6.76,6.774112679454699
20230808094804200,6.77,6.76,6.774112679454699
20230808094804710,6.77,6.76,6.774112679454699
20230808094806470,6.77,6.76,6.774112679454699
20230808094806520,6.77,6.76,6.774112679454699
20230808094809510,6.77,6.76,6.774112679454699
20230808094811940,6.77,6.76,6.774112679454699
20230808094812740,6.77,6.76,6.774112679454699
20230808094814240,6.77,6.76,6.774112679454699
20230808094814250,6.77,6.76,6.774112679454699
20230808094814380,6.77,6.76,6.774112679454699
20230808094814840,6.77,6.76,6.774112679454699
20230808094815110,6.77,6.76,6.774112679454699
20230808094815160,6.77,6.76,6.774112679454699
20230808094815240,6.77,6.76,6.774112679454699
20230808094815250,6.77,6.76,6.774112679454699
20230808094817110,6.77,6.76,6.774112679454699
20230808094817850,6.77,6.76,6.774112679454699
20230808094818130,6.77,6.76,6.774112679454699
20230808094820080,6.77,6.76,6.774112679454699
20230808094820090,6.77,6.76,6.774112679454699
20230808094820110,6.74,6.76,6.774112679454699
20230808094820170,6.74,6.76,6.774112679454699
20230808094820380,6.74,6.76,6.774112679454699
20230808094820710,6.77,6.76,6.774112679454699
20230808094822750,6.77,6.76,6.774112679454699
20230808094823130,6.77,6.76,6.774112679454699
20230808094825110,6.77,6.76,6.774112679454699
20230808094825550,6.77,6.76,6.774112679454699
20230808094827780,6.77,6.76,6.774112679454699
20230808094827800,6.77,6.76,6.774112679454699
20230808094827810,6.77,6.76,6.774112679454699
20230808094827900,6.77,6.76,6.774112679454699
20230808094828080,6.77,6.76,6.774112679454699
20230808094828530,6.77,6.76,6.774112679454699
20230808094830570,6.77,6.76,6.774112679454699
20230808094830600,6.77,6.76,6.774112679454699
20230808094830800,6.77,6.76,6.774112679454699
20230808094831000,6.77,6.76,6.774112679454699
20230808094831120,6.77,6.76,6.774112679454699
20230808094831160,6.77,6.76,6.774112679454699
20230808094831200,6.77,6.76,6.774112679454699
20230808094831580,6.77,6.76,6.774112679454699
20230808094833200,6.77,6.76,6.774112679454699
20230808094833250,6.77,6.76,6.774112679454699
20230808094833840,6.77,6.76,6.774112679454699
20230808094833990,6.77,6.76,6.774112679454699
20230808094834070,6.77,6.76,6.774112679454699
20230808094834250,6.77,6.76,6.774112679454699
20230808094834400,6.77,6.76,6.774112679454699
20230808094836080,6.77,6.76,6.774112679454699
20230808094836490,6.77,6.76,6.773809467872665
20230808094839200,6.77,6.76,6.773809467872665
20230808094841890,6.77,6.76,6.773809467872665
20230808094844040,6.77,6.76,6.773809467872665
20230808094844470,6.77,6.76,6.773809467872665
20230808094846680,6.77,6.76,6.773809467872665
20230808094846710,6.77,6.76,6.773809467872665
20230808094846940,6.77,6.76,6.773796979276431
20230808094847130,6.77,6.76,6.773796979276431
20230808094847790,6.77,6.76,6.773796979276431
20230808094849510,6.77,6.76,6.773796979276431
20230808094849800,6.77,6.76,6.773796979276431
20230808094850130,6.77,6.76,6.773796979276431
20230808094852110,6.77,6.76,6.773796979276431
20230808094852260,6.77,6.76,6.773796979276431
20230808094852620,6.77,6.76,6.773796979276431
20230808094852650,6.77,6.76,6.773796979276431
20230808094852770,6.77,6.76,6.773796979276431
20230808094852870,6.77,6.76,6.773796979276431
20230808094853130,6.77,6.76,6.773796979276431
20230808094854870,6.77,6.76,6.773724851726945
20230808094855080,6.77,6.76,6.773724851726945
20230808094855230,6.77,6.76,6.773724851726945
20230808094855240,6.77,6.76,6.773724851726945
20230808094855370,6.77,6.76,6.773724851726945
20230808094855680,6.77,6.76,6.773724851726945
20230808094855690,6.77,6.76,6.773724851726945
20230808094858180,6.77,6.76,6.773724851726945
20230808094858550,6.77,6.76,6.773724851726945
20230808094900420,6.77,6.76,6.773724851726945
20230808094900550,6.77,6.76,6.773724851726945
20230808094900710,6.77,6.76,6.773724851726945
20230808094900990,6.77,6.76,6.773724851726945
20230808094901000,6.77,6.76,6.773724851726945
20230808094901130,6.77,6.76,6.773724851726945
20230808094903590,6.77,6.76,6.773724851726945
20230808094903660,6.77,6.76,6.773724851726945
20230808094903770,6.77,6.76,6.773724851726945
20230808094903840,6.77,6.76,6.773724851726945
20230808094904090,6.77,6.76,6.773724851726945
20230808094905770,6.77,6.76,6.773636259454504
20230808094905800,6.77,6.76,6.773636259454504
20230808094906000,6.77,6.76,6.773636259454504
20230808094906110,6.77,6.76,6.773636259454504
20230808094908440,6.77,6.76,6.773618579109941
20230808094908500,6.77,6.76,6.773618579109941
20230808094908810,6.77,6.76,6.773618579109941
20230808094909040,6.77,6.76,6.773618579109941
20230808094914120,6.77,6.76,6.7736154637996115
20230808094914820,6.77,6.76,6.7736154637996115
20230808094917470,6.77,6.76,6.773612158610445
20230808094919140,6.77,6.76,6.773612158610445
20230808094919470,6.77,6.76,6.773612158610445
20230808094919810,6.77,6.76,6.773594659363232
20230808094920120,6.77,6.76,6.773590006844627
20230808094922810,6.77,6.76,6.773583808437857
20230808094930030,6.77,6.76,6.773583808437857
20230808094930040,6.77,6.76,6.773583808437857
20230808094930060,6.77,6.76,6.773583808437857
20230808094933030,6.77,6.76,6.773583808437857
20230808094933050,6.77,6.76,6.773583808437857
20230808094933370,6.77,6.76,6.773583808437857
20230808094933700,6.77,6.76,6.7735737069947595
20230808094935310,6.77,6.76,6.7735737069947595
20230808094935810,6.77,6.76,6.7735737069947595
20230808094935930,6.77,6.76,6.7735737069947595
20230808094936170,6.77,6.76,6.7735716725492425
20230808094936250,6.77,6.76,6.7735716725492425
20230808094936330,6.77,6.76,6.773570859419465
20230808094939050,6.77,6.76,6.773570859419465
20230808094941140,6.77,6.76,6.773570859419465
20230808094941160,6.77,6.76,6.773570859419465
20230808094941400,6.77,6.76,6.773570859419465
20230808094941580,6.77,6.76,6.773570859419465
20230808094941760,6.77,6.76,6.773570859419465
20230808094943640,6.77,6.76,6.773562578151642
20230808094944020,6.77,6.76,6.773562578151642
20230808094944130,6.77,6.76,6.773562578151642
20230808094944180,6.77,6.76,6.773562578151642
20230808094944380,6.77,6.76,6.773562578151642
20230808094944440,6.77,6.76,6.773562578151642
20230808094946070,6.77,6.76,6.773562578151642
20230808094946080,6.77,6.76,6.773562578151642
20230808094946090,6.77,6.76,6.773562578151642
20230808094946140,6.77,6.76,6.7735495577228395
20230808094946210,6.77,6.76,6.7735495577228395
20230808094946290,6.77,6.76,6.7735495577228395
20230808094946320,6.77,6.76,6.773543414191793
20230808094947020,6.77,6.76,6.773543414191793
20230808094947130,6.77,6.76,6.773543414191793
20230808094947180,6.77,6.76,6.773543414191793
20230808094947290,6.77,6.76,6.773543414191793
20230808094949050,6.77,6.76,6.773543414191793
20230808094949080,6.77,6.76,6.773543414191793
20230808094949200,6.77,6.76,6.773543414191793
20230808094951430,6.77,6.76,6.773543414191793
20230808094952120,6.77,6.76,6.773543414191793
20230808094952240,6.77,6.76,6.773543414191793
20230808094952590,6.77,6.76,6.773543414191793
20230808094954600,6.77,6.76,6.773543414191793
20230808094954930,6.77,6.76,6.773543414191793
20230808094955180,6.77,6.76,6.773543414191793
20230808094957560,6.77,6.76,6.773543414191793
20230808094957590,6.77,6.76,6.773543414191793
20230808094957790,6.77,6.76,6.773353366722315
20230808094959940,6.77,6.76,6.773353366722315
20230808095000030,6.77,6.76,6.773353366722315
20230808095000050,6.77,6.76,6.7733444555666775
20230808095000070,6.77,6.76,6.7733444555666775
20230808095000170,6.77,6.76,6.7733444555666775
20230808095000490,6.77,6.76,6.7733444555666775
20230808095002230,6.77,6.76,6.773312999112688
20230808095002530,6.77,6.76,6.773312999112688
20230808095002690,6.77,6.76,6.773312999112688
20230808095003280,6.77,6.76,6.773312999112688
20230808095005290,6.77,6.76,6.773312999112688
20230808095005490,6.77,6.76,6.773312999112688
20230808095005500,6.77,6.76,6.773312999112688
20230808095005540,6.77,6.76,6.773312999112688
20230808095008770,6.77,6.76,6.773312999112688
20230808095010540,6.77,6.76,6.773312999112688
20230808095011180,6.77,6.76,6.773307104067383
20230808095011230,6.77,6.76,6.773295316133319
20230808095011270,6.77,6.76,6.773289429994466
20230808095013030,6.77,6.76,6.773289429994466
20230808095013220,6.77,6.76,6.773287959274015
20230808095013750,6.77,6.76,6.773287959274015
20230808095014130,6.77,6.76,6.773287959274015
20230808095014140,6.77,6.76,6.773287959274015
20230808095015760,6.77,6.76,6.773287959274015
20230808095016040,6.77,6.76,6.773287959274015
20230808095018440,6.77,6.76,6.773287959274015
20230808095018920,6.77,6.76,6.773287959274015
20230808095019040,6.77,6.76,6.773287959274015
20230808095019080,6.77,6.76,6.773287959274015
20230808095021230,6.77,6.76,6.773287959274015
20230808095021280,6.77,6.76,6.773287959274015
20230808095021340,6.77,6.76,6.773287959274015
20230808095022080,6.77,6.76,6.773287959274015
20230808095024080,6.77,6.76,6.773287959274015
20230808095024450,6.77,6.76,6.773287959274015
20230808095024760,6.77,6.76,6.773287959274015
20230808095025090,6.77,6.76,6.773287959274015
20230808095026550,6.77,6.76,6.773287959274015
20230808095026630,6.77,6.76,6.773287959274015
20230808095027050,6.77,6.76,6.773287959274015
20230808095027060,6.77,6.76,6.773287959274015
20230808095029240,6.77,6.76,6.773287959274015
20230808095030040,6.77,6.76,6.773287959274015
20230808095030050,6.77,6.76,6.773287959274015
20230808095031990,6.77,6.76,6.773287959274015
20230808095032030,6.77,6.76,6.773287959274015
20230808095032040,6.77,6.76,6.773287959274015
20230808095032130,6.77,6.76,6.773287959274015
20230808095033030,6.77,6.76,6.773287959274015
20230808095033090,6.77,6.76,6.773287959274015
20230808095034740,6.77,6.76,6.773287959274015
20230808095034860,6.77,6.76,6.773287959274015
20230808095034980,6.77,6.76,6.773287959274015
20230808095035100,6.77,6.76,6.773287959274015
20230808095035120,6.77,6.76,6.773287959274015
20230808095035140,6.77,6.76,6.773287959274015
20230808095035150,6.77,6.76,6.773287959274015
20230808095035410,6.77,6.76,6.773287959274015
20230808095037380,6.77,6.76,6.773287959274015
20230808095037440,6.77,6.76,6.773287959274015
20230808095037450,6.77,6.76,6.773287959274015
20230808095037590,6.77,6.76,6.773287959274015
20230808095037640,6.77,6.76,6.773287959274015
20230808095038130,6.77,6.76,6.773065740941636
20230808095038200,6.77,6.76,6.773065740941636
20230808095038210,6.77,6.76,6.773065740941636
20230808095040080,6.77,6.76,6.773050167948857
20230808095040250,6.77,6.76,6.773050167948857
20230808095040340,6.77,6.76,6.773033221512823
20230808095040620,6.77,6.76,6.773033221512823
20230808095041120,6.77,6.76,6.7729884561441365
20230808095043170,6.77,6.76,6.7729884561441365
20230808095043180,6.77,6.76,6.772981018119068
20230808095043260,6.77,6.76,6.772981018119068
20230808095043420,6.77,6.76,6.772979618246522
20230808095043540,6.77,6.76,6.772979618246522
20230808095043580,6.77,6.76,6.772978218675868
20230808095043610,6.77,6.76,6.772976819407008
20230808095043720,6.77,6.76,6.772976819407008
20230808095045520,6.77,6.76,6.772976819407008
20230808095046170,6.77,6.76,6.772976819407008
20230808095046390,6.77,6.76,6.772976819407008
20230808095046660,6.77,6.76,6.772976819407008
20230808095046670,6.77,6.76,6.772976819407008
20230808095049010,6.77,6.76,6.772961447340082
20230808095049090,6.77,6.76,6.772957261276779
20230808095049110,6.77,6.76,6.772948897256589
20230808095049180,6.76,6.76,6.772948897256589
20230808095049190,6.77,6.76,6.7729433272394886
20230808095049310,6.77,6.76,6.7729433272394886
20230808095051070,6.77,6.76,6.7729433272394886
20230808095051580,6.77,6.76,6.7729433272394886
20230808095051590,6.77,6.76,6.7729433272394886
20230808095051900,6.77,6.76,6.7729433272394886
20230808095051990,6.77,6.76,6.772939279957012
20230808095053690,6.77,6.76,6.772939279957012
20230808095053770,6.77,6.76,6.772885273972602
20230808095053790,6.77,6.76,6.772885273972602
20230808095053810,6.77,6.76,6.772885273972602
20230808095053850,6.77,6.76,6.772885273972602
20230808095053890,6.77,6.76,6.772885273972602
20230808095059880,6.77,6.76,6.772882516584636
20230808095100010,6.77,6.76,6.772882516584636
20230808095100020,6.77,6.76,6.772882516584636
20230808095100040,6.77,6.76,6.772874251497006
20230808095102150,6.77,6.76,6.772874251497006
20230808095102390,6.77,6.76,6.772874251497006
20230808095102400,6.77,6.76,6.772874251497006
20230808095102730,6.77,6.76,6.772718220338983
20230808095104530,6.77,6.76,6.772718220338983
20230808095104860,6.76,6.76,6.772628914900348
20230808095104930,6.76,6.76,6.772610297988838
20230808095104960,6.76,6.76,6.772602336104388
20230808095104970,6.76,6.76,6.772595708876735
20230808095104980,6.76,6.76,6.77257586894886
20230808095104990,6.76,6.76,6.772558724832215
20230808095105000,6.76,6.76,6.772558724832215
20230808095105020,6.76,6.76,6.77252719665272
20230808095105060,6.76,6.76,6.772510184895017
20230808095105090,6.76,6.76,6.7724997390669035
20230808095105130,6.76,6.76,6.772478623566215
20230808095105140,6.76,6.76,6.772476021684738
20230808095105170,6.76,6.76,6.772476021684738
20230808095105330,6.76,6.76,6.772476021684738
20230808095105450,6.76,6.76,6.772476021684738
20230808095105590,6.76,6.76,6.772476021684738
20230808095107080,6.76,6.76,6.772476021684738
20230808095107100,6.76,6.76,6.772476021684738
20230808095107120,6.76,6.76,6.772476021684738
20230808095107140,6.76,6.76,6.772476021684738
20230808095107160,6.76,6.76,6.772476021684738
20230808095107170,6.76,6.76,6.772476021684738
20230808095107200,6.76,6.76,6.772476021684738
20230808095107240,6.76,6.76,6.772476021684738
20230808095107630,6.76,6.76,6.772476021684738
20230808095107790,6.76,6.76,6.772476021684738
20230808095108120,6.76,6.76,6.772451592754528
20230808095108240,6.76,6.76,6.772451592754528
20230808095110110,6.76,6.76,6.772451592754528
20230808095110760,6.76,6.76,6.772451592754528
20230808095112670,6.76,6.76,6.772451592754528
20230808095113380,6.76,6.76,6.772451592754528
20230808095113610,6.76,6.76,6.772451592754528
20230808095113640,6.76,6.76,6.772451592754528
20230808095115160,6.76,6.76,6.772451592754528
20230808095115290,6.76,6.76,6.772451592754528
20230808095115530,6.76,6.76,6.772451592754528
20230808095115670,6.76,6.76,6.772451592754528
20230808095117930,6.76,6.76,6.772451592754528
20230808095118400,6.76,6.76,6.772451592754528
20230808095118700,6.76,6.76,6.772451592754528
20230808095120560,6.76,6.76,6.772451592754528
20230808095120840,6.76,6.76,6.772451592754528
20230808095120880,6.76,6.76,6.772451592754528
20230808095120920,6.76,6.76,6.772451592754528
20230808095121100,6.76,6.76,6.772451592754528
20230808095121240,6.76,6.76,6.772451592754528
20230808095121250,6.76,6.76,6.772451592754528
20230808095121490,6.76,6.76,6.772451592754528
20230808095121530,6.76,6.76,6.772451592754528
20230808095124130,6.76,6.76,6.772451592754528
20230808095124280,6.76,6.76,6.772451592754528
20230808095126140,6.76,6.76,6.772451592754528
20230808095127130,6.76,6.76,6.772451592754528
20230808095128920,6.76,6.76,6.772451592754528
20230808095129120,6.76,6.76,6.772451592754528
20230808095129350,6.76,6.76,6.772451592754528
20230808095131400,6.76,6.76,6.772451592754528
20230808095132130,6.76,6.76,6.772451592754528
20230808095134150,6.76,6.76,6.772451592754528
20230808095134210,6.76,6.76,6.772451592754528
20230808095137250,6.76,6.76,6.772451592754528
20230808095137590,6.76,6.76,6.772451592754528
20230808095139490,6.76,6.76,6.772451592754528
20230808095139500,6.76,6.76,6.772451592754528
20230808095142690,6.76,6.76,6.772451592754528
20230808095142730,6.76,6.76,6.772451592754528
20230808095142800,6.76,6.76,6.772451592754528
20230808095144840,6.76,6.76,6.772451592754528
20230808095145650,6.76,6.76,6.772451592754528
20230808095145710,6.76,6.76,6.772451592754528
20230808095147720,6.76,6.76,6.772451592754528
20230808095148490,6.76,6.76,6.772451592754528
20230808095153130,6.76,6.76,6.772315941431223
20230808095153400,6.76,6.76,6.772315941431223
20230808095153590,6.76,6.76,6.772315941431223
20230808095154020,6.76,6.76,6.772315941431223
20230808095156090,6.76,6.76,6.772315941431223
20230808095158510,6.76,6.76,6.772315941431223
20230808095158790,6.76,6.76,6.772315941431223
20230808095158950,6.76,6.76,6.772315941431223
20230808095159130,6.76,6.76,6.772315941431223
20230808095201070,6.76,6.76,6.772315941431223
20230808095201590,6.76,6.76,6.772315941431223
20230808095201870,6.76,6.76,6.772315941431223
20230808095201950,6.76,6.76,6.772315941431223
20230808095202130,6.76,6.76,6.772315941431223
20230808095204340,6.76,6.76,6.772315941431223
20230808095204790,6.76,6.76,6.772315941431223
20230808095204950,6.76,6.76,6.772315941431223
20230808095207020,6.76,6.76,6.772315941431223
20230808095207050,6.76,6.76,6.772315941431223
20230808095207070,6.76,6.76,6.772315941431223
20230808095207080,6.76,6.76,6.772315941431223
20230808095207100,6.76,6.76,6.772315941431223
20230808095207250,6.76,6.76,6.772315941431223
20230808095209440,6.76,6.76,6.772315941431223
20230808095209570,6.76,6.76,6.772315941431223
20230808095209670,6.76,6.76,6.772315941431223
20230808095209780,6.76,6.76,6.772315941431223
20230808095209920,6.76,6.76,6.772315941431223
20230808095209930,6.76,6.76,6.772315941431223
20230808095210020,6.76,6.76,6.772315941431223
20230808095210040,6.76,6.76,6.772315941431223
20230808095210070,6.76,6.76,6.772315941431223
20230808095210080,6.76,6.76,6.772315941431223
20230808095210270,6.76,6.76,6.772315941431223
20230808095211820,6.76,6.76,6.772315941431223
20230808095212060,6.76,6.76,6.772315941431223
20230808095212070,6.76,6.76,6.772315941431223
20230808095212080,6.76,6.76,6.772315941431223
20230808095212110,6.76,6.76,6.772315941431223
20230808095212210,6.76,6.76,6.772315941431223
20230808095212220,6.76,6.76,6.772315941431223
20230808095212250,6.76,6.76,6.772315941431223
20230808095212370,6.76,6.76,6.772315941431223
20230808095213030,6.76,6.76,6.772315941431223
20230808095213070,6.76,6.76,6.772315941431223
20230808095213080,6.76,6.76,6.772084481175391
20230808095215100,6.76,6.76,6.772084481175391
20230808095215560,6.76,6.76,6.772084481175391
20230808095215700,6.76,6.76,6.772084481175391
20230808095217600,6.76,6.76,6.772084481175391
20230808095217940,6.76,6.76,6.772084481175391
20230808095218040,6.76,6.76,6.772084481175391
20230808095220140,6.76,6.76,6.771911527609835
20230808095220190,6.76,6.76,6.771911527609835
20230808095220270,6.76,6.76,6.771911527609835
20230808095220310,6.76,6.76,6.771911527609835
20230808095220490,6.76,6.75,6.771838722635067
20230808095220820,6.76,6.75,6.771838722635067
20230808095220870,6.76,6.75,6.771838722635067
20230808095221130,6.76,6.75,6.771838722635067
20230808095222900,6.76,6.75,6.771442516268981
20230808095223140,6.76,6.75,6.771442516268981
20230808095223660,6.76,6.75,6.771442516268981
