Timestamp,ask1,bid1,VWAP
20230630093000030,6.71,6.7,6.7
20230630093000140,6.71,6.7,6.7
20230630093000150,6.7,6.7,6.7
20230630093000160,6.7,6.7,6.7
20230630093000170,6.7,6.7,6.7
20230630093000180,6.7,6.7,6.7
20230630093000190,6.7,6.7,6.7
20230630093000200,6.7,6.7,6.7
20230630093000210,6.7,6.7,6.7
20230630093000220,6.7,6.7,6.7
20230630093000230,6.7,6.7,6.7
20230630093000240,6.7,6.7,6.700081058020478
20230630093000250,6.7,6.7,6.700081058020478
20230630093000260,6.7,6.7,6.700081058020478
20230630093000270,6.7,6.7,6.700081058020478
20230630093000610,6.7,6.7,6.700081058020478
20230630093000630,6.7,6.7,6.700081058020478
20230630093000640,6.7,6.7,6.700081058020478
20230630093000650,6.7,6.7,6.700081058020478
20230630093000660,6.7,6.7,6.700081058020478
20230630093000670,6.7,6.7,6.700081058020478
20230630093000680,6.7,6.7,6.700081058020478
20230630093000690,6.7,6.7,6.700081058020478
20230630093000700,6.7,6.7,6.700081058020478
20230630093000710,6.7,6.7,6.700081058020478
20230630093000720,6.7,6.69,6.700081058020478
20230630093000730,6.7,6.69,6.700081058020478
20230630093000740,6.7,6.69,6.700081058020478
20230630093000750,6.7,6.69,6.700081058020478
20230630093000760,6.7,6.69,6.700081058020478
20230630093000770,6.7,6.69,6.700081058020478
20230630093000780,6.7,6.69,6.700081058020478
20230630093000790,6.7,6.69,6.700067945643485
20230630093000810,6.7,6.69,6.700067945643485
20230630093000820,6.7,6.69,6.700067945643485
20230630093000830,6.7,6.69,6.700067945643485
20230630093000840,6.7,6.69,6.700067945643485
20230630093000850,6.7,6.69,6.700067945643485
20230630093000860,6.7,6.69,6.700067945643485
20230630093000870,6.7,6.69,6.700067945643485
20230630093000880,6.7,6.69,6.700067945643485
20230630093000890,6.71,6.69,6.700067945643485
20230630093000900,6.71,6.69,6.700067945643485
20230630093000930,6.71,6.69,6.700067945643485
20230630093000940,6.71,6.69,6.69995026778883
20230630093000950,6.71,6.69,6.69995026778883
20230630093000970,6.71,6.69,6.69995026778883
20230630093000990,6.71,6.69,6.69995026778883
20230630093001010,6.71,6.69,6.69995026778883
20230630093001690,6.71,6.69,6.69995026778883
20230630093001710,6.71,6.69,6.69995026778883
20230630093001760,6.71,6.69,6.69995026778883
20230630093001770,6.71,6.69,6.69995026778883
20230630093001780,6.7,6.69,6.69995026778883
20230630093001810,6.7,6.69,6.69995026778883
20230630093001820,6.7,6.69,6.69995026778883
20230630093001830,6.7,6.69,6.6999323308270675
20230630093001840,6.7,6.69,6.6999323308270675
20230630093001860,6.7,6.69,6.6999323308270675
20230630093001870,6.7,6.69,6.6999323308270675
20230630093001880,6.7,6.69,6.6999323308270675
20230630093001890,6.7,6.69,6.6999323308270675
20230630093001900,6.7,6.69,6.6999323308270675
20230630093001920,6.7,6.69,6.6999323308270675
20230630093001930,6.7,6.69,6.6999323308270675
20230630093001940,6.7,6.69,6.6999323308270675
20230630093001950,6.7,6.69,6.6999323308270675
20230630093001980,6.7,6.69,6.6999323308270675
20230630093001990,6.7,6.69,6.6999323308270675
20230630093002000,6.7,6.69,6.6999323308270675
20230630093002010,6.7,6.69,6.6999323308270675
20230630093002020,6.7,6.69,6.6999323308270675
20230630093002030,6.7,6.69,6.6999323308270675
20230630093002090,6.7,6.69,6.6999323308270675
20230630093002110,6.7,6.69,6.6999323308270675
20230630093002120,6.7,6.69,6.6999323308270675
20230630093002150,6.71,6.69,6.6999323308270675
20230630093002170,6.71,6.69,6.6999323308270675
20230630093002180,6.71,6.69,6.6999323308270675
20230630093002200,6.71,6.69,6.6999323308270675
20230630093002210,6.71,6.69,6.6999323308270675
20230630093002220,6.71,6.69,6.6999323308270675
20230630093002230,6.71,6.69,6.6999323308270675
20230630093002260,6.71,6.69,6.6999323308270675
20230630093002270,6.71,6.69,6.6999323308270675
20230630093002280,6.71,6.69,6.6999323308270675
20230630093002290,6.71,6.69,6.6999323308270675
20230630093002320,6.71,6.69,6.6999323308270675
20230630093002340,6.71,6.69,6.6999323308270675
20230630093002360,6.71,6.69,6.6999323308270675
20230630093002370,6.71,6.69,6.6999323308270675
20230630093002380,6.71,6.69,6.6999323308270675
20230630093002390,6.71,6.69,6.6999323308270675
20230630093002400,6.71,6.69,6.6999323308270675
20230630093002410,6.71,6.69,6.6999323308270675
20230630093002440,6.71,6.69,6.6999323308270675
20230630093003700,6.7,6.69,6.6999323308270675
20230630093003710,6.7,6.69,6.6999323308270675
20230630093003720,6.7,6.69,6.6999323308270675
20230630093003820,6.7,6.69,6.6999323308270675
20230630093003850,6.7,6.69,6.6999323308270675
20230630093003860,6.7,6.69,6.6999323308270675
20230630093003870,6.7,6.69,6.6999323308270675
20230630093003890,6.7,6.69,6.6999323308270675
20230630093003920,6.7,6.69,6.6999323308270675
20230630093003930,6.7,6.69,6.6999323308270675
20230630093003990,6.7,6.69,6.6999323308270675
20230630093004000,6.7,6.69,6.6999323308270675
20230630093004060,6.7,6.69,6.6999323308270675
20230630093004070,6.71,6.69,6.6999323308270675
20230630093004080,6.71,6.69,6.6999323308270675
20230630093004130,6.7,6.69,6.6999248366013076
20230630093004140,6.7,6.69,6.6999248366013076
20230630093004150,6.7,6.69,6.6999248366013076
20230630093004160,6.7,6.69,6.6999248366013076
20230630093004180,6.7,6.69,6.6999248366013076
20230630093004280,6.7,6.69,6.6999248366013076
20230630093004290,6.7,6.69,6.6999248366013076
20230630093004320,6.7,6.69,6.6999248366013076
20230630093004330,6.7,6.69,6.6999248366013076
20230630093004380,6.7,6.69,6.6999248366013076
20230630093004430,6.7,6.69,6.6999248366013076
20230630093004480,6.7,6.69,6.6999248366013076
20230630093004500,6.7,6.69,6.6999248366013076
20230630093004530,6.7,6.69,6.6999248366013076
20230630093004590,6.7,6.69,6.6999248366013076
20230630093004680,6.7,6.69,6.6999248366013076
20230630093004760,6.7,6.69,6.6999248366013076
20230630093004820,6.7,6.69,6.6999248366013076
20230630093004850,6.7,6.69,6.6999248366013076
20230630093004870,6.7,6.69,6.6999248366013076
20230630093007810,6.7,6.69,6.6999248366013076
20230630093008040,6.7,6.69,6.6999248366013076
20230630093008110,6.7,6.69,6.6999248366013076
20230630093008320,6.7,6.69,6.6999248366013076
20230630093008350,6.7,6.69,6.6999248366013076
20230630093008380,6.7,6.69,6.6999248366013076
20230630093008490,6.7,6.69,6.6999248366013076
20230630093008910,6.7,6.69,6.6999248366013076
20230630093009030,6.7,6.69,6.6999248366013076
20230630093009080,6.7,6.69,6.6999248366013076
20230630093009360,6.7,6.69,6.6999248366013076
20230630093009530,6.7,6.69,6.6999248366013076
20230630093009840,6.7,6.69,6.6999248366013076
20230630093009900,6.7,6.69,6.6999248366013076
20230630093010070,6.7,6.69,6.6999248366013076
20230630093010080,6.7,6.69,6.6999248366013076
20230630093010090,6.7,6.69,6.699680250783699
20230630093010100,6.7,6.69,6.699680250783699
20230630093010120,6.7,6.69,6.699680250783699
20230630093010130,6.7,6.69,6.699680250783699
20230630093010150,6.7,6.69,6.699680250783699
20230630093010300,6.7,6.69,6.699680250783699
20230630093010480,6.7,6.69,6.699680250783699
20230630093010630,6.7,6.69,6.699680250783699
20230630093014000,6.69,6.69,6.699680250783699
20230630093014340,6.69,6.69,6.699680250783699
20230630093014470,6.69,6.69,6.699680250783699
20230630093014550,6.69,6.69,6.699680250783699
20230630093014780,6.69,6.69,6.699680250783699
20230630093015110,6.69,6.69,6.699680250783699
20230630093015200,6.69,6.69,6.699680250783699
20230630093015370,6.69,6.69,6.699530864197531
20230630093015490,6.69,6.69,6.699530864197531
20230630093015830,6.69,6.69,6.699530864197531
20230630093015840,6.69,6.69,6.699530864197531
20230630093015990,6.69,6.69,6.699530864197531
20230630093016070,6.69,6.69,6.699530864197531
20230630093016080,6.69,6.67,6.697025503355705
20230630093016110,6.69,6.67,6.697025503355705
20230630093016180,6.69,6.67,6.697025503355705
20230630093016190,6.69,6.67,6.697025503355705
20230630093016200,6.69,6.67,6.697025503355705
20230630093017870,6.69,6.67,6.697025503355705
20230630093017980,6.68,6.67,6.694708054465728
20230630093017990,6.68,6.67,6.694708054465728
20230630093018060,6.68,6.67,6.694708054465728
20230630093018120,6.68,6.67,6.694708054465728
20230630093018130,6.68,6.67,6.694708054465728
20230630093018180,6.68,6.67,6.694708054465728
20230630093018440,6.68,6.67,6.694708054465728
20230630093018450,6.68,6.67,6.694708054465728
20230630093018560,6.68,6.67,6.694708054465728
20230630093018640,6.68,6.67,6.694708054465728
20230630093020690,6.68,6.67,6.694708054465728
20230630093021020,6.68,6.67,6.694708054465728
20230630093021060,6.67,6.67,6.694708054465728
20230630093021100,6.67,6.67,6.694708054465728
20230630093021250,6.67,6.67,6.694708054465728
20230630093021470,6.67,6.67,6.694708054465728
20230630093021520,6.68,6.67,6.694708054465728
20230630093021530,6.68,6.67,6.694708054465728
20230630093021540,6.68,6.67,6.694708054465728
20230630093023360,6.66,6.67,6.694708054465728
20230630093023520,6.66,6.67,6.694708054465728
20230630093023580,6.66,6.67,6.694708054465728
20230630093023590,6.66,6.67,6.694708054465728
20230630093023740,6.66,6.67,6.694708054465728
20230630093023800,6.66,6.67,6.694708054465728
20230630093024080,6.66,6.67,6.693478260869565
20230630093024090,6.66,6.66,6.693478260869565
20230630093024100,6.66,6.64,6.685494386091996
20230630093024110,6.66,6.64,6.683519744155422
20230630093024120,6.65,6.64,6.68273759812928
20230630093024130,6.65,6.64,6.68273759812928
20230630093024140,6.65,6.64,6.682453957192633
20230630093024150,6.65,6.64,6.680401681457263
20230630093024160,6.66,6.65,6.680400261547803
20230630093024170,6.66,6.65,6.680400261547803
20230630093024190,6.66,6.65,6.680400261547803
20230630093024230,6.66,6.65,6.680400261547803
20230630093024330,6.66,6.65,6.680400261547803
20230630093024350,6.66,6.65,6.680400261547803
20230630093024360,6.66,6.65,6.680400261547803
20230630093025890,6.66,6.65,6.680400261547803
20230630093025990,6.66,6.65,6.680400261547803
20230630093026040,6.66,6.65,6.680400261547803
20230630093026090,6.65,6.65,6.680400261547803
20230630093026130,6.65,6.65,6.680400261547803
20230630093026150,6.65,6.65,6.680400261547803
20230630093026160,6.66,6.65,6.68012491121885
20230630093026170,6.66,6.65,6.680110963639732
20230630093026210,6.66,6.65,6.680110963639732
20230630093026270,6.66,6.65,6.680101672426562
20230630093026290,6.66,6.65,6.680092386945525
20230630093026300,6.66,6.65,6.680083107191316
20230630093026310,6.66,6.65,6.680083107191316
20230630093026330,6.66,6.65,6.680059932825933
20230630093026350,6.66,6.65,6.6800506730739615
20230630093026400,6.66,6.65,6.6800506730739615
20230630093026430,6.66,6.65,6.680009074689307
20230630093026510,6.65,6.65,6.67997219491213
20230630093026570,6.65,6.65,6.67997219491213
20230630093026580,6.65,6.65,6.67997219491213
20230630093026600,6.65,6.65,6.67997219491213
20230630093026640,6.65,6.65,6.67997219491213
20230630093026660,6.64,6.65,6.679930813364833
20230630093026670,6.64,6.65,6.679912458222182
20230630093026700,6.65,6.65,6.679848392130466
20230630093026710,6.66,6.65,6.679843826480666
20230630093026770,6.66,6.65,6.679843826480666
20230630093026840,6.66,6.65,6.679843826480666
20230630093027060,6.66,6.65,6.679825631151049
20230630093027080,6.66,6.65,6.679789211795592
20230630093027120,6.66,6.65,6.6797801208496095
20230630093027150,6.66,6.65,6.6797801208496095
20230630093028650,6.66,6.65,6.6797801208496095
20230630093028690,6.66,6.65,6.6797801208496095
20230630093028850,6.66,6.65,6.6797801208496095
20230630093028900,6.66,6.65,6.6797801208496095
20230630093029200,6.66,6.63,6.6797801208496095
20230630093029240,6.66,6.63,6.6797801208496095
20230630093029250,6.65,6.63,6.6797801208496095
20230630093029360,6.66,6.63,6.6797801208496095
20230630093029530,6.66,6.63,6.6797801208496095
20230630093029630,6.66,6.63,6.6797801208496095
20230630093031340,6.66,6.65,6.678968339146767
20230630093031370,6.66,6.65,6.678968339146767
20230630093031380,6.66,6.65,6.678968339146767
20230630093031390,6.66,6.65,6.678968339146767
20230630093031460,6.66,6.65,6.678968339146767
20230630093031500,6.66,6.65,6.678968339146767
20230630093031680,6.66,6.65,6.678968339146767
20230630093031820,6.66,6.65,6.678968339146767
20230630093031860,6.66,6.65,6.678968339146767
20230630093031890,6.66,6.65,6.678861500607714
20230630093031910,6.66,6.65,6.678855910855585
20230630093031920,6.66,6.65,6.678855910855585
20230630093031930,6.66,6.65,6.678855910855585
20230630093031940,6.66,6.65,6.678855910855585
20230630093031950,6.66,6.65,6.678855910855585
20230630093031960,6.66,6.65,6.678855910855585
20230630093031970,6.66,6.65,6.678855910855585
20230630093032090,6.66,6.65,6.678505328180807
20230630093032260,6.66,6.65,6.678505328180807
20230630093032410,6.66,6.65,6.678505328180807
20230630093032470,6.66,6.65,6.678480314730315
20230630093032540,6.66,6.65,6.6784761500892
20230630093034070,6.66,6.65,6.6784761500892
20230630093034080,6.66,6.65,6.678281005845246
20230630093034090,6.66,6.65,6.678270432066633
20230630093034100,6.66,6.66,6.67765517145013
20230630093034150,6.66,6.66,6.67763053609801
20230630093034180,6.66,6.66,6.67762561727534
20230630093034240,6.66,6.66,6.67762561727534
20230630093034270,6.66,6.66,6.67762561727534
20230630093034280,6.66,6.66,6.67762561727534
20230630093034330,6.66,6.65,6.6776207011965525
20230630093034360,6.66,6.65,6.677612999470206
20230630093034510,6.66,6.65,6.677588477710022
20230630093034520,6.66,6.65,6.677588477710022
20230630093034530,6.66,6.65,6.677588477710022
20230630093034600,6.66,6.65,6.677588477710022
20230630093034730,6.66,6.65,6.677527158058512
20230630093035000,6.66,6.66,6.677524723595756
20230630093035010,6.66,6.66,6.677524723595756
20230630093035050,6.66,6.66,6.677524723595756
20230630093035060,6.66,6.66,6.677524723595756
20230630093035070,6.66,6.66,6.677524723595756
20230630093035080,6.66,6.66,6.677524723595756
20230630093035090,6.66,6.66,6.677481018621148
20230630093035100,6.66,6.66,6.677481018621148
20230630093035110,6.66,6.66,6.677481018621148
20230630093035120,6.66,6.66,6.677481018621148
20230630093035140,6.66,6.66,6.677481018621148
20230630093035200,6.66,6.66,6.677481018621148
20230630093035250,6.66,6.66,6.677481018621148
20230630093036700,6.66,6.66,6.677481018621148
20230630093036800,6.66,6.66,6.67746166408326
20230630093037070,6.66,6.66,6.67746166408326
20230630093037080,6.66,6.66,6.676747769990443
20230630093037090,6.66,6.66,6.676747769990443
20230630093037100,6.66,6.66,6.676747769990443
20230630093037140,6.66,6.66,6.676747769990443
20230630093037160,6.66,6.66,6.676747769990443
20230630093037270,6.66,6.66,6.676747769990443
20230630093037300,6.66,6.66,6.676747769990443
20230630093037370,6.66,6.66,6.676747769990443
20230630093037510,6.66,6.66,6.676747769990443
20230630093037530,6.66,6.66,6.676747769990443
20230630093037580,6.66,6.66,6.676747769990443
20230630093037600,6.66,6.66,6.676747769990443
20230630093037660,6.66,6.66,6.676747769990443
20230630093037880,6.66,6.65,6.67634126942735
20230630093037900,6.66,6.65,6.67634126942735
20230630093037930,6.66,6.65,6.67634126942735
20230630093039510,6.66,6.65,6.67634126942735
20230630093039770,6.66,6.65,6.67634126942735
20230630093039810,6.66,6.65,6.6763072499219325
20230630093040070,6.66,6.65,6.6763072499219325
20230630093040080,6.66,6.65,6.6763072499219325
20230630093040090,6.66,6.65,6.6763072499219325
20230630093040100,6.66,6.65,6.676296647855824
20230630093040120,6.66,6.65,6.676296647855824
20230630093040150,6.66,6.65,6.676126794997169
20230630093040330,6.66,6.65,6.676109996656637
20230630093040340,6.66,6.65,6.676066421895861
20230630093040410,6.66,6.65,6.676046359484838
20230630093040430,6.66,6.65,6.676029664384791
20230630093040490,6.66,6.65,6.676029664384791
20230630093040520,6.66,6.65,6.676029664384791
20230630093040640,6.66,6.65,6.675968252752025
20230630093042290,6.66,6.65,6.675968252752025
20230630093042520,6.66,6.65,6.675968252752025
20230630093042620,6.66,6.65,6.675968252752025
20230630093042690,6.66,6.65,6.675968252752025
20230630093042780,6.66,6.65,6.675968252752025
20230630093043010,6.66,6.65,6.675968252752025
20230630093043040,6.66,6.65,6.675968252752025
20230630093043060,6.66,6.65,6.675968252752025
20230630093043070,6.66,6.65,6.6751085324736055
20230630093043200,6.66,6.65,6.6751085324736055
20230630093043330,6.66,6.65,6.6751085324736055
20230630093044880,6.66,6.65,6.6751085324736055
20230630093044890,6.66,6.65,6.6751085324736055
20230630093044920,6.66,6.65,6.6751085324736055
20230630093044950,6.66,6.65,6.6751085324736055
20230630093045130,6.66,6.65,6.6751085324736055
20230630093045590,6.66,6.65,6.6751085324736055
20230630093045680,6.66,6.65,6.6751085324736055
20230630093047660,6.65,6.65,6.6751085324736055
20230630093047750,6.65,6.65,6.6751085324736055
20230630093048080,6.65,6.65,6.6751085324736055
20230630093048390,6.66,6.65,6.6751085324736055
20230630093048400,6.66,6.65,6.6751085324736055
20230630093048470,6.66,6.65,6.6751085324736055
20230630093048500,6.66,6.65,6.6751085324736055
20230630093048530,6.66,6.65,6.6751085324736055
20230630093048700,6.66,6.65,6.6751085324736055
20230630093050300,6.66,6.65,6.6751085324736055
20230630093050320,6.66,6.65,6.6751085324736055
20230630093050330,6.66,6.65,6.6747385104935875
20230630093050340,6.66,6.65,6.6747385104935875
20230630093050630,6.66,6.65,6.674722282912145
20230630093050640,6.66,6.65,6.674722282912145
20230630093050650,6.66,6.65,6.674722282912145
20230630093050680,6.66,6.65,6.674722282912145
20230630093050790,6.66,6.65,6.674722282912145
20230630093050820,6.64,6.65,6.674718068838294
20230630093050930,6.66,6.65,6.674718068838294
20230630093050940,6.66,6.65,6.674718068838294
20230630093050950,6.65,6.65,6.674718068838294
20230630093050960,6.65,6.65,6.674718068838294
20230630093050980,6.65,6.65,6.674718068838294
20230630093051020,6.65,6.65,6.674718068838294
20230630093051040,6.65,6.65,6.674718068838294
20230630093051260,6.66,6.65,6.674718068838294
20230630093051360,6.66,6.65,6.674718068838294
20230630093052890,6.66,6.65,6.674718068838294
20230630093052900,6.65,6.65,6.674718068838294
20230630093052940,6.65,6.65,6.674718068838294
20230630093053000,6.65,6.65,6.674718068838294
20230630093053180,6.65,6.65,6.674408975220899
20230630093053260,6.65,6.65,6.674408975220899
20230630093053390,6.64,6.65,6.674183264556449
20230630093053400,6.65,6.65,6.67404116585111
20230630093053410,6.66,6.65,6.67404116585111
20230630093053420,6.65,6.65,6.67404116585111
20230630093053460,6.65,6.65,6.67404116585111
20230630093053470,6.66,6.65,6.67404116585111
20230630093053480,6.66,6.65,6.67404116585111
20230630093053540,6.66,6.65,6.67404116585111
20230630093053560,6.66,6.65,6.67404116585111
20230630093053570,6.66,6.65,6.6740264194834795
20230630093053690,6.66,6.65,6.6740264194834795
20230630093053700,6.66,6.65,6.6740264194834795
20230630093053710,6.66,6.65,6.6740264194834795
20230630093053890,6.66,6.65,6.674022381506183
20230630093053940,6.66,6.65,6.674022381506183
20230630093054000,6.66,6.65,6.674022381506183
20230630093054070,6.65,6.65,6.674022381506183
20230630093054130,6.65,6.65,6.674014308426074
20230630093055770,6.65,6.65,6.674014308426074
20230630093055780,6.65,6.65,6.674010273322578
20230630093055880,6.65,6.65,6.674010273322578
20230630093056070,6.65,6.65,6.674010273322578
20230630093056090,6.65,6.65,6.674010273322578
20230630093056210,6.65,6.65,6.674010273322578
20230630093056480,6.65,6.65,6.674010273322578
20230630093056510,6.65,6.65,6.674010273322578
20230630093056520,6.65,6.65,6.674010273322578
20230630093056530,6.65,6.65,6.674010273322578
20230630093056720,6.65,6.65,6.674010273322578
20230630093056780,6.65,6.65,6.674010273322578
20230630093058700,6.65,6.65,6.674010273322578
20230630093058790,6.65,6.65,6.674010273322578
20230630093058860,6.64,6.65,6.673929771823518
20230630093058870,6.65,6.65,6.6739016862568885
20230630093058880,6.65,6.65,6.6739016862568885
20230630093058910,6.64,6.65,6.6739016862568885
20230630093059010,6.64,6.65,6.6739016862568885
20230630093059050,6.64,6.65,6.6739016862568885
20230630093059060,6.64,6.65,6.673889663813892
20230630093059080,6.65,6.65,6.673797774267324
20230630093059100,6.64,6.65,6.673797774267324
20230630093059350,6.65,6.65,6.673785825398322
20230630093059510,6.65,6.65,6.673785825398322
20230630093101000,6.65,6.65,6.673785825398322
20230630093101010,6.65,6.65,6.673785825398322
20230630093101080,6.65,6.65,6.673785825398322
20230630093101150,6.65,6.65,6.673646492337973
20230630093101350,6.65,6.65,6.673646492337973
20230630093101610,6.65,6.65,6.673567838608631
20230630093101650,6.65,6.65,6.673567838608631
20230630093101660,6.65,6.65,6.673567838608631
20230630093101670,6.65,6.65,6.673559577500994
20230630093101690,6.65,6.65,6.673559577500994
20230630093101740,6.65,6.65,6.673559577500994
20230630093101760,6.65,6.65,6.673559577500994
20230630093101830,6.65,6.65,6.673559577500994
20230630093103690,6.65,6.65,6.673559577500994
20230630093104070,6.65,6.65,6.673559577500994
20230630093104080,6.65,6.65,6.673559577500994
20230630093104110,6.65,6.65,6.673485487327619
20230630093104250,6.65,6.65,6.673485487327619
20230630093104260,6.65,6.65,6.673485487327619
20230630093104320,6.65,6.65,6.673485487327619
20230630093104350,6.65,6.65,6.673485487327619
20230630093104430,6.65,6.65,6.673485487327619
20230630093104460,6.65,6.65,6.673485487327619
20230630093104580,6.65,6.65,6.673485487327619
20230630093104670,6.65,6.65,6.673485487327619
20230630093106460,6.65,6.65,6.673485487327619
20230630093106520,6.65,6.65,6.673485487327619
20230630093106650,6.65,6.65,6.673485487327619
20230630093106710,6.65,6.65,6.673485487327619
20230630093106740,6.65,6.65,6.673485487327619
20230630093106850,6.65,6.65,6.673485487327619
20230630093106880,6.65,6.65,6.673485487327619
20230630093106950,6.65,6.65,6.673485487327619
20230630093107090,6.65,6.65,6.673485487327619
20230630093107100,6.65,6.65,6.673485487327619
20230630093107120,6.67,6.66,6.673485487327619
20230630093107230,6.67,6.66,6.673485487327619
20230630093107340,6.67,6.66,6.673485487327619
20230630093107350,6.67,6.66,6.673485487327619
20230630093107360,6.67,6.66,6.673485487327619
20230630093107390,6.67,6.66,6.673485487327619
20230630093107400,6.67,6.66,6.673485487327619
20230630093107500,6.67,6.66,6.673485487327619
20230630093107550,6.67,6.66,6.673485487327619
20230630093107570,6.67,6.66,6.673485487327619
20230630093107590,6.67,6.66,6.673485487327619
20230630093109300,6.67,6.66,6.673485487327619
20230630093109320,6.67,6.66,6.673485487327619
20230630093109700,6.67,6.66,6.673485487327619
20230630093109770,6.67,6.66,6.673485487327619
20230630093109870,6.67,6.66,6.673485487327619
20230630093109890,6.67,6.66,6.673485487327619
20230630093109910,6.67,6.66,6.673485487327619
20230630093110080,6.67,6.67,6.672853871174739
20230630093110090,6.67,6.67,6.672867286540925
20230630093110140,6.67,6.67,6.672867286540925
20230630093110240,6.67,6.67,6.672867286540925
20230630093110250,6.67,6.67,6.672867286540925
20230630093111890,6.67,6.67,6.672867286540925
20230630093112180,6.67,6.67,6.672867286540925
20230630093112230,6.67,6.67,6.672867286540925
20230630093112250,6.67,6.67,6.672867286540925
20230630093112270,6.67,6.67,6.672867286540925
20230630093112280,6.67,6.67,6.672867286540925
20230630093112410,6.67,6.67,6.672867286540925
20230630093112420,6.67,6.67,6.672867286540925
20230630093112610,6.67,6.67,6.672867286540925
20230630093112750,6.67,6.67,6.672867286540925
20230630093112820,6.67,6.67,6.672867286540925
20230630093112990,6.67,6.67,6.672867286540925
20230630093114560,6.67,6.67,6.672867286540925
20230630093114700,6.67,6.67,6.672867286540925
20230630093114730,6.67,6.67,6.672867286540925
20230630093114780,6.67,6.67,6.672867286540925
20230630093114800,6.67,6.67,6.672867286540925
20230630093114950,6.67,6.67,6.672867286540925
20230630093114960,6.67,6.67,6.672867286540925
20230630093115060,6.67,6.67,6.672867286540925
20230630093115140,6.67,6.67,6.672867286540925
20230630093115210,6.67,6.67,6.672867286540925
20230630093115230,6.67,6.67,6.6728782967275295
20230630093115240,6.67,6.67,6.6728782967275295
20230630093115390,6.67,6.67,6.6728782967275295
20230630093115440,6.67,6.67,6.6728782967275295
20230630093117530,6.67,6.67,6.6728782967275295
20230630093117680,6.67,6.67,6.6728782967275295
20230630093117750,6.67,6.67,6.6728782967275295
20230630093117960,6.67,6.67,6.6728782967275295
20230630093118390,6.67,6.68,6.6728782967275295
20230630093118400,6.67,6.68,6.672897667369531
20230630093118410,6.67,6.68,6.672897667369531
20230630093120290,6.67,6.68,6.672897667369531
20230630093120300,6.67,6.68,6.672897667369531
20230630093120310,6.67,6.68,6.672897667369531
20230630093120570,6.67,6.68,6.672897667369531
20230630093120580,6.67,6.68,6.67290468040287
20230630093120640,6.67,6.68,6.67290468040287
20230630093120730,6.67,6.68,6.67290468040287
20230630093120770,6.67,6.68,6.67290468040287
20230630093120920,6.67,6.68,6.67290468040287
20230630093121040,6.67,6.68,6.67290468040287
20230630093121150,6.67,6.68,6.67290545877397
20230630093122730,6.67,6.68,6.67290545877397
20230630093122740,6.67,6.68,6.67290545877397
20230630093122840,6.67,6.68,6.67290545877397
20230630093123070,6.67,6.68,6.67290545877397
20230630093123410,6.67,6.68,6.67290545877397
20230630093123660,6.67,6.68,6.67290545877397
20230630093123790,6.67,6.68,6.67290545877397
20230630093125350,6.67,6.68,6.67290545877397
20230630093125460,6.68,6.68,6.67290545877397
20230630093125470,6.68,6.68,6.67290545877397
20230630093125480,6.68,6.68,6.67290545877397
20230630093125520,6.68,6.68,6.67290545877397
20230630093125530,6.68,6.68,6.67290545877397
20230630093125710,6.67,6.68,6.67290545877397
20230630093125760,6.67,6.68,6.67290545877397
20230630093125860,6.68,6.67,6.672882062331332
20230630093125880,6.68,6.67,6.672861820067858
20230630093125920,6.68,6.67,6.672866444938773
20230630093125940,6.68,6.67,6.672866444938773
20230630093126060,6.68,6.67,6.672866444938773
20230630093126120,6.68,6.67,6.672866444938773
20230630093126140,6.68,6.67,6.672866444938773
20230630093126250,6.68,6.67,6.672863666789023
20230630093126260,6.68,6.67,6.672863666789023
20230630093126400,6.68,6.67,6.672863666789023
20230630093126440,6.68,6.67,6.672863666789023
20230630093126450,6.68,6.67,6.672863666789023
20230630093126460,6.68,6.67,6.672863666789023
20230630093126470,6.68,6.67,6.672863666789023
20230630093126510,6.67,6.67,6.672822216973029
20230630093128060,6.67,6.67,6.672822216973029
20230630093128090,6.67,6.67,6.672822216973029
20230630093128240,6.67,6.67,6.672822216973029
20230630093128420,6.67,6.67,6.672821611061016
20230630093128520,6.67,6.67,6.672821611061016
20230630093128830,6.67,6.67,6.672821611061016
20230630093130810,6.67,6.67,6.672821611061016
20230630093130820,6.67,6.67,6.672821611061016
20230630093130950,6.67,6.67,6.672821611061016
20230630093131050,6.67,6.67,6.672821611061016
20230630093131090,6.67,6.67,6.672821611061016
20230630093131110,6.67,6.67,6.672821611061016
20230630093131120,6.67,6.67,6.672821611061016
20230630093131160,6.67,6.67,6.672821611061016
20230630093131200,6.67,6.67,6.672821611061016
20230630093131370,6.67,6.67,6.672821611061016
20230630093131390,6.67,6.67,6.672821611061016
20230630093131410,6.67,6.67,6.672821611061016
20230630093131460,6.67,6.67,6.672821611061016
20230630093131590,6.67,6.67,6.672821611061016
20230630093131600,6.67,6.67,6.672821611061016
20230630093131650,6.67,6.67,6.672821611061016
20230630093131660,6.67,6.67,6.672821611061016
20230630093131760,6.67,6.67,6.672821611061016
20230630093131780,6.67,6.67,6.672821611061016
20230630093131830,6.67,6.67,6.672821611061016
20230630093131900,6.67,6.67,6.672821611061016
20230630093133450,6.67,6.67,6.672821611061016
20230630093133460,6.67,6.67,6.672821611061016
20230630093133480,6.67,6.67,6.672821611061016
20230630093133510,6.67,6.67,6.672821611061016
20230630093133530,6.67,6.67,6.672821611061016
20230630093133610,6.67,6.67,6.672821611061016
20230630093133740,6.67,6.67,6.672821611061016
20230630093134010,6.67,6.67,6.672821611061016
20230630093134030,6.67,6.67,6.672821611061016
20230630093134080,6.67,6.67,6.672821611061016
20230630093134090,6.67,6.67,6.672688678247255
20230630093134100,6.67,6.67,6.672688678247255
20230630093134110,6.67,6.67,6.672688678247255
20230630093134130,6.67,6.67,6.672688678247255
20230630093134230,6.67,6.67,6.672688678247255
20230630093134240,6.67,6.67,6.672688678247255
20230630093134250,6.67,6.67,6.672688678247255
20230630093134280,6.67,6.67,6.672688678247255
20230630093134320,6.67,6.67,6.672688678247255
20230630093134390,6.67,6.67,6.672688678247255
20230630093134470,6.67,6.67,6.672688678247255
20230630093134540,6.67,6.67,6.672688678247255
20230630093134550,6.67,6.67,6.672688678247255
20230630093136160,6.67,6.67,6.672688678247255
20230630093136290,6.67,6.67,6.672688678247255
20230630093136340,6.67,6.67,6.672688678247255
20230630093136500,6.67,6.67,6.672688678247255
20230630093136920,6.67,6.67,6.672688678247255
20230630093137080,6.67,6.67,6.672688678247255
20230630093137270,6.67,6.67,6.672468162710188
20230630093139020,6.67,6.67,6.672468162710188
20230630093139090,6.67,6.67,6.672468162710188
20230630093139630,6.67,6.67,6.672468162710188
20230630093141670,6.67,6.67,6.672468162710188
20230630093141710,6.67,6.67,6.672468162710188
20230630093142030,6.67,6.67,6.672468162710188
20230630093142430,6.67,6.67,6.672468162710188
20230630093142440,6.67,6.67,6.672468162710188
20230630093142450,6.67,6.67,6.672468162710188
20230630093142470,6.67,6.67,6.672468162710188
20230630093142480,6.67,6.67,6.672468162710188
20230630093142490,6.67,6.67,6.672468162710188
20230630093142500,6.67,6.67,6.672468162710188
20230630093142560,6.67,6.67,6.672468162710188
20230630093142590,6.67,6.67,6.672468162710188
20230630093142700,6.67,6.67,6.672468162710188
20230630093144210,6.67,6.67,6.672468162710188
20230630093144310,6.67,6.67,6.672468162710188
20230630093144600,6.67,6.67,6.672468162710188
20230630093144650,6.67,6.67,6.672468162710188
20230630093144790,6.67,6.67,6.672468162710188
20230630093144850,6.67,6.67,6.672468162710188
20230630093144920,6.67,6.67,6.672468162710188
20230630093145020,6.67,6.67,6.672468162710188
20230630093145440,6.67,6.67,6.672468162710188
20230630093146950,6.67,6.67,6.672468162710188
20230630093146960,6.66,6.67,6.672468162710188
20230630093147010,6.66,6.67,6.672468162710188
20230630093147020,6.66,6.67,6.672468162710188
20230630093147030,6.66,6.67,6.672468162710188
20230630093147040,6.66,6.67,6.672468162710188
20230630093147150,6.66,6.67,6.672468162710188
20230630093147400,6.66,6.67,6.672468162710188
20230630093147410,6.66,6.67,6.672468162710188
20230630093147490,6.66,6.67,6.672468162710188
20230630093147560,6.67,6.67,6.672468162710188
20230630093147570,6.66,6.67,6.672468162710188
20230630093147710,6.66,6.67,6.672468162710188
20230630093147730,6.66,6.67,6.672468162710188
20230630093147890,6.66,6.67,6.672468162710188
20230630093147950,6.66,6.67,6.672468162710188
20230630093149630,6.66,6.67,6.672468162710188
20230630093149710,6.66,6.67,6.672468162710188
20230630093149940,6.66,6.67,6.672468162710188
20230630093150370,6.66,6.67,6.672468162710188
20230630093150460,6.66,6.67,6.672468162710188
20230630093150620,6.66,6.67,6.672468162710188
20230630093152550,6.66,6.67,6.672468162710188
20230630093152880,6.66,6.67,6.672468162710188
20230630093152910,6.66,6.67,6.672468162710188
20230630093153190,6.66,6.67,6.672468162710188
20230630093153430,6.66,6.67,6.672468162710188
20230630093153440,6.66,6.67,6.672468162710188
20230630093155100,6.66,6.67,6.672468162710188
20230630093155190,6.66,6.67,6.672468162710188
20230630093155350,6.66,6.67,6.672468162710188
20230630093155430,6.66,6.67,6.672468162710188
20230630093155750,6.66,6.67,6.672468162710188
20230630093155870,6.66,6.67,6.672468162710188
20230630093156030,6.66,6.67,6.672468162710188
20230630093156220,6.66,6.67,6.672468162710188
20230630093158110,6.66,6.67,6.672468162710188
20230630093158120,6.66,6.67,6.672468162710188
20230630093158140,6.66,6.67,6.672468162710188
20230630093158150,6.66,6.67,6.672468162710188
20230630093158280,6.66,6.67,6.672468162710188
20230630093158390,6.66,6.67,6.672468162710188
20230630093158480,6.66,6.67,6.672468162710188
20230630093158940,6.66,6.67,6.672468162710188
20230630093200400,6.66,6.67,6.672468162710188
20230630093200970,6.66,6.67,6.672468162710188
20230630093201080,6.66,6.67,6.672468162710188
20230630093201090,6.66,6.66,6.672468162710188
20230630093201120,6.66,6.66,6.672245969291769
20230630093201180,6.66,6.66,6.672245969291769
20230630093201310,6.66,6.66,6.672245969291769
20230630093201330,6.66,6.66,6.672245969291769
20230630093203080,6.66,6.66,6.672245969291769
20230630093203090,6.66,6.66,6.672245969291769
20230630093203100,6.67,6.66,6.672207588303532
20230630093203120,6.67,6.66,6.67218941542856
20230630093203170,6.67,6.66,6.672184000158297
20230630093203420,6.67,6.66,6.672184000158297
20230630093203950,6.67,6.66,6.672184000158297
20230630093204080,6.67,6.66,6.672184000158297
20230630093204090,6.66,6.66,6.672184000158297
20230630093204110,6.66,6.66,6.672184000158297
20230630093204120,6.66,6.66,6.672184000158297
20230630093204340,6.66,6.66,6.672184000158297
20230630093205790,6.66,6.66,6.672184000158297
20230630093205800,6.66,6.66,6.672184000158297
20230630093205870,6.66,6.66,6.672184000158297
20230630093206010,6.66,6.66,6.672171957776548
20230630093206220,6.66,6.66,6.6721659455080715
20230630093206430,6.66,6.66,6.6721659455080715
20230630093206510,6.66,6.66,6.6721659455080715
20230630093206750,6.66,6.66,6.672161139968005
20230630093206800,6.66,6.66,6.672161139968005
20230630093206850,6.66,6.66,6.672161139968005
20230630093209420,6.66,6.66,6.672161139968005
20230630093211360,6.66,6.66,6.672161139968005
20230630093211730,6.66,6.66,6.672161139968005
20230630093211920,6.66,6.66,6.672161139968005
20230630093212220,6.66,6.66,6.672161139968005
20230630093214210,6.66,6.66,6.672161139968005
20230630093214310,6.66,6.66,6.672161139968005
20230630093214660,6.66,6.66,6.672161139968005
20230630093214690,6.66,6.66,6.672161139968005
20230630093214840,6.66,6.66,6.672161139968005
20230630093215020,6.66,6.66,6.672161139968005
20230630093215070,6.66,6.66,6.672161139968005
20230630093216800,6.66,6.66,6.672161139968005
20230630093216820,6.66,6.66,6.672161139968005
20230630093216870,6.66,6.66,6.672161139968005
20230630093217280,6.66,6.66,6.672161139968005
20230630093217330,6.66,6.66,6.672161139968005
20230630093217440,6.66,6.66,6.672161139968005
20230630093217460,6.66,6.66,6.672161139968005
20230630093217580,6.66,6.66,6.672155351114445
20230630093217600,6.66,6.66,6.672155351114445
20230630093219390,6.66,6.66,6.672155351114445
20230630093219440,6.66,6.66,6.672108481184648
20230630093219630,6.66,6.66,6.672108481184648
20230630093219780,6.66,6.66,6.672108481184648
20230630093219890,6.66,6.66,6.672108481184648
20230630093220050,6.66,6.66,6.672108481184648
20230630093220100,6.66,6.66,6.672108481184648
20230630093220120,6.66,6.66,6.672108481184648
20230630093220180,6.66,6.66,6.672108481184648
20230630093220370,6.66,6.66,6.672108481184648
20230630093220420,6.66,6.66,6.672108481184648
20230630093222050,6.66,6.66,6.672108481184648
20230630093222070,6.66,6.66,6.672108481184648
20230630093222220,6.66,6.66,6.672108481184648
20230630093222230,6.66,6.66,6.672108481184648
20230630093222300,6.66,6.66,6.672108481184648
20230630093222460,6.66,6.66,6.671858828339467
20230630093222550,6.66,6.66,6.671858828339467
20230630093222940,6.66,6.66,6.671858828339467
20230630093223060,6.66,6.66,6.671858828339467
20230630093223150,6.66,6.66,6.671858828339467
20230630093225020,6.66,6.66,6.671841639433551
20230630093225090,6.66,6.66,6.671841639433551
20230630093225100,6.66,6.66,6.671841639433551
20230630093225130,6.66,6.66,6.671841639433551
20230630093225450,6.66,6.66,6.671841639433551
20230630093225520,6.66,6.66,6.671841639433551
20230630093225580,6.66,6.66,6.671830133312604
20230630093225600,6.66,6.66,6.671830133312604
20230630093225610,6.66,6.66,6.671830133312604
20230630093227430,6.66,6.66,6.671830133312604
20230630093227600,6.66,6.66,6.67182783477112
20230630093227950,6.66,6.66,6.67182783477112
20230630093227970,6.66,6.65,6.670110538281152
20230630093227980,6.66,6.65,6.670110538281152
20230630093227990,6.66,6.65,6.670110538281152
20230630093228010,6.66,6.65,6.670110538281152
20230630093228020,6.66,6.65,6.670110538281152
20230630093228030,6.66,6.65,6.670110538281152
20230630093228050,6.66,6.65,6.670110538281152
20230630093228200,6.66,6.65,6.670110538281152
20230630093228240,6.66,6.65,6.670110538281152
20230630093228290,6.66,6.65,6.670110538281152
20230630093228460,6.65,6.65,6.669840612471964
20230630093228500,6.65,6.65,6.669840612471964
20230630093228510,6.65,6.65,6.669814367349819
20230630093228560,6.65,6.65,6.669814367349819
20230630093230570,6.65,6.65,6.669814367349819
20230630093230580,6.65,6.65,6.669814367349819
20230630093230630,6.65,6.65,6.669814367349819
20230630093230680,6.65,6.65,6.669814367349819
20230630093230720,6.65,6.65,6.669814367349819
20230630093230930,6.65,6.65,6.669814367349819
20230630093231080,6.65,6.65,6.669814367349819
20230630093231090,6.65,6.65,6.669814367349819
20230630093231100,6.65,6.65,6.669814367349819
20230630093231110,6.65,6.65,6.669814367349819
20230630093231120,6.65,6.65,6.669814367349819
20230630093231180,6.65,6.65,6.669814367349819
20230630093231240,6.65,6.65,6.669814367349819
20230630093231250,6.65,6.65,6.669814367349819
20230630093231320,6.65,6.65,6.669814367349819
20230630093232860,6.65,6.65,6.669814367349819
20230630093232970,6.65,6.65,6.669814367349819
20230630093233030,6.65,6.65,6.669705794661335
20230630093233460,6.65,6.65,6.669705794661335
20230630093233540,6.65,6.65,6.669705794661335
20230630093233550,6.65,6.65,6.669705794661335
20230630093233580,6.65,6.65,6.669705794661335
20230630093233590,6.65,6.65,6.669705794661335
20230630093233610,6.65,6.65,6.669705794661335
20230630093233650,6.65,6.65,6.669705794661335
20230630093233680,6.65,6.65,6.66968004832102
20230630093233720,6.65,6.65,6.66968004832102
20230630093233740,6.65,6.65,6.66968004832102
20230630093233900,6.65,6.65,6.66968004832102
20230630093235610,6.65,6.65,6.66968004832102
20230630093235690,6.65,6.65,6.66968004832102
20230630093236110,6.65,6.65,6.66968004832102
20230630093236210,6.65,6.65,6.66968004832102
20230630093236590,6.65,6.65,6.66968004832102
20230630093238170,6.65,6.65,6.66968004832102
20230630093238620,6.65,6.65,6.66968004832102
20230630093238660,6.65,6.65,6.66968004832102
20230630093238730,6.65,6.65,6.66968004832102
20230630093238830,6.65,6.65,6.66968004832102
20230630093239000,6.65,6.65,6.66968004832102
20230630093239010,6.65,6.65,6.66968004832102
20230630093239030,6.65,6.65,6.66968004832102
20230630093239050,6.65,6.65,6.66968004832102
20230630093239210,6.65,6.65,6.66968004832102
20230630093240980,6.65,6.65,6.66968004832102
20230630093241200,6.65,6.65,6.66968004832102
20230630093241370,6.65,6.65,6.66968004832102
20230630093241500,6.65,6.65,6.66968004832102
20230630093241510,6.65,6.65,6.66968004832102
20230630093241530,6.65,6.65,6.66968004832102
20230630093242030,6.65,6.65,6.66968004832102
20230630093242070,6.65,6.65,6.66968004832102
20230630093243630,6.65,6.65,6.66968004832102
20230630093243840,6.65,6.65,6.66968004832102
20230630093243880,6.65,6.65,6.66968004832102
20230630093244140,6.65,6.65,6.66968004832102
20230630093244170,6.65,6.65,6.66968004832102
20230630093244830,6.65,6.65,6.66968004832102
20230630093246420,6.65,6.65,6.66968004832102
20230630093246430,6.65,6.65,6.66968004832102
20230630093246570,6.65,6.65,6.66968004832102
20230630093246610,6.65,6.65,6.66968004832102
20230630093246750,6.65,6.65,6.66968004832102
20230630093246840,6.65,6.65,6.669587672855203
20230630093247120,6.65,6.65,6.669587672855203
20230630093247290,6.65,6.65,6.669587672855203
20230630093247400,6.65,6.65,6.669587672855203
20230630093248980,6.65,6.65,6.669587672855203
20230630093248990,6.65,6.65,6.669587672855203
20230630093249080,6.65,6.65,6.669587672855203
20230630093249140,6.65,6.65,6.669587672855203
20230630093249150,6.65,6.65,6.669587672855203
20230630093249410,6.65,6.65,6.669587672855203
20230630093249560,6.65,6.65,6.669587672855203
20230630093249600,6.65,6.65,6.669587672855203
20230630093250090,6.65,6.65,6.669587672855203
20230630093250160,6.65,6.65,6.669587672855203
20230630093251900,6.65,6.65,6.669587672855203
20230630093251950,6.65,6.65,6.669587672855203
20230630093252070,6.65,6.65,6.669587672855203
20230630093252080,6.65,6.65,6.669587672855203
20230630093252100,6.65,6.65,6.669587672855203
20230630093252400,6.65,6.65,6.669587672855203
20230630093252610,6.65,6.65,6.669587672855203
20230630093252670,6.65,6.65,6.669587672855203
20230630093252770,6.65,6.65,6.669587672855203
20230630093252910,6.65,6.65,6.669587672855203
20230630093252930,6.65,6.65,6.669587672855203
20230630093254400,6.65,6.65,6.669587672855203
20230630093254510,6.65,6.65,6.669587672855203
20230630093254520,6.65,6.65,6.669587672855203
20230630093254530,6.65,6.65,6.669587672855203
20230630093254670,6.65,6.65,6.669587672855203
20230630093254980,6.65,6.65,6.669587672855203
20230630093255220,6.65,6.65,6.669587672855203
20230630093255350,6.65,6.65,6.669587672855203
20230630093255540,6.65,6.65,6.669587672855203
20230630093257310,6.65,6.65,6.669587672855203
20230630093257750,6.65,6.65,6.669587672855203
20230630093258050,6.65,6.65,6.669289604850727
20230630093258080,6.65,6.65,6.669289604850727
20230630093258090,6.65,6.65,6.669289604850727
20230630093259810,6.65,6.65,6.669289604850727
20230630093259880,6.65,6.65,6.669289604850727
20230630093300340,6.65,6.65,6.669289604850727
20230630093300500,6.65,6.65,6.669281348445419
20230630093300730,6.65,6.65,6.669281348445419
20230630093300790,6.65,6.65,6.669281348445419
20230630093301020,6.65,6.65,6.669281348445419
20230630093302610,6.65,6.65,6.669281348445419
20230630093302660,6.65,6.65,6.668964046569535
20230630093302780,6.65,6.65,6.668886198750063
20230630093302810,6.65,6.65,6.668886198750063
20230630093302910,6.65,6.65,6.668886198750063
20230630093302950,6.65,6.65,6.668886198750063
20230630093303020,6.65,6.65,6.668886198750063
20230630093303060,6.65,6.65,6.668876531432015
20230630093303090,6.65,6.65,6.668876531432015
20230630093303270,6.65,6.65,6.668876531432015
20230630093303290,6.65,6.65,6.668873372602832
20230630093303360,6.65,6.65,6.668873372602832
20230630093303530,6.65,6.65,6.668835726076734
20230630093303580,6.65,6.65,6.668835726076734
20230630093305160,6.65,6.66,6.668835726076734
20230630093305280,6.65,6.66,6.668835726076734
20230630093305340,6.65,6.66,6.668835726076734
20230630093305350,6.65,6.66,6.668835726076734
20230630093305410,6.65,6.66,6.668835726076734
20230630093305540,6.65,6.66,6.668835726076734
20230630093305600,6.65,6.66,6.668835726076734
20230630093305710,6.65,6.66,6.668835726076734
20230630093305810,6.66,6.66,6.668835726076734
20230630093305820,6.66,6.66,6.668835726076734
20230630093305900,6.66,6.66,6.668835726076734
20230630093306010,6.66,6.66,6.668835726076734
20230630093306070,6.66,6.66,6.668835726076734
20230630093306200,6.66,6.66,6.6687979851625645
20230630093306320,6.66,6.66,6.6687979851625645
20230630093307990,6.66,6.66,6.6687979851625645
20230630093308130,6.66,6.66,6.6687979851625645
20230630093308140,6.66,6.66,6.668781326089477
20230630093308150,6.66,6.66,6.668781326089477
20230630093308400,6.66,6.66,6.668781326089477
20230630093308460,6.66,6.66,6.668781326089477
20230630093308480,6.66,6.66,6.668781326089477
20230630093308620,6.66,6.66,6.668781326089477
20230630093308780,6.66,6.66,6.668781326089477
20230630093308850,6.66,6.66,6.668781326089477
20230630093311220,6.66,6.66,6.668781326089477
20230630093311540,6.66,6.66,6.668781326089477
20230630093311550,6.66,6.66,6.668781326089477
20230630093311670,6.66,6.66,6.668781326089477
20230630093313280,6.66,6.66,6.668781326089477
20230630093313570,6.66,6.66,6.668781326089477
20230630093313700,6.66,6.66,6.668781326089477
20230630093313910,6.66,6.66,6.668781326089477
20230630093313960,6.66,6.66,6.668781326089477
20230630093314110,6.66,6.66,6.668781326089477
20230630093314480,6.66,6.66,6.668781326089477
20230630093316040,6.66,6.66,6.668781326089477
20230630093316530,6.66,6.66,6.668781326089477
20230630093316570,6.66,6.66,6.668781326089477
20230630093317080,6.66,6.66,6.668781326089477
20230630093317150,6.66,6.66,6.668781326089477
20230630093317200,6.66,6.66,6.668781326089477
20230630093318680,6.66,6.66,6.668781326089477
20230630093318780,6.66,6.66,6.668781326089477
20230630093319000,6.66,6.66,6.668781326089477
20230630093319160,6.66,6.66,6.668759568804457
20230630093319280,6.66,6.66,6.668759568804457
20230630093319310,6.66,6.66,6.668759568804457
20230630093319430,6.66,6.66,6.668759568804457
20230630093319490,6.66,6.66,6.668755846817513
20230630093319510,6.66,6.66,6.668755846817513
20230630093319540,6.66,6.66,6.668754399881017
20230630093319610,6.66,6.66,6.668754399881017
20230630093319750,6.66,6.66,6.668754399881017
20230630093321450,6.66,6.66,6.668754399881017
20230630093321470,6.66,6.66,6.668754399881017
20230630093321510,6.66,6.66,6.668754399881017
20230630093321790,6.66,6.66,6.668754399881017
20230630093322000,6.66,6.66,6.668754399881017
20230630093322030,6.66,6.66,6.668754399881017
20230630093322070,6.66,6.66,6.668754399881017
20230630093322080,6.66,6.66,6.668754399881017
20230630093322090,6.66,6.66,6.668754399881017
20230630093322190,6.66,6.66,6.668714795683359
20230630093322280,6.66,6.66,6.668714795683359
20230630093322330,6.66,6.66,6.668714795683359
20230630093322550,6.66,6.66,6.668714795683359
20230630093324160,6.66,6.66,6.668709780839485
20230630093324420,6.66,6.66,6.668709780839485
20230630093324470,6.66,6.66,6.668709780839485
20230630093324510,6.66,6.66,6.668709780839485
20230630093324520,6.66,6.66,6.66861036333676
20230630093324540,6.66,6.66,6.66861036333676
20230630093324550,6.66,6.66,6.66861036333676
20230630093324620,6.66,6.66,6.66861036333676
20230630093324830,6.66,6.66,6.66861036333676
20230630093325010,6.66,6.66,6.66861036333676
20230630093325030,6.66,6.66,6.66861036333676
20230630093325080,6.66,6.66,6.668582358967687
20230630093325090,6.66,6.66,6.668559392130786
20230630093325100,6.66,6.66,6.668555229542212
20230630093325180,6.66,6.66,6.668555229542212
20230630093325230,6.66,6.66,6.668555229542212
20230630093326970,6.66,6.66,6.668555229542212
20230630093327080,6.66,6.66,6.668555229542212
20230630093327090,6.66,6.66,6.668555229542212
20230630093327100,6.66,6.66,6.66854138344015
20230630093327190,6.66,6.66,6.66854138344015
20230630093327380,6.66,6.66,6.66854138344015
20230630093327420,6.66,6.66,6.66854232710099
20230630093327580,6.66,6.66,6.66854232710099
20230630093327590,6.66,6.66,6.66854232710099
20230630093329470,6.66,6.66,6.66854232710099
20230630093329560,6.66,6.66,6.66854232710099
20230630093329910,6.66,6.66,6.66854232710099
20230630093330140,6.66,6.66,6.66854232710099
20230630093330280,6.66,6.66,6.66854232710099
20230630093330290,6.66,6.66,6.66854232710099
20230630093330300,6.66,6.66,6.66854232710099
20230630093330360,6.66,6.66,6.66854232710099
20230630093330510,6.66,6.66,6.66854232710099
20230630093330520,6.66,6.66,6.66854232710099
20230630093330580,6.66,6.66,6.66854232710099
20230630093332290,6.66,6.66,6.66854232710099
20230630093332750,6.66,6.66,6.66854232710099
20230630093333100,6.66,6.66,6.66854232710099
20230630093334900,6.67,6.65,6.668014968242453
20230630093334910,6.67,6.66,6.668014968242453
20230630093334920,6.67,6.66,6.668014968242453
20230630093334990,6.67,6.66,6.668014968242453
20230630093335050,6.67,6.66,6.668014968242453
20230630093335070,6.67,6.66,6.668014968242453
20230630093335370,6.67,6.66,6.668014968242453
20230630093335400,6.67,6.66,6.668014968242453
20230630093335750,6.67,6.66,6.668014968242453
20230630093335800,6.67,6.66,6.668014968242453
20230630093335810,6.67,6.66,6.6680488744765
20230630093338000,6.67,6.66,6.6680488744765
20230630093338050,6.67,6.66,6.66804828929958
20230630093338110,6.67,6.66,6.66804828929958
20230630093338140,6.67,6.66,6.66804828929958
20230630093338180,6.67,6.65,6.6680465342792345
20230630093338320,6.67,6.65,6.6680465342792345
20230630093340390,6.67,6.65,6.6680465342792345
20230630093340430,6.67,6.65,6.6680465342792345
20230630093340640,6.67,6.65,6.6680465342792345
20230630093340670,6.67,6.65,6.6680465342792345
20230630093340880,6.67,6.65,6.6680465342792345
20230630093340910,6.67,6.65,6.6680465342792345
20230630093340960,6.67,6.66,6.6680465342792345
20230630093341160,6.67,6.66,6.6680465342792345
20230630093341290,6.67,6.66,6.6680465342792345
20230630093343360,6.67,6.66,6.6680465342792345
20230630093343600,6.67,6.66,6.6680465342792345
20230630093343770,6.67,6.66,6.6680465342792345
20230630093345760,6.67,6.66,6.6680465342792345
20230630093345840,6.67,6.66,6.6680465342792345
20230630093346000,6.67,6.66,6.6680465342792345
20230630093346010,6.67,6.66,6.6680465342792345
20230630093346090,6.67,6.66,6.6680465342792345
20230630093346100,6.67,6.66,6.6680465342792345
20230630093346160,6.67,6.66,6.6680465342792345
20230630093346200,6.67,6.66,6.6680465342792345
20230630093346530,6.67,6.66,6.667961123947016
20230630093346630,6.67,6.66,6.667961123947016
20230630093346670,6.67,6.66,6.667961123947016
20230630093348560,6.66,6.65,6.667961123947016
20230630093348590,6.66,6.65,6.667961123947016
20230630093348630,6.66,6.65,6.66794231760394
20230630093348650,6.66,6.65,6.667930963001086
20230630093349050,6.67,6.66,6.6679303961231104
20230630093349080,6.66,6.65,6.667929262610237
20230630093349090,6.66,6.65,6.667929262610237
20230630093349100,6.66,6.65,6.667929262610237
20230630093349110,6.66,6.65,6.667929262610237
20230630093349120,6.66,6.65,6.667929262610237
20230630093349130,6.66,6.65,6.667929262610237
20230630093349140,6.66,6.65,6.667929262610237
20230630093349150,6.66,6.65,6.667929262610237
20230630093349160,6.66,6.65,6.667929262610237
20230630093349210,6.66,6.65,6.667924138719402
20230630093349220,6.66,6.65,6.667924138719402
20230630093349300,6.66,6.65,6.667924138719402
20230630093349310,6.66,6.65,6.667924138719402
20230630093351240,6.66,6.65,6.667924138719402
20230630093351380,6.66,6.65,6.667924138719402
20230630093351700,6.66,6.65,6.667924138719402
20230630093351850,6.66,6.65,6.667924138719402
20230630093351860,6.66,6.65,6.667924138719402
20230630093351870,6.66,6.65,6.6679089988302085
20230630093352000,6.66,6.65,6.66789773212912
20230630093352020,6.66,6.65,6.66789773212912
20230630093352080,6.66,6.65,6.66789773212912
20230630093352110,6.66,6.65,6.667896607224248
20230630093352120,6.66,6.65,6.667896607224248
20230630093352140,6.66,6.65,6.667896607224248
20230630093352150,6.66,6.65,6.667896607224248
20230630093352170,6.66,6.65,6.667896607224248
20230630093352200,6.66,6.65,6.667896607224248
20230630093352270,6.66,6.65,6.667896607224248
20230630093353900,6.66,6.65,6.667894920467653
20230630093354050,6.66,6.65,6.667894920467653
20230630093354340,6.66,6.65,6.667894920467653
20230630093354500,6.66,6.65,6.667865239473385
20230630093356810,6.66,6.65,6.667865239473385
20230630093356870,6.66,6.65,6.667865239473385
20230630093357570,6.66,6.65,6.667865239473385
20230630093359230,6.66,6.65,6.667859664294422
20230630093359480,6.66,6.65,6.667859664294422
20230630093359960,6.66,6.65,6.667859664294422
20230630093359990,6.66,6.65,6.667859664294422
20230630093400220,6.66,6.65,6.667859664294422
20230630093400230,6.66,6.65,6.667853336734549
20230630093400390,6.66,6.65,6.667852071760571
20230630093402250,6.66,6.65,6.667852071760571
20230630093402440,6.66,6.65,6.66784929100619
20230630093402800,6.66,6.65,6.66784929100619
20230630093404680,6.66,6.65,6.6674408470752535
20230630093404690,6.66,6.65,6.6674408470752535
20230630093404740,6.66,6.65,6.6674408470752535
20230630093404880,6.66,6.65,6.6674408470752535
20230630093405000,6.66,6.65,6.6674408470752535
20230630093405290,6.66,6.65,6.6674408470752535
20230630093405410,6.66,6.65,6.6674408470752535
20230630093405580,6.66,6.65,6.6674408470752535
20230630093405640,6.66,6.65,6.6674408470752535
20230630093405770,6.66,6.65,6.6674408470752535
20230630093405830,6.66,6.65,6.667344601673673
20230630093407470,6.66,6.65,6.667319335743514
20230630093407870,6.67,6.65,6.66708478074167
20230630093407990,6.66,6.65,6.66708478074167
20230630093408030,6.66,6.65,6.66708478074167
20230630093408220,6.67,6.65,6.667040558959529
20230630093408230,6.67,6.65,6.667040558959529
20230630093408410,6.67,6.65,6.666996175738171
20230630093408510,6.66,6.65,6.666996175738171
20230630093408530,6.66,6.65,6.666996175738171
20230630093409980,6.66,6.65,6.666996175738171
20230630093410000,6.66,6.65,6.666996175738171
20230630093410090,6.66,6.65,6.666986020467761
20230630093410100,6.66,6.65,6.666986020467761
20230630093410130,6.66,6.65,6.666986020467761
20230630093410260,6.66,6.65,6.666986020467761
20230630093410300,6.66,6.65,6.666986020467761
20230630093410310,6.66,6.65,6.666986020467761
20230630093410380,6.66,6.65,6.666986020467761
20230630093410410,6.66,6.65,6.666986020467761
20230630093410420,6.66,6.65,6.666858656887578
20230630093410430,6.66,6.65,6.666858656887578
20230630093410590,6.66,6.65,6.666765693732533
20230630093410690,6.66,6.65,6.666765693732533
20230630093410850,6.66,6.65,6.666765693732533
20230630093410990,6.66,6.65,6.666765693732533
20230630093413070,6.66,6.65,6.666765693732533
20230630093413080,6.66,6.65,6.666765693732533
20230630093413110,6.66,6.65,6.666765693732533
20230630093413220,6.66,6.65,6.666765693732533
20230630093415470,6.66,6.65,6.666765693732533
20230630093415630,6.66,6.65,6.666765693732533
20230630093415860,6.66,6.65,6.666765693732533
20230630093416090,6.66,6.65,6.666765693732533
20230630093416170,6.66,6.66,6.6667512019832715
20230630093416200,6.66,6.66,6.6667482447467545
20230630093416230,6.66,6.66,6.6667482447467545
20230630093416460,6.66,6.66,6.6667482447467545
20230630093416530,6.66,6.66,6.6667482447467545
20230630093416540,6.66,6.66,6.6667482447467545
20230630093418220,6.66,6.66,6.6667482447467545
20230630093418320,6.66,6.66,6.6667482447467545
20230630093418440,6.66,6.66,6.6667482447467545
20230630093418550,6.66,6.66,6.6667482447467545
20230630093418750,6.66,6.66,6.6667482447467545
20230630093418960,6.66,6.65,6.6667482447467545
20230630093418970,6.66,6.65,6.6667482447467545
20230630093419030,6.66,6.65,6.6667482447467545
20230630093421190,6.66,6.65,6.6667482447467545
20230630093421280,6.66,6.65,6.6667482447467545
20230630093421450,6.66,6.65,6.6667482447467545
20230630093421760,6.66,6.65,6.6667482447467545
20230630093421800,6.66,6.65,6.6667482447467545
20230630093421850,6.66,6.65,6.6667482447467545
20230630093421890,6.66,6.65,6.6667482447467545
20230630093422010,6.66,6.65,6.6667482447467545
20230630093423520,6.66,6.65,6.6667482447467545
20230630093423660,6.66,6.65,6.6667482447467545
20230630093423680,6.66,6.65,6.6667482447467545
20230630093423930,6.66,6.65,6.6667482447467545
20230630093423970,6.66,6.65,6.6667482447467545
20230630093424020,6.66,6.65,6.6667482447467545
20230630093424100,6.66,6.65,6.6667482447467545
20230630093424110,6.66,6.65,6.6667482447467545
20230630093424410,6.66,6.65,6.6667482447467545
20230630093424560,6.66,6.65,6.6667482447467545
20230630093426230,6.66,6.65,6.6667482447467545
20230630093426420,6.66,6.65,6.6667482447467545
20230630093426560,6.66,6.65,6.6667482447467545
20230630093426740,6.66,6.65,6.6667482447467545
20230630093426890,6.66,6.65,6.666627635966924
20230630093428960,6.66,6.65,6.666627635966924
20230630093429640,6.66,6.65,6.666627635966924
20230630093429660,6.66,6.65,6.666627635966924
20230630093429740,6.66,6.65,6.666627635966924
20230630093431590,6.66,6.65,6.666627635966924
20230630093431610,6.66,6.65,6.666627635966924
20230630093431680,6.66,6.65,6.666627635966924
20230630093431700,6.66,6.65,6.666627635966924
20230630093431810,6.66,6.65,6.666600917885153
20230630093432460,6.66,6.65,6.666600917885153
20230630093434270,6.66,6.65,6.666600917885153
20230630093434320,6.66,6.65,6.666596837602611
20230630093434420,6.66,6.65,6.666596837602611
20230630093434670,6.66,6.65,6.666596837602611
20230630093434680,6.66,6.65,6.666596837602611
20230630093434690,6.66,6.65,6.666596837602611
20230630093435170,6.66,6.65,6.666457138362496
20230630093435180,6.66,6.65,6.666457138362496
20230630093437040,6.66,6.65,6.66638530757986
20230630093437080,6.66,6.65,6.66638530757986
20230630093437090,6.66,6.65,6.66638530757986
20230630093437160,6.66,6.65,6.66638530757986
20230630093437180,6.66,6.65,6.66638530757986
20230630093437220,6.66,6.65,6.66638530757986
20230630093437440,6.66,6.65,6.66638530757986
20230630093437630,6.66,6.65,6.66638530757986
20230630093437730,6.66,6.65,6.666379037763645
20230630093438110,6.65,6.65,6.666379037763645
20230630093439670,6.65,6.65,6.666379037763645
20230630093439730,6.65,6.65,6.666379037763645
20230630093439740,6.65,6.65,6.666379037763645
20230630093439770,6.65,6.65,6.666379037763645
20230630093439870,6.65,6.65,6.666379037763645
20230630093439920,6.65,6.65,6.666379037763645
20230630093440170,6.65,6.65,6.666379037763645
20230630093440720,6.66,6.65,6.666379037763645
20230630093440780,6.66,6.65,6.666379037763645
20230630093442500,6.66,6.65,6.666379037763645
20230630093443140,6.66,6.65,6.666379037763645
20230630093443580,6.66,6.65,6.666379037763645
20230630093446180,6.66,6.65,6.666379037763645
20230630093447810,6.66,6.65,6.666379037763645
20230630093448490,6.66,6.65,6.666379037763645
20230630093448740,6.66,6.65,6.666379037763645
20230630093448790,6.66,6.65,6.666379037763645
20230630093448820,6.66,6.65,6.666379037763645
20230630093450730,6.66,6.65,6.666379037763645
20230630093450800,6.66,6.65,6.666379037763645
20230630093450880,6.66,6.65,6.666379037763645
20230630093451010,6.66,6.65,6.666379037763645
20230630093451480,6.66,6.65,6.666379037763645
20230630093451700,6.66,6.65,6.666379037763645
20230630093453300,6.66,6.65,6.666379037763645
20230630093453360,6.66,6.65,6.666379037763645
20230630093453380,6.66,6.65,6.666379037763645
20230630093453450,6.66,6.65,6.666379037763645
20230630093453590,6.66,6.65,6.666379037763645
20230630093453650,6.66,6.65,6.666379037763645
20230630093453670,6.66,6.65,6.666379037763645
20230630093453810,6.66,6.65,6.666379037763645
20230630093453870,6.66,6.65,6.666379037763645
20230630093454080,6.66,6.65,6.666379037763645
20230630093454120,6.66,6.65,6.666311373191762
20230630093455930,6.66,6.65,6.666311373191762
20230630093455940,6.66,6.65,6.666311373191762
20230630093456520,6.66,6.65,6.666311373191762
20230630093456580,6.66,6.65,6.666311373191762
20230630093456670,6.66,6.65,6.666311373191762
20230630093456700,6.66,6.65,6.666311373191762
20230630093456870,6.66,6.65,6.666234632055082
20230630093456890,6.66,6.65,6.666234632055082
20230630093458560,6.66,6.65,6.666234632055082
20230630093458620,6.66,6.65,6.666234632055082
20230630093458970,6.66,6.64,6.665394655796087
20230630093458980,6.66,6.64,6.665394655796087
20230630093459010,6.66,6.64,6.665394655796087
20230630093459050,6.66,6.64,6.665394655796087
20230630093459060,6.66,6.64,6.665394655796087
20230630093459120,6.66,6.64,6.665394655796087
20230630093459260,6.66,6.64,6.665394655796087
20230630093459270,6.66,6.64,6.665394655796087
20230630093459280,6.66,6.64,6.665394655796087
20230630093459330,6.66,6.64,6.664796454366382
20230630093459340,6.66,6.64,6.6647797501290205
20230630093459570,6.66,6.64,6.6647797501290205
20230630093459700,6.66,6.64,6.6647797501290205
20230630093459710,6.66,6.64,6.6647797501290205
20230630093501280,6.66,6.64,6.6647797501290205
20230630093501320,6.65,6.64,6.6647797501290205
20230630093501330,6.66,6.64,6.664685083522023
20230630093501480,6.66,6.64,6.664685083522023
20230630093501540,6.66,6.64,6.664685083522023
20230630093501650,6.66,6.64,6.664685083522023
20230630093501860,6.65,6.64,6.664685083522023
20230630093501870,6.65,6.64,6.664685083522023
20230630093501890,6.65,6.64,6.664685083522023
20230630093502330,6.65,6.64,6.664681413377755
20230630093502370,6.65,6.64,6.664681413377755
20230630093502380,6.65,6.64,6.664681413377755
20230630093502490,6.65,6.64,6.664681413377755
20230630093503980,6.65,6.64,6.664681413377755
20230630093504020,6.65,6.64,6.664681413377755
20230630093504030,6.65,6.64,6.664681413377755
20230630093504040,6.65,6.64,6.664681413377755
20230630093504050,6.65,6.64,6.664681413377755
20230630093504070,6.65,6.64,6.664681413377755
20230630093504080,6.65,6.64,6.664595651202621
20230630093504100,6.65,6.64,6.664595651202621
20230630093504110,6.65,6.64,6.664595651202621
20230630093504140,6.65,6.64,6.664595651202621
20230630093504210,6.65,6.64,6.664595651202621
20230630093504220,6.65,6.64,6.664595651202621
20230630093504310,6.65,6.64,6.664595651202621
20230630093504340,6.65,6.64,6.664595651202621
20230630093504380,6.65,6.64,6.664595651202621
20230630093504540,6.65,6.64,6.664203702546152
20230630093504550,6.65,6.64,6.664203702546152
20230630093504600,6.65,6.64,6.664203702546152
20230630093504960,6.65,6.64,6.664203702546152
20230630093507000,6.65,6.64,6.664077549666815
20230630093507090,6.65,6.64,6.664077549666815
20230630093507130,6.65,6.64,6.664076820244979
20230630093507260,6.65,6.64,6.664076820244979
20230630093507550,6.65,6.64,6.664076820244979
20230630093507730,6.65,6.64,6.664076820244979
20230630093507830,6.65,6.64,6.664076820244979
20230630093507860,6.65,6.64,6.664076820244979
20230630093507900,6.65,6.64,6.664076820244979
20230630093509600,6.65,6.64,6.664076820244979
20230630093509610,6.65,6.64,6.664076820244979
20230630093509760,6.65,6.64,6.663947053791369
20230630093510070,6.65,6.64,6.663947053791369
20230630093510080,6.65,6.64,6.663947053791369
20230630093510420,6.65,6.64,6.663932693594719
20230630093510500,6.65,6.64,6.663932693594719
20230630093512150,6.65,6.64,6.663882284645734
20230630093512710,6.65,6.64,6.663882284645734
20230630093512910,6.65,6.64,6.663739381237727
20230630093513240,6.65,6.64,6.663739381237727
20230630093513320,6.65,6.64,6.663739381237727
20230630093514820,6.65,6.64,6.663739381237727
20230630093515320,6.65,6.64,6.663739381237727
20230630093515420,6.65,6.64,6.663739381237727
20230630093515500,6.65,6.64,6.663739381237727
20230630093515530,6.65,6.64,6.663739381237727
20230630093515970,6.65,6.64,6.663739381237727
20230630093517610,6.65,6.64,6.663739381237727
20230630093517720,6.65,6.64,6.663739381237727
20230630093517990,6.65,6.64,6.663739381237727
20230630093518540,6.65,6.64,6.663556047971895
20230630093518700,6.65,6.64,6.663555363758416
20230630093520270,6.65,6.64,6.663555363758416
20230630093520390,6.65,6.64,6.663555363758416
20230630093520520,6.65,6.64,6.663555363758416
20230630093520540,6.65,6.64,6.663555363758416
20230630093520750,6.65,6.64,6.663555363758416
20230630093521020,6.65,6.64,6.663554174910162
20230630093521140,6.65,6.64,6.663554174910162
20230630093521230,6.65,6.64,6.663539824347352
20230630093523060,6.65,6.64,6.663539824347352
20230630093523260,6.65,6.64,6.663539824347352
20230630093523290,6.65,6.64,6.663529147936866
20230630093523490,6.65,6.64,6.663529147936866
20230630093523590,6.65,6.64,6.663529147936866
20230630093523890,6.65,6.64,6.663529147936866
20230630093525790,6.65,6.64,6.663529147936866
20230630093526190,6.65,6.64,6.663170674818615
20230630093526320,6.65,6.64,6.663170674818615
20230630093526470,6.65,6.64,6.663170674818615
20230630093526680,6.65,6.64,6.663170674818615
20230630093528740,6.65,6.64,6.663170674818615
20230630093529090,6.65,6.64,6.663170674818615
20230630093531020,6.65,6.64,6.663170674818615
20230630093531070,6.65,6.64,6.663149995537617
20230630093531080,6.65,6.64,6.663143110644077
20230630093531150,6.65,6.64,6.663143110644077
20230630093531330,6.65,6.64,6.663136599189481
20230630093531340,6.65,6.64,6.663136599189481
20230630093531940,6.65,6.64,6.663130869358481
20230630093531950,6.65,6.64,6.663130869358481
20230630093532200,6.65,6.64,6.663130869358481
20230630093533720,6.65,6.64,6.663130869358481
20230630093533740,6.65,6.64,6.6629971171665865
20230630093533760,6.65,6.64,6.6629971171665865
20230630093533780,6.65,6.64,6.6629971171665865
20230630093534060,6.65,6.64,6.6629971171665865
20230630093534070,6.65,6.64,6.6629971171665865
20230630093534080,6.65,6.64,6.6629971171665865
20230630093534140,6.65,6.64,6.6629971171665865
20230630093534180,6.65,6.64,6.6629971171665865
20230630093534320,6.65,6.64,6.6629971171665865
20230630093534340,6.65,6.64,6.6629971171665865
20230630093534420,6.65,6.64,6.6629971171665865
20230630093534510,6.65,6.64,6.662927970111108
20230630093534580,6.65,6.64,6.662756051162435
20230630093534590,6.65,6.64,6.662756051162435
20230630093534600,6.65,6.65,6.662742396387986
20230630093534610,6.65,6.65,6.662742396387986
20230630093534650,6.65,6.65,6.662741789537852
20230630093534730,6.65,6.65,6.662741789537852
20230630093534740,6.65,6.65,6.662741789537852
20230630093534760,6.65,6.65,6.662741789537852
20230630093534770,6.65,6.65,6.662741789537852
20230630093534810,6.65,6.65,6.662741789537852
20230630093536580,6.65,6.65,6.662741789537852
20230630093537070,6.65,6.65,6.662741789537852
20230630093537080,6.65,6.65,6.662741789537852
20230630093537130,6.65,6.65,6.662741789537852
20230630093537150,6.65,6.65,6.662741789537852
20230630093537180,6.65,6.65,6.662741789537852
20230630093537290,6.65,6.65,6.662741789537852
20230630093537440,6.65,6.65,6.662741789537852
20230630093537470,6.65,6.65,6.662741789537852
20230630093539240,6.65,6.65,6.662741789537852
20230630093539340,6.65,6.65,6.662741789537852
20230630093539420,6.65,6.64,6.662741789537852
20230630093539570,6.65,6.64,6.662741789537852
20230630093539690,6.65,6.64,6.662741789537852
20230630093539900,6.65,6.64,6.662741789537852
20230630093540060,6.65,6.64,6.662741789537852
20230630093540090,6.65,6.64,6.662741789537852
20230630093540120,6.65,6.64,6.662741789537852
20230630093540140,6.65,6.64,6.662741789537852
20230630093540220,6.65,6.64,6.662741789537852
20230630093542350,6.65,6.64,6.662741789537852
20230630093542430,6.65,6.64,6.662741789537852
20230630093542560,6.65,6.64,6.662741789537852
20230630093542580,6.65,6.64,6.662741789537852
20230630093542610,6.65,6.64,6.662741789537852
20230630093542730,6.65,6.64,6.662741789537852
20230630093542770,6.65,6.64,6.662741789537852
20230630093542960,6.65,6.64,6.662741789537852
20230630093544950,6.65,6.64,6.662741789537852
20230630093545010,6.65,6.64,6.662523780792473
20230630093545020,6.65,6.64,6.662523780792473
20230630093545030,6.65,6.64,6.662523780792473
20230630093545050,6.65,6.64,6.662523780792473
20230630093545430,6.65,6.64,6.662523780792473
20230630093545540,6.65,6.64,6.662523780792473
20230630093547370,6.65,6.64,6.662392893629385
20230630093547430,6.65,6.64,6.662392893629385
20230630093547630,6.65,6.64,6.662392893629385
20230630093547750,6.65,6.64,6.662392893629385
20230630093547870,6.65,6.64,6.662392893629385
20230630093547910,6.65,6.64,6.662392893629385
20230630093548000,6.65,6.64,6.662348905082177
20230630093548140,6.65,6.64,6.662348905082177
20230630093548390,6.65,6.64,6.662348905082177
20230630093549970,6.65,6.64,6.662348905082177
20230630093550130,6.64,6.64,6.662099798349798
20230630093550140,6.64,6.64,6.662092645848552
20230630093550340,6.64,6.64,6.6620906031270515
20230630093550580,6.64,6.64,6.6620906031270515
20230630093550780,6.64,6.64,6.6620906031270515
20230630093550950,6.64,6.64,6.6620906031270515
20230630093551000,6.64,6.64,6.662089581907949
20230630093551010,6.64,6.64,6.662082436017117
20230630093551090,6.64,6.64,6.662079374907585
20230630093553070,6.64,6.64,6.662079374907585
20230630093553150,6.64,6.64,6.66159336864965
20230630093553200,6.64,6.64,6.66159336864965
20230630093553360,6.64,6.64,6.66159336864965
20230630093553400,6.64,6.64,6.661590425918523
20230630093553640,6.64,6.64,6.661590425918523
20230630093553670,6.64,6.64,6.661590425918523
20230630093555350,6.64,6.64,6.661590425918523
20230630093555530,6.64,6.64,6.661590425918523
20230630093557950,6.64,6.64,6.661590425918523
20230630093558060,6.64,6.64,6.661590425918523
20230630093558070,6.64,6.64,6.661590425918523
20230630093558080,6.64,6.64,6.661590425918523
20230630093558150,6.64,6.64,6.661590425918523
20230630093558160,6.64,6.64,6.661590425918523
20230630093558200,6.64,6.64,6.661590425918523
20230630093558340,6.64,6.64,6.661590425918523
20230630093558910,6.64,6.64,6.661590425918523
20230630093600730,6.64,6.64,6.661590425918523
20230630093600750,6.64,6.64,6.661590425918523
20230630093600940,6.64,6.64,6.661590425918523
20230630093601050,6.64,6.64,6.661590425918523
20230630093601070,6.64,6.64,6.661590425918523
20230630093601130,6.64,6.64,6.661590425918523
20230630093601150,6.64,6.64,6.661590425918523
20230630093601860,6.64,6.64,6.661590425918523
20230630093603360,6.64,6.64,6.661590425918523
20230630093603960,6.64,6.64,6.661590425918523
20230630093603980,6.65,6.64,6.661546240809407
20230630093604090,6.65,6.64,6.661546240809407
20230630093604100,6.65,6.64,6.661546240809407
20230630093604450,6.65,6.64,6.661546240809407
20230630093606150,6.65,6.64,6.661546240809407
20230630093606190,6.65,6.64,6.661546240809407
20230630093606340,6.65,6.64,6.661546240809407
20230630093606600,6.65,6.64,6.661546240809407
20230630093606930,6.65,6.64,6.661546240809407
20230630093607100,6.65,6.64,6.661546240809407
20230630093607110,6.65,6.64,6.661546240809407
20230630093607310,6.65,6.64,6.661530625186849
20230630093609130,6.65,6.64,6.661530625186849
20230630093609200,6.65,6.64,6.661530625186849
20230630093609330,6.65,6.64,6.661530625186849
20230630093609380,6.65,6.64,6.661530625186849
20230630093609570,6.65,6.64,6.661511137460061
20230630093609810,6.65,6.64,6.661501406819682
20230630093611580,6.65,6.64,6.661501406819682
20230630093611620,6.65,6.64,6.661501406819682
20230630093612270,6.65,6.64,6.661501406819682
20230630093612530,6.65,6.64,6.661501406819682
20230630093612560,6.65,6.64,6.661501406819682
20230630093612580,6.65,6.64,6.661501406819682
20230630093614200,6.65,6.64,6.6614790278003575
20230630093614370,6.65,6.64,6.6614790278003575
20230630093614510,6.65,6.64,6.661417156255053
20230630093614560,6.65,6.64,6.661417156255053
20230630093614660,6.65,6.64,6.661417156255053
20230630093614770,6.65,6.64,6.661417156255053
20230630093614830,6.65,6.64,6.661417156255053
20230630093615180,6.65,6.64,6.661417156255053
20230630093615250,6.65,6.64,6.661417156255053
20230630093615280,6.65,6.64,6.661417156255053
20230630093615310,6.65,6.64,6.661383334229246
20230630093615360,6.65,6.64,6.661383334229246
20230630093615410,6.65,6.64,6.661383334229246
20230630093616970,6.65,6.64,6.661383334229246
20230630093616990,6.65,6.64,6.661383334229246
20230630093617360,6.65,6.64,6.661383334229246
20230630093617670,6.65,6.64,6.661383334229246
20230630093619640,6.65,6.64,6.661383334229246
20230630093620150,6.65,6.64,6.661358988351911
20230630093620170,6.65,6.64,6.661350357133279
20230630093620180,6.65,6.64,6.661349849823005
20230630093620210,6.65,6.64,6.661349849823005
20230630093620440,6.65,6.64,6.661349849823005
20230630093620460,6.65,6.64,6.661349849823005
20230630093620480,6.65,6.64,6.661349849823005
20230630093620510,6.65,6.64,6.661349849823005
20230630093622320,6.65,6.64,6.661349849823005
20230630093622530,6.65,6.64,6.661330782009145
20230630093622540,6.65,6.64,6.661330782009145
20230630093622570,6.65,6.64,6.661313650074068
20230630093623340,6.65,6.64,6.661313650074068
20230630093623420,6.65,6.64,6.661313650074068
20230630093623510,6.65,6.64,6.661313650074068
20230630093625110,6.65,6.64,6.661313650074068
20230630093625120,6.65,6.64,6.661313650074068
20230630093625130,6.65,6.64,6.661313650074068
20230630093625180,6.65,6.64,6.661313650074068
20230630093625290,6.65,6.64,6.661299394469068
20230630093625500,6.65,6.64,6.661299394469068
20230630093625670,6.65,6.64,6.661299394469068
20230630093625710,6.65,6.64,6.661296372243966
20230630093627940,6.65,6.64,6.661296372243966
20230630093628160,6.65,6.64,6.661296372243966
20230630093628180,6.65,6.64,6.661296372243966
20230630093628630,6.65,6.64,6.661296372243966
20230630093628640,6.65,6.64,6.661296372243966
20230630093628900,6.65,6.64,6.661296372243966
20230630093628920,6.65,6.64,6.661296372243966
20230630093630350,6.65,6.64,6.661296372243966
20230630093630460,6.65,6.64,6.661296372243966
20230630093630710,6.65,6.64,6.661296372243966
20230630093630720,6.65,6.64,6.661296372243966
20230630093630740,6.65,6.64,6.661296372243966
20230630093630750,6.65,6.64,6.661296372243966
20230630093630790,6.65,6.64,6.661296372243966
20230630093630820,6.65,6.64,6.661296372243966
20230630093631040,6.65,6.64,6.661296372243966
20230630093631090,6.65,6.64,6.661296372243966
20230630093631100,6.65,6.64,6.661296372243966
20230630093631110,6.65,6.64,6.661296372243966
20230630093631120,6.65,6.64,6.661296372243966
20230630093631130,6.65,6.64,6.661296372243966
20230630093631140,6.65,6.64,6.661104002178056
20230630093631150,6.65,6.65,6.661062633645318
20230630093631180,6.65,6.65,6.661061179604461
20230630093631190,6.65,6.64,6.661046176866938
20230630093631200,6.65,6.64,6.661045693585223
20230630093631240,6.65,6.64,6.661045693585223
20230630093631250,6.65,6.64,6.66101058117912
20230630093631290,6.65,6.64,6.66101058117912
20230630093631370,6.65,6.64,6.66101058117912
20230630093631380,6.65,6.64,6.66101058117912
20230630093633260,6.65,6.64,6.66101058117912
20230630093633400,6.65,6.65,6.660925656292521
20230630093633410,6.65,6.65,6.660925656292521
20230630093633500,6.65,6.65,6.660925656292521
20230630093633510,6.65,6.65,6.660924236121943
20230630093633600,6.65,6.65,6.660923762813791
20230630093633620,6.65,6.65,6.660921869991249
20230630093633750,6.65,6.65,6.660921869991249
20230630093633820,6.65,6.65,6.660921869991249
20230630093633940,6.65,6.65,6.660921396888103
20230630093634080,6.65,6.65,6.660919031987042
20230630093634120,6.65,6.65,6.660919031987042
20230630093634160,6.65,6.65,6.660918559129726
20230630093634200,6.65,6.65,6.660918559129726
20230630093634220,6.65,6.65,6.660918559129726
20230630093634240,6.65,6.65,6.660918559129726
20230630093635870,6.65,6.65,6.660918559129726
20230630093635940,6.65,6.65,6.660918559129726
20230630093636040,6.65,6.65,6.660918559129726
20230630093636050,6.65,6.65,6.660918559129726
20230630093636140,6.65,6.65,6.660914329868425
20230630093636620,6.65,6.65,6.660914329868425
20230630093636710,6.65,6.65,6.660914329868425
20230630093636970,6.65,6.65,6.660914329868425
20230630093638490,6.65,6.65,6.660914329868425
20230630093638530,6.65,6.65,6.660914329868425
20230630093638550,6.65,6.65,6.660913858744917
20230630093639420,6.65,6.65,6.660913858744917
20230630093639480,6.65,6.65,6.660913858744917
20230630093639560,6.65,6.65,6.660913858744917
20230630093639620,6.65,6.65,6.660913858744917
20230630093639710,6.65,6.65,6.660913858744917
20230630093641590,6.65,6.65,6.660913858744917
20230630093642170,6.65,6.65,6.660913858744917
20230630093642340,6.65,6.65,6.660913858744917
20230630093642380,6.65,6.65,6.660913858744917
20230630093643940,6.65,6.65,6.660913858744917
20230630093644290,6.65,6.65,6.660913858744917
20230630093644450,6.65,6.65,6.660913858744917
20230630093644730,6.65,6.65,6.6608959861406785
20230630093644760,6.65,6.65,6.6608959861406785
20230630093645000,6.65,6.65,6.6608959861406785
20230630093646640,6.65,6.65,6.6608959861406785
20230630093646690,6.65,6.65,6.6608959861406785
20230630093647660,6.65,6.65,6.6608959861406785
20230630093649710,6.65,6.65,6.6608959861406785
20230630093649720,6.65,6.65,6.6608959861406785
20230630093649730,6.65,6.65,6.6608959861406785
20230630093649740,6.65,6.65,6.6608959861406785
20230630093650290,6.65,6.65,6.660889894354373
20230630093650300,6.65,6.65,6.660865640963896
20230630093650440,6.65,6.65,6.660865640963896
20230630093652080,6.65,6.65,6.660865640963896
20230630093652100,6.65,6.65,6.660865640963896
20230630093652130,6.65,6.65,6.660865640963896
20230630093652230,6.65,6.65,6.660865640963896
20230630093652690,6.65,6.65,6.660865640963896
20230630093652980,6.65,6.65,6.660865640963896
20230630093652990,6.65,6.65,6.660865640963896
20230630093654800,6.65,6.65,6.660865640963896
20230630093654880,6.65,6.65,6.660865640963896
20230630093655080,6.65,6.65,6.660865640963896
20230630093655130,6.65,6.65,6.660865640963896
20230630093655150,6.65,6.65,6.660865640963896
20230630093657350,6.65,6.65,6.660865640963896
20230630093657710,6.65,6.65,6.660865640963896
20230630093657940,6.65,6.65,6.660865640963896
20230630093658070,6.65,6.65,6.660865640963896
20230630093658280,6.65,6.65,6.660837816306601
20230630093658430,6.65,6.65,6.660837816306601
20230630093658460,6.65,6.65,6.660837816306601
20230630093700120,6.65,6.65,6.660837816306601
20230630093700270,6.65,6.65,6.660837816306601
20230630093700290,6.65,6.65,6.660837816306601
20230630093700490,6.65,6.65,6.660777407874122
20230630093700500,6.65,6.65,6.660777407874122
20230630093700660,6.65,6.65,6.660777407874122
20230630093700710,6.65,6.65,6.660777407874122
20230630093701070,6.65,6.65,6.660776490319944
20230630093701080,6.65,6.65,6.660771446563358
20230630093701090,6.65,6.65,6.660763660946614
20230630093701130,6.65,6.65,6.660750405544278
20230630093701160,6.65,6.65,6.66074994904372
20230630093701170,6.65,6.65,6.660745386169544
20230630093701180,6.65,6.65,6.6607449300951584
20230630093701190,6.65,6.65,6.660740371479725
20230630093701200,6.65,6.65,6.660739915830915
20230630093701250,6.65,6.65,6.660739460220764
20230630093701260,6.65,6.65,6.660739004649268
20230630093701280,6.65,6.65,6.660738549116422
20230630093703150,6.65,6.65,6.660738549116422
20230630093703640,6.65,6.65,6.660738549116422
20230630093703680,6.65,6.65,6.660738549116422
20230630093703700,6.65,6.65,6.660738549116422
20230630093703830,6.65,6.65,6.660738549116422
20230630093703960,6.65,6.65,6.660710834503884
20230630093705610,6.65,6.65,6.660710381357725
20230630093706490,6.65,6.65,6.660707210407891
20230630093706560,6.65,6.65,6.660703136230266
20230630093706600,6.65,6.65,6.660703136230266
20230630093708460,6.65,6.65,6.660700421833921
20230630093708480,6.65,6.65,6.660700421833921
20230630093708490,6.65,6.65,6.660700421833921
20230630093708620,6.65,6.65,6.660700421833921
20230630093708860,6.65,6.65,6.660700421833921
20230630093709050,6.65,6.65,6.660699517341064
20230630093709070,6.65,6.65,6.660699517341064
20230630093709380,6.65,6.65,6.660699517341064
20230630093709390,6.65,6.65,6.660699517341064
20230630093710860,6.65,6.65,6.660699517341064
20230630093711090,6.65,6.65,6.660699517341064
20230630093711250,6.65,6.65,6.660699517341064
20230630093711260,6.65,6.65,6.660699517341064
20230630093711670,6.65,6.65,6.660699517341064
20230630093714010,6.65,6.65,6.660699517341064
20230630093714040,6.65,6.65,6.660699517341064
20230630093714050,6.65,6.64,6.660503306697202
20230630093714060,6.65,6.65,6.660088508623713
20230630093714250,6.65,6.64,6.660082080160576
20230630093714400,6.65,6.65,6.66007646197201
20230630093714410,6.65,6.65,6.66007646197201
20230630093714490,6.65,6.65,6.66007646197201
20230630093716360,6.65,6.65,6.660070048847237
20230630093716430,6.65,6.64,6.6600672456713825
20230630093716860,6.65,6.65,6.6600672456713825
20230630093716890,6.65,6.64,6.6600672456713825
20230630093716980,6.65,6.64,6.6600672456713825
20230630093717070,6.65,6.64,6.6600672456713825
20230630093717110,6.65,6.65,6.6600672456713825
20230630093717220,6.65,6.65,6.6600672456713825
20230630093718950,6.65,6.65,6.6600672456713825
20230630093719070,6.65,6.65,6.6600672456713825
20230630093719130,6.65,6.65,6.6600672456713825
20230630093719230,6.65,6.65,6.6600672456713825
20230630093719310,6.65,6.65,6.6600672456713825
20230630093719360,6.65,6.65,6.6600672456713825
20230630093719470,6.65,6.65,6.6600672456713825
20230630093719530,6.65,6.65,6.6600672456713825
20230630093719920,6.65,6.65,6.6600672456713825
20230630093720090,6.65,6.65,6.6600672456713825
20230630093721730,6.65,6.65,6.6600672456713825
20230630093722180,6.65,6.65,6.6600672456713825
20230630093725080,6.65,6.65,6.660019429693002
20230630093725110,6.65,6.65,6.660019429693002
20230630093725170,6.65,6.65,6.660019429693002
20230630093725300,6.65,6.65,6.660019429693002
20230630093725390,6.65,6.65,6.660019429693002
20230630093725400,6.65,6.65,6.660019429693002
20230630093725420,6.65,6.65,6.660019422007389
20230630093727050,6.65,6.65,6.660019422007389
20230630093727120,6.65,6.65,6.660019422007389
20230630093727560,6.65,6.65,6.660019422007389
20230630093728070,6.65,6.65,6.660019422007389
20230630093728250,6.65,6.65,6.660019422007389
20230630093729770,6.65,6.66,6.660019422007389
20230630093729860,6.65,6.66,6.660019422007389
20230630093729930,6.65,6.66,6.660019422007389
20230630093730300,6.65,6.66,6.660019422007389
20230630093730330,6.65,6.66,6.660019422007389
20230630093730830,6.65,6.66,6.660019422007389
20230630093732670,6.65,6.66,6.660019422007389
20230630093732850,6.65,6.66,6.660019422007389
20230630093733430,6.65,6.66,6.660019422007389
20230630093733660,6.65,6.66,6.660019422007389
20230630093735270,6.65,6.66,6.660019422007389
20230630093735280,6.65,6.66,6.660019422007389
20230630093735330,6.65,6.66,6.660019422007389
20230630093735350,6.65,6.66,6.660019422007389
20230630093735490,6.65,6.66,6.660034313493751
20230630093735610,6.65,6.66,6.660034313493751
20230630093736080,6.65,6.66,6.660034313493751
20230630093737920,6.65,6.66,6.660034313493751
20230630093738260,6.65,6.66,6.660034313493751
20230630093738500,6.65,6.66,6.660034313493751
20230630093738540,6.65,6.66,6.66003823647547
20230630093738580,6.65,6.66,6.66003823647547
20230630093738930,6.65,6.66,6.66003823647547
20230630093739030,6.65,6.66,6.66003823647547
20230630093740800,6.65,6.66,6.66003823647547
20230630093740980,6.65,6.66,6.66003823647547
20230630093741120,6.65,6.66,6.66003823647547
20230630093741780,6.65,6.66,6.66003823647547
20230630093743360,6.65,6.66,6.66003823647547
20230630093743380,6.65,6.66,6.66003823647547
20230630093743470,6.65,6.66,6.66003823647547
20230630093743510,6.65,6.66,6.66003823647547
20230630093743520,6.66,6.66,6.66003823647547
20230630093743620,6.66,6.66,6.66003823647547
20230630093744090,6.66,6.66,6.66003823647547
20230630093744450,6.66,6.67,6.66003823647547
20230630093744460,6.66,6.67,6.66003823647547
20230630093746150,6.66,6.67,6.66003823647547
20230630093746220,6.66,6.67,6.66003823647547
20230630093746230,6.66,6.67,6.66003823647547
20230630093746250,6.66,6.67,6.66003823647547
20230630093746330,6.66,6.66,6.66014726043403
20230630093746360,6.66,6.67,6.66014726043403
20230630093746380,6.66,6.67,6.660149683608265
20230630093746420,6.66,6.67,6.660149683608265
20230630093746440,6.66,6.67,6.660149683608265
20230630093746500,6.66,6.67,6.660149683608265
20230630093746680,6.66,6.67,6.660149683608265
20230630093746910,6.66,6.67,6.660149683608265
20230630093748660,6.66,6.67,6.660149683608265
20230630093748740,6.66,6.67,6.660149683608265
20230630093748910,6.66,6.67,6.660149683608265
20230630093749140,6.66,6.67,6.660149683608265
20230630093749160,6.66,6.67,6.660149683608265
20230630093749190,6.66,6.67,6.660149683608265
20230630093749210,6.66,6.67,6.660149683608265
20230630093749230,6.66,6.67,6.660149683608265
20230630093749340,6.66,6.67,6.660149683608265
20230630093749420,6.66,6.67,6.660149683608265
20230630093749450,6.66,6.67,6.660149683608265
20230630093749810,6.66,6.67,6.660149683608265
20230630093751700,6.66,6.67,6.660149683608265
20230630093752220,6.66,6.67,6.660149683608265
20230630093752330,6.66,6.67,6.660149683608265
20230630093752450,6.66,6.67,6.660149683608265
20230630093754180,6.66,6.67,6.660149683608265
20230630093754240,6.66,6.67,6.660149683608265
20230630093755130,6.66,6.67,6.660149683608265
20230630093756810,6.66,6.66,6.660149683608265
20230630093756990,6.66,6.66,6.660149683608265
20230630093757100,6.66,6.66,6.660149683608265
20230630093757480,6.66,6.66,6.660149683608265
20230630093757520,6.66,6.66,6.660149683608265
20230630093757980,6.66,6.66,6.660149683608265
20230630093759680,6.66,6.66,6.660149683608265
20230630093759950,6.66,6.66,6.660149683608265
20230630093759970,6.66,6.66,6.6601756228778735
20230630093759980,6.66,6.66,6.6601756228778735
20230630093759990,6.66,6.66,6.6601756228778735
20230630093800000,6.66,6.66,6.6601756228778735
20230630093800010,6.66,6.66,6.6601756228778735
20230630093800200,6.66,6.66,6.660176765132196
20230630093800240,6.66,6.66,6.660176751431915
20230630093800290,6.66,6.66,6.660176751431915
20230630093800310,6.66,6.66,6.6601778933337465
20230630093800340,6.66,6.66,6.6601778933337465
20230630093800580,6.66,6.66,6.660177858875123
20230630093800640,6.66,6.66,6.660177858875123
20230630093802470,6.66,6.66,6.660177858875123
20230630093802490,6.66,6.66,6.660177858875123
20230630093803090,6.66,6.66,6.660179000294395
20230630093803160,6.66,6.66,6.660179000294395
20230630093803360,6.66,6.66,6.660179000294395
20230630093804920,6.66,6.66,6.660179000294395
20230630093804990,6.66,6.66,6.660179000294395
20230630093805020,6.66,6.66,6.660179000294395
20230630093805140,6.66,6.66,6.660179000294395
20230630093805270,6.66,6.66,6.660179000294395
20230630093805290,6.66,6.66,6.660179000294395
20230630093805470,6.66,6.66,6.660179000294395
20230630093805950,6.66,6.66,6.660198742828867
20230630093806100,6.66,6.66,6.660198742828867
20230630093807710,6.66,6.66,6.660205558302685
20230630093807920,6.66,6.66,6.660205558302685
20230630093808210,6.66,6.66,6.660205558302685
20230630093808480,6.66,6.66,6.660205558302685
20230630093808490,6.66,6.66,6.6602244405373305
20230630093808640,6.66,6.66,6.6602244405373305
20230630093808670,6.66,6.66,6.6602244405373305
20230630093810610,6.66,6.66,6.660223578484843
20230630093810730,6.66,6.66,6.660234830581302
20230630093811240,6.66,6.66,6.660234830581302
20230630093811460,6.66,6.66,6.660234830581302
20230630093813080,6.66,6.66,6.660235954366556
20230630093813120,6.66,6.66,6.660235954366556
20230630093813130,6.66,6.66,6.660235954366556
20230630093813360,6.66,6.66,6.660235954366556
20230630093813390,6.66,6.66,6.660235954366556
20230630093813430,6.66,6.66,6.660235954366556
20230630093813530,6.66,6.66,6.660235954366556
20230630093813560,6.66,6.66,6.660235954366556
20230630093813600,6.66,6.66,6.660235954366556
20230630093813840,6.66,6.66,6.660235954366556
20230630093813960,6.66,6.66,6.660235954366556
20230630093814100,6.66,6.66,6.660235954366556
20230630093815650,6.66,6.66,6.660235954366556
20230630093815750,6.66,6.66,6.660235954366556
20230630093815960,6.66,6.66,6.660235954366556
20230630093816200,6.66,6.66,6.660235954366556
20230630093816310,6.66,6.66,6.660235954366556
20230630093816650,6.66,6.66,6.660235954366556
20230630093816750,6.66,6.66,6.660235954366556
20230630093816870,6.66,6.66,6.660235954366556
20230630093818490,6.66,6.66,6.660235954366556
20230630093821410,6.66,6.66,6.6602475516866155
20230630093821600,6.66,6.66,6.660257630154708
20230630093821610,6.66,6.66,6.660257630154708
20230630093821700,6.66,6.66,6.660257630154708
20230630093821740,6.66,6.66,6.660260239691431
20230630093822090,6.66,6.66,6.660260239691431
20230630093822130,6.66,6.66,6.660260239691431
20230630093822290,6.66,6.66,6.660260239691431
20230630093823770,6.66,6.66,6.660260239691431
20230630093824080,6.66,6.66,6.660260985016605
20230630093824300,6.66,6.66,6.660260985016605
20230630093826600,6.66,6.67,6.660260985016605
20230630093827190,6.66,6.67,6.660260985016605
20230630093827220,6.66,6.67,6.660260985016605
20230630093827260,6.66,6.67,6.660260985016605
20230630093827290,6.66,6.67,6.660260985016605
20230630093827310,6.66,6.67,6.660260985016605
20230630093827420,6.66,6.67,6.660260985016605
20230630093827450,6.66,6.67,6.660260985016605
20230630093832490,6.66,6.67,6.660260985016605
20230630093832740,6.66,6.67,6.660260985016605
20230630093832800,6.66,6.67,6.660260985016605
20230630093832930,6.66,6.67,6.660260985016605
20230630093832950,6.66,6.67,6.660260985016605
20230630093834640,6.66,6.66,6.660260985016605
20230630093835060,6.66,6.66,6.660260985016605
20230630093835120,6.66,6.66,6.660260985016605
20230630093835170,6.66,6.66,6.660260985016605
20230630093835300,6.66,6.66,6.660260985016605
20230630093835540,6.66,6.66,6.660260985016605
20230630093835800,6.66,6.66,6.660260985016605
20230630093837520,6.66,6.67,6.660260985016605
20230630093837700,6.66,6.68,6.660260985016605
20230630093838190,6.66,6.68,6.660260985016605
20230630093838460,6.66,6.68,6.660260985016605
20230630093840150,6.66,6.68,6.660260985016605
20230630093840210,6.66,6.68,6.660260985016605
20230630093840290,6.66,6.68,6.660260985016605
20230630093840390,6.66,6.68,6.660260985016605
20230630093840410,6.66,6.68,6.660260985016605
20230630093840590,6.66,6.68,6.660260985016605
20230630093841080,6.66,6.68,6.660260985016605
20230630093843140,6.66,6.68,6.660260985016605
20230630093843170,6.66,6.68,6.660260985016605
20230630093843180,6.66,6.68,6.660260985016605
20230630093843220,6.66,6.68,6.660291512154924
20230630093843230,6.66,6.68,6.660294519293855
20230630093843560,6.66,6.68,6.660294519293855
20230630093845610,6.66,6.68,6.660294519293855
20230630093845820,6.66,6.68,6.6602997795794465
20230630093846250,6.66,6.68,6.6602997795794465
20230630093848080,6.66,6.68,6.6602997795794465
20230630093848380,6.66,6.68,6.6602997795794465
20230630093848700,6.66,6.68,6.6602997795794465
20230630093849150,6.66,6.68,6.6602997795794465
20230630093851640,6.66,6.68,6.6602997795794465
20230630093856580,6.66,6.68,6.6602997795794465
20230630093856650,6.66,6.68,6.6602997795794465
20230630093856910,6.66,6.68,6.6602997795794465
20230630093857340,6.66,6.68,6.6602997795794465
20230630093857360,6.66,6.68,6.6602997795794465
20230630093859950,6.66,6.68,6.6602997795794465
20230630093900060,6.66,6.68,6.660312233166626
20230630093900070,6.66,6.68,6.660312233166626
20230630093900080,6.66,6.68,6.660312233166626
20230630093901660,6.66,6.68,6.660312233166626
20230630093901800,6.66,6.68,6.660312233166626
20230630093902230,6.66,6.68,6.660322414699762
20230630093902740,6.66,6.68,6.660322414699762
20230630093904370,6.66,6.69,6.660322414699762
20230630093904430,6.66,6.69,6.660334506639848
20230630093904580,6.66,6.69,6.660334506639848
20230630093904710,6.66,6.69,6.660334506639848
20230630093904860,6.66,6.69,6.660334506639848
20230630093905430,6.66,6.69,6.660334506639848
20230630093905440,6.66,6.69,6.660451483810218
20230630093907030,6.66,6.69,6.660451483810218
20230630093907110,6.66,6.69,6.660522233085499
20230630093907140,6.66,6.69,6.660522233085499
20230630093907150,6.66,6.69,6.660522233085499
20230630093907220,6.66,6.69,6.660522233085499
20230630093907570,6.66,6.68,6.660522233085499
20230630093907790,6.66,6.68,6.660522233085499
20230630093908190,6.66,6.68,6.660522233085499
20230630093909710,6.66,6.68,6.660522233085499
20230630093909780,6.66,6.68,6.660522233085499
20230630093909910,6.66,6.68,6.660522233085499
20230630093909960,6.66,6.68,6.660522233085499
20230630093910090,6.66,6.68,6.660748394229756
20230630093910150,6.66,6.69,6.660748394229756
20230630093910300,6.66,6.69,6.660748394229756
20230630093910670,6.66,6.7,6.660757248774325
20230630093910680,6.66,6.69,6.66077052310329
20230630093910890,6.66,6.69,6.66077052310329
20230630093912370,6.66,6.69,6.66077052310329
20230630093912600,6.66,6.69,6.66077052310329
20230630093912700,6.66,6.69,6.66077052310329
20230630093912780,6.66,6.69,6.66077052310329
20230630093913150,6.66,6.69,6.66077052310329
20230630093913200,6.66,6.69,6.66077052310329
20230630093913300,6.66,6.69,6.66077052310329
20230630093913380,6.66,6.69,6.66077052310329
20230630093915320,6.66,6.69,6.660777893850802
20230630093915410,6.66,6.69,6.660777893850802
20230630093915740,6.66,6.69,6.660777893850802
20230630093915920,6.66,6.69,6.660777893850802
20230630093916150,6.66,6.69,6.660777893850802
20230630093918610,6.66,6.69,6.660777893850802
20230630093918860,6.68,6.69,6.661332649372583
20230630093918910,6.68,6.69,6.661332649372583
20230630093920770,6.68,6.69,6.661332649372583
20230630093920990,6.68,6.69,6.661332649372583
20230630093921050,6.68,6.69,6.661332649372583
20230630093921090,6.68,6.69,6.661365560678839
20230630093921380,6.68,6.69,6.661365560678839
20230630093921430,6.68,6.69,6.661365560678839
20230630093921470,6.68,6.69,6.661365560678839
20230630093923720,6.68,6.69,6.661365560678839
20230630093927010,6.68,6.69,6.661365560678839
20230630093928660,6.68,6.69,6.661365560678839
20230630093928730,6.68,6.69,6.661365560678839
20230630093928810,6.68,6.69,6.661365560678839
20230630093928940,6.68,6.69,6.661365560678839
20230630093929010,6.68,6.69,6.661365560678839
20230630093929690,6.68,6.69,6.661365560678839
20230630093929720,6.68,6.69,6.661365560678839
20230630093929730,6.68,6.69,6.661365560678839
20230630093931390,6.68,6.69,6.661365560678839
20230630093931470,6.68,6.69,6.661365560678839
20230630093931720,6.68,6.69,6.661365560678839
20230630093934040,6.68,6.69,6.661365560678839
20230630093934050,6.68,6.69,6.661365560678839
20230630093934140,6.68,6.7,6.661365560678839
20230630093934150,6.68,6.7,6.6614787526840455
20230630093934260,6.68,6.7,6.6614787526840455
20230630093934420,6.68,6.7,6.6614787526840455
20230630093934430,6.68,6.7,6.6614787526840455
20230630093934500,6.68,6.7,6.6614801738386165
20230630093934510,6.68,6.7,6.6614801738386165
20230630093934570,6.68,6.7,6.66148159488833
20230630093934630,6.68,6.7,6.66148159488833
20230630093934780,6.68,6.7,6.66148159488833
20230630093934820,6.68,6.7,6.66148159488833
20230630093934900,6.68,6.7,6.66150005899792
20230630093934910,6.68,6.7,6.66150005899792
20230630093935040,6.68,6.7,6.661515668654582
20230630093935100,6.68,6.7,6.661518505414151
20230630093936970,6.68,6.7,6.661518505414151
20230630093937020,6.68,6.7,6.661522759769454
20230630093937070,6.68,6.7,6.661559591482092
20230630093937080,6.68,6.7,6.661559591482092
20230630093937100,6.68,6.7,6.661559591482092
20230630093937110,6.68,6.7,6.661559591482092
20230630093937140,6.68,6.7,6.661559591482092
20230630093937150,6.68,6.7,6.661618940140276
20230630093937310,6.68,6.7,6.661625993252133
20230630093937440,6.68,6.7,6.661628813771103
20230630093937450,6.68,6.7,6.661628813771103
20230630093937460,6.68,6.7,6.661633043772231
20230630093937470,6.68,6.7,6.661634453565365
20230630093937870,6.68,6.69,6.661940466314456
20230630093937880,6.68,6.69,6.661940466314456
20230630093939500,6.68,6.69,6.661950672156429
20230630093939570,6.68,6.69,6.661950672156429
20230630093939590,6.68,6.69,6.661950672156429
20230630093939990,6.68,6.69,6.661950672156429
20230630093940090,6.68,6.69,6.661959851068626
20230630093940120,6.68,6.69,6.661959851068626
20230630093940230,6.68,6.69,6.661964947868952
20230630093940240,6.68,6.69,6.661964947868952
20230630093942170,6.68,6.69,6.661964947868952
20230630093942320,6.68,6.69,6.661964947868952
20230630093942410,6.68,6.69,6.661964947868952
20230630093942540,6.68,6.69,6.661964947868952
20230630093942890,6.68,6.69,6.661964947868952
20230630093943090,6.68,6.69,6.661964947868952
20230630093944810,6.68,6.69,6.661964947868952
20230630093945030,6.68,6.69,6.661964947868952
20230630093945850,6.68,6.69,6.661976374061612
20230630093947900,6.68,6.69,6.661976374061612
20230630093947920,6.68,6.69,6.661976374061612
20230630093948030,6.68,6.69,6.661976374061612
20230630093948100,6.68,6.69,6.661976374061612
20230630093948170,6.68,6.69,6.661976374061612
20230630093948280,6.68,6.69,6.661976374061612
20230630093948290,6.68,6.69,6.66202009171516
20230630093948390,6.68,6.69,6.66202009171516
20230630093948660,6.68,6.69,6.66202009171516
20230630093950420,6.68,6.69,6.662029224665066
20230630093950710,6.68,6.68,6.6620838063970265
20230630093951070,6.68,6.68,6.6620838063970265
20230630093951150,6.68,6.68,6.6620838063970265
20230630093951160,6.68,6.68,6.6620838063970265
20230630093953070,6.68,6.68,6.6620838063970265
20230630093953300,6.68,6.68,6.6620838063970265
20230630093953340,6.68,6.68,6.6620838063970265
20230630093953710,6.68,6.69,6.6620838063970265
20230630093953720,6.68,6.69,6.6620838063970265
20230630093956130,6.68,6.69,6.6620838063970265
20230630093956250,6.68,6.69,6.662363549884488
20230630093956260,6.68,6.69,6.662363549884488
20230630093956510,6.68,6.69,6.662363549884488
20230630093959110,6.68,6.69,6.662364538185355
20230630094000960,6.68,6.69,6.662364538185355
20230630094001080,6.69,6.68,6.662409923740432
20230630094001100,6.69,6.68,6.662409923740432
20230630094001130,6.69,6.69,6.662409923740432
20230630094001240,6.69,6.69,6.662409923740432
20230630094001280,6.69,6.69,6.662409923740432
20230630094001850,6.69,6.69,6.662409923740432
20230630094001950,6.69,6.69,6.662409923740432
20230630094001990,6.69,6.69,6.662409923740432
20230630094002140,6.69,6.69,6.662409923740432
20230630094003740,6.69,6.69,6.662409923740432
20230630094003970,6.69,6.69,6.662409923740432
20230630094004010,6.69,6.69,6.662409923740432
20230630094004140,6.69,6.69,6.662409923740432
20230630094004530,6.69,6.69,6.662409923740432
20230630094004580,6.69,6.69,6.662409923740432
20230630094004810,6.69,6.69,6.662409923740432
20230630094006760,6.69,6.69,6.662409923740432
20230630094006870,6.69,6.69,6.662409923740432
20230630094006980,6.69,6.69,6.662409923740432
20230630094007090,6.69,6.69,6.662409923740432
20230630094007100,6.69,6.69,6.662409923740432
20230630094007160,6.69,6.69,6.662409923740432
20230630094007350,6.69,6.69,6.662409923740432
20230630094009160,6.69,6.69,6.662409923740432
20230630094009220,6.69,6.69,6.662409923740432
20230630094009360,6.69,6.69,6.662409923740432
20230630094009380,6.69,6.69,6.662409923740432
20230630094009470,6.69,6.69,6.662409923740432
20230630094009530,6.69,6.69,6.662409923740432
20230630094009710,6.69,6.69,6.662409923740432
20230630094009750,6.69,6.69,6.662409923740432
20230630094009890,6.69,6.69,6.662409923740432
20230630094010100,6.69,6.69,6.662409923740432
20230630094010140,6.69,6.69,6.662409923740432
20230630094011820,6.69,6.69,6.662409923740432
20230630094012010,6.69,6.69,6.662409923740432
20230630094012080,6.69,6.69,6.662409923740432
20230630094012120,6.69,6.69,6.662409923740432
20230630094012340,6.69,6.69,6.662409923740432
20230630094012370,6.69,6.69,6.662409923740432
20230630094012600,6.69,6.69,6.662409923740432
20230630094012720,6.69,6.69,6.662409923740432
20230630094014890,6.69,6.69,6.662409923740432
20230630094015390,6.69,6.69,6.662409923740432
20230630094015630,6.69,6.69,6.662479318526752
20230630094017470,6.69,6.69,6.662479318526752
20230630094017740,6.69,6.69,6.662489119827911
20230630094018300,6.69,6.69,6.662489119827911
20230630094020770,6.69,6.69,6.662489119827911
20230630094020980,6.69,6.69,6.662489119827911
20230630094021010,6.69,6.69,6.662490099574068
20230630094023010,6.69,6.69,6.662490099574068
20230630094023130,6.69,6.69,6.662490099574068
20230630094023190,6.69,6.69,6.662490099574068
20230630094023250,6.69,6.69,6.662490099574068
20230630094025540,6.69,6.69,6.662490099574068
20230630094025880,6.69,6.69,6.662490099574068
20230630094025940,6.69,6.69,6.662490099574068
20230630094026030,6.69,6.69,6.662490099574068
20230630094026070,6.69,6.69,6.662490099574068
20230630094026110,6.69,6.7,6.662490099574068
20230630094026120,6.69,6.7,6.662490099574068
20230630094026130,6.69,6.7,6.662490099574068
20230630094026290,6.69,6.7,6.662490099574068
20230630094026300,6.69,6.7,6.662490099574068
20230630094028070,6.69,6.7,6.662490099574068
20230630094028390,6.69,6.7,6.662490099574068
20230630094028440,6.69,6.7,6.662490099574068
20230630094028550,6.69,6.7,6.662490099574068
20230630094031080,6.69,6.7,6.662490099574068
20230630094031140,6.69,6.7,6.662490099574068
20230630094031150,6.69,6.7,6.662490099574068
20230630094031530,6.69,6.7,6.662490099574068
20230630094033590,6.69,6.7,6.662490099574068
20230630094034070,6.69,6.7,6.662490099574068
20230630094034110,6.69,6.7,6.662490099574068
20230630094034320,6.69,6.7,6.662490099574068
20230630094036070,6.69,6.7,6.662490099574068
20230630094036490,6.69,6.7,6.662490099574068
20230630094037070,6.69,6.7,6.662490099574068
20230630094037080,6.69,6.7,6.662490099574068
20230630094038740,6.69,6.7,6.662490099574068
20230630094038750,6.69,6.7,6.662490099574068
20230630094038770,6.69,6.7,6.662490099574068
20230630094038780,6.69,6.7,6.662490099574068
20230630094038840,6.69,6.7,6.662490099574068
20230630094038860,6.69,6.7,6.662490099574068
20230630094039190,6.69,6.7,6.662490099574068
20230630094039290,6.69,6.7,6.662490099574068
20230630094039660,6.69,6.7,6.662490099574068
20230630094041660,6.69,6.7,6.662490099574068
20230630094041910,6.69,6.7,6.662490099574068
20230630094041920,6.69,6.7,6.662490099574068
20230630094042130,6.69,6.7,6.662490099574068
20230630094042400,6.69,6.7,6.662490099574068
20230630094042500,6.69,6.7,6.662490099574068
20230630094042630,6.69,6.7,6.662490099574068
20230630094044560,6.69,6.7,6.662490099574068
20230630094044660,6.69,6.7,6.662490099574068
20230630094045360,6.69,6.7,6.662490099574068
20230630094046880,6.69,6.7,6.662490099574068
20230630094046920,6.69,6.7,6.662490099574068
20230630094047120,6.69,6.7,6.662490099574068
20230630094047220,6.69,6.7,6.662490099574068
20230630094047470,6.69,6.7,6.662490099574068
20230630094047930,6.69,6.7,6.66282377941842
20230630094049580,6.69,6.7,6.66282377941842
20230630094049770,6.69,6.7,6.66282377941842
20230630094050100,6.69,6.7,6.66282377941842
20230630094050300,6.69,6.7,6.66282377941842
20230630094050450,6.69,6.7,6.66282377941842
