Timestamp,ask1,bid1,VWAP
20230718093000000,7.01,6.99,7.0
20230718093000030,7.02,7.01,7.0004128622469235
20230718093000040,7.02,7.01,7.000895140664961
20230718093000050,7.02,7.01,7.000895140664961
20230718093000220,7.01,7.01,7.000895140664961
20230718093000230,7.0,7.01,7.000895140664961
20230718093000240,6.99,7.01,7.000856313497823
20230718093000250,6.99,7.01,7.000856313497823
20230718093000260,6.99,7.01,7.000856313497823
20230718093000270,6.99,7.01,7.000856313497823
20230718093000280,6.99,7.01,7.000856313497823
20230718093000290,6.99,7.01,7.000701001430615
20230718093000300,6.99,7.01,7.000625
20230718093000310,6.99,7.01,7.000625
20230718093000330,6.99,7.01,7.000625
20230718093000340,6.99,7.01,7.000625
20230718093000350,6.99,7.01,7.000625
20230718093000360,6.99,7.01,7.000625
20230718093000370,6.99,7.01,7.000625
20230718093000400,6.99,7.01,7.000625
20230718093000410,6.99,7.01,7.000625
20230718093000420,7.0,7.01,7.000257113472746
20230718093000430,7.0,7.01,7.000257113472746
20230718093000440,7.0,7.01,7.000257113472746
20230718093000450,7.0,7.01,7.000257113472746
20230718093000460,7.0,7.01,7.000257113472746
20230718093000470,7.0,7.01,7.000257113472746
20230718093000900,7.0,7.01,7.000257113472746
20230718093000920,7.0,7.01,7.000257113472746
20230718093000930,7.0,7.01,7.000257113472746
20230718093000940,7.0,7.01,7.000257113472746
20230718093000950,7.0,7.01,7.000257113472746
20230718093000960,7.0,7.01,7.000257113472746
20230718093000980,7.0,7.01,7.000257113472746
20230718093000990,7.0,7.01,6.9998944
20230718093001000,7.0,7.01,6.9998944
20230718093001010,7.01,7.0,6.99991784914115
20230718093001020,7.01,7.0,6.99991784914115
20230718093001030,7.01,7.0,6.99991784914115
20230718093001050,7.01,7.0,6.99991784914115
20230718093001060,7.01,7.0,6.999918417799753
20230718093001070,7.01,7.0,6.999918417799753
20230718093001080,7.01,7.0,6.999918417799753
20230718093001090,7.01,7.0,6.999918417799753
20230718093001100,7.02,7.0,6.999974013701866
20230718093001110,7.02,7.0,6.999974013701866
20230718093001120,7.01,7.0,6.999974013701866
20230718093001130,7.01,7.0,6.999974148061105
20230718093001140,7.01,7.0,6.999974148061105
20230718093001150,7.01,7.0,6.999974148061105
20230718093001160,7.01,7.0,6.999974148061105
20230718093001180,7.01,7.0,6.999974148061105
20230718093001190,7.01,7.0,6.999974148061105
20230718093001210,7.01,7.0,6.999974293059126
20230718093001240,7.01,7.0,6.999974293059126
20230718093001250,7.01,7.0,6.999974293059126
20230718093001260,7.01,7.0,6.999974293059126
20230718093001270,7.01,7.0,6.999974293059126
20230718093001280,7.01,7.0,6.999974293059126
20230718093001290,7.01,7.0,6.999974293059126
20230718093001300,7.01,7.0,6.999974293059126
20230718093001320,7.01,7.0,6.999974293059126
20230718093001330,7.01,7.0,6.999974293059126
20230718093001360,7.01,7.0,6.999974293059126
20230718093001390,7.01,7.0,6.999974293059126
20230718093001410,7.01,7.0,6.999974293059126
20230718093001430,7.01,7.0,6.999974436439693
20230718093001460,7.01,7.0,6.999974448315911
20230718093001500,7.01,7.0,6.999974448315911
20230718093001510,7.01,7.0,6.999974448315911
20230718093001520,7.01,7.0,6.999974448315911
20230718093001530,7.01,7.0,6.999974448315911
20230718093002440,7.01,7.0,6.999974531141468
20230718093002470,7.01,7.0,6.999974531141468
20230718093002530,7.01,7.0,6.999974531141468
20230718093002540,7.01,7.0,6.999974531141468
20230718093002550,7.01,7.0,6.999974531141468
20230718093002560,7.01,7.0,6.999974601708613
20230718093002590,7.01,7.0,6.999974601708613
20230718093002610,7.01,7.0,6.999974601708613
20230718093002620,7.01,7.0,6.999974601708613
20230718093002640,7.01,7.0,6.999974601708613
20230718093002650,7.01,7.0,6.999974601708613
20230718093002660,7.01,7.0,6.999974601708613
20230718093002690,7.01,7.0,6.999974601708613
20230718093002700,7.01,7.0,7.000019951230326
20230718093002720,7.01,7.0,7.000019951230326
20230718093002730,7.01,7.0,7.000019951230326
20230718093002740,7.01,7.0,7.000019951230326
20230718093002760,7.01,7.0,7.000019951230326
20230718093002790,7.01,7.0,7.000019951230326
20230718093002800,7.01,7.0,7.000019951230326
20230718093002810,7.01,7.0,7.000019951230326
20230718093002870,7.01,7.0,7.000019951230326
20230718093002880,7.01,7.0,7.000019951230326
20230718093002890,7.01,7.0,7.000019951230326
20230718093002900,7.01,7.0,7.000019951230326
20230718093002920,7.01,7.0,7.000019951230326
20230718093002930,7.01,7.0,7.000019951230326
20230718093002940,7.01,7.0,7.000019951230326
20230718093002960,7.01,7.0,7.000019951230326
20230718093002970,7.01,7.0,7.000019951230326
20230718093002980,7.01,7.0,7.000019951230326
20230718093002990,7.01,7.0,7.000019951230326
20230718093003000,7.01,7.0,7.000019951230326
20230718093003010,7.01,7.0,7.000019951230326
20230718093003030,7.01,7.0,7.000019951230326
20230718093003040,7.01,7.0,7.000019951230326
20230718093003050,7.01,7.0,7.000019951230326
20230718093003080,7.01,7.0,7.000019951230326
20230718093003090,7.01,7.0,7.000019951230326
20230718093003120,7.01,7.0,7.000019951230326
20230718093003160,7.01,7.0,7.000098922840185
20230718093003170,7.01,7.0,7.000098922840185
20230718093003190,7.01,7.0,7.000098922840185
20230718093003220,7.01,7.0,7.000098922840185
20230718093003260,7.01,7.0,7.000098922840185
20230718093003290,7.01,7.0,7.000098922840185
20230718093003320,7.01,7.0,7.000098922840185
20230718093003350,7.01,7.0,7.000098922840185
20230718093003370,7.01,7.0,7.000098922840185
20230718093003380,7.01,7.0,7.000098922840185
20230718093003400,7.01,7.0,7.000098922840185
20230718093003450,7.01,7.0,7.000098922840185
20230718093003510,7.01,7.0,7.000098922840185
20230718093004990,7.0,7.0,7.000098922840185
20230718093005100,7.0,7.0,7.000098922840185
20230718093005150,7.0,7.0,7.000098922840185
20230718093005170,7.0,7.0,7.000098922840185
20230718093005220,7.0,7.0,7.000099476227212
20230718093005410,7.0,7.0,7.000099476227212
20230718093005480,7.0,7.0,7.000099476227212
20230718093005490,7.0,7.0,7.000099476227212
20230718093005510,7.0,7.0,7.000099476227212
20230718093005530,7.0,7.0,7.000099476227212
20230718093005570,7.0,7.0,7.000099476227212
20230718093005700,7.0,7.0,7.000099476227212
20230718093005720,7.0,7.0,7.000099476227212
20230718093005730,7.0,7.0,7.000099476227212
20230718093005740,7.0,7.0,7.000099476227212
20230718093005760,7.0,7.0,7.000099476227212
20230718093005860,7.0,7.0,7.00009911404183
20230718093005880,7.0,7.0,7.00009911404183
20230718093005960,7.0,7.0,7.00009911404183
20230718093006040,7.0,7.0,7.00009911404183
20230718093006060,7.0,7.0,7.00009911404183
20230718093006130,7.0,7.0,7.0000868721968565
20230718093006290,7.0,7.0,7.0000868721968565
20230718093006330,7.0,7.0,7.0000868721968565
20230718093006400,7.0,7.0,7.0000868721968565
20230718093006590,7.0,7.0,7.0000868721968565
20230718093006670,7.0,7.0,7.0000868721968565
20230718093007110,7.0,7.0,7.000086802050951
20230718093007170,7.0,7.0,7.000086802050951
20230718093007190,7.0,7.0,7.000086802050951
20230718093007210,7.0,7.0,7.000086802050951
20230718093007260,7.0,7.0,7.000086802050951
20230718093007500,7.0,7.0,7.000086802050951
20230718093011870,7.0,7.0,7.000086802050951
20230718093012000,6.99,7.0,7.000086802050951
20230718093012360,6.99,7.0,7.000086802050951
20230718093012500,7.0,7.0,7.00008273134509
20230718093012710,6.99,7.0,7.00008273134509
20230718093012750,6.99,7.0,7.00008273134509
20230718093012760,6.99,7.0,7.00008273134509
20230718093012790,6.99,7.0,7.00008273134509
20230718093012800,6.99,7.0,7.00008273134509
20230718093012840,6.99,7.0,7.00008273134509
20230718093013060,6.99,7.0,7.00008273134509
20230718093013070,6.99,7.0,7.00008273134509
20230718093013210,6.99,7.0,7.00008273134509
20230718093013230,6.99,7.0,7.00008273134509
20230718093013330,6.99,7.0,7.00008273134509
20230718093015510,6.99,7.0,7.00008273134509
20230718093016260,6.99,7.0,7.00008273134509
20230718093016350,6.98,7.0,7.00008273134509
20230718093016380,6.98,7.0,7.00008273134509
20230718093016520,6.98,7.0,7.00008273134509
20230718093016600,6.98,7.0,7.00008273134509
20230718093018450,6.98,7.0,7.00008273134509
20230718093018860,6.98,7.0,7.00008273134509
20230718093019050,6.98,7.0,7.00008273134509
20230718093019080,6.99,7.0,7.00008273134509
20230718093019140,6.99,7.0,7.00008273134509
20230718093019190,6.99,7.0,6.9996156726713705
20230718093021020,6.98,7.0,6.9996156726713705
20230718093021050,6.98,7.0,6.9996156726713705
20230718093021670,6.98,7.0,6.9996156726713705
20230718093022030,6.98,7.0,6.9996156726713705
20230718093023690,6.98,7.0,6.9996156726713705
20230718093023750,6.98,7.0,6.9996156726713705
20230718093023800,6.98,7.0,6.9996156726713705
20230718093024380,6.98,7.0,6.9996156726713705
20230718093024570,6.98,7.0,6.9996156726713705
20230718093027090,6.98,7.0,6.9996156726713705
20230718093027230,6.98,7.0,6.9996156726713705
20230718093027400,6.98,7.0,6.9996156726713705
20230718093029290,6.98,7.0,6.9996156726713705
20230718093029300,6.98,6.96,6.996095456335708
20230718093029310,6.97,6.96,6.996095456335708
20230718093029770,6.97,6.96,6.996095456335708
20230718093029970,6.97,6.96,6.996095456335708
20230718093030020,6.97,6.96,6.996095456335708
20230718093031740,6.97,6.96,6.996095456335708
20230718093032060,6.97,6.96,6.996095456335708
20230718093032070,6.97,6.96,6.996095456335708
20230718093032100,6.97,6.96,6.996095456335708
20230718093032410,6.97,6.96,6.996095456335708
20230718093032430,6.97,6.96,6.996095456335708
20230718093032450,6.97,6.96,6.996095456335708
20230718093034400,6.97,6.96,6.996095456335708
20230718093034760,6.97,6.96,6.995211859988181
20230718093034860,6.97,6.96,6.995211859988181
20230718093034890,6.97,6.96,6.995211859988181
20230718093035240,6.97,6.96,6.995199624726363
20230718093035310,6.97,6.96,6.995199624726363
20230718093035570,6.97,6.96,6.995199624726363
20230718093035640,6.97,6.96,6.9951873979645
20230718093037090,6.97,6.97,6.9951873979645
20230718093037110,6.97,6.97,6.9951873979645
20230718093037260,6.97,6.98,6.995178404244252
20230718093038150,6.97,6.98,6.995178404244252
20230718093038220,6.99,6.97,6.994889657276518
20230718093038290,6.99,6.98,6.994889657276518
20230718093039840,6.99,6.98,6.994889657276518
20230718093039940,6.99,6.98,6.994889657276518
20230718093040050,6.99,6.98,6.994692155082552
20230718093040080,6.99,6.98,6.994692155082552
20230718093040100,6.99,6.98,6.994692155082552
20230718093040120,6.99,6.98,6.994692155082552
20230718093040150,6.99,6.98,6.994692155082552
20230718093040250,6.99,6.98,6.994692155082552
20230718093040520,6.99,6.98,6.994692155082552
20230718093040690,6.99,6.98,6.994692155082552
20230718093040850,6.99,6.98,6.994692155082552
20230718093040980,6.99,6.96,6.994692155082552
20230718093042890,6.99,6.96,6.994692155082552
20230718093043340,6.99,6.96,6.994692155082552
20230718093043350,6.99,6.96,6.994692155082552
20230718093045210,6.98,6.96,6.994692155082552
20230718093045640,6.98,6.96,6.994692155082552
20230718093045920,6.98,6.96,6.994692155082552
20230718093046030,6.98,6.96,6.994692155082552
20230718093046110,6.98,6.96,6.994692155082552
20230718093046130,6.98,6.96,6.994692155082552
20230718093046140,6.98,6.96,6.994692155082552
20230718093046160,6.98,6.96,6.992682813803331
20230718093046170,6.97,6.96,6.992682813803331
20230718093046180,6.98,6.96,6.992682813803331
20230718093046190,6.98,6.96,6.992682813803331
20230718093046290,6.98,6.96,6.992682813803331
20230718093046330,6.98,6.96,6.992682813803331
20230718093046400,6.98,6.96,6.992682813803331
20230718093047900,6.98,6.96,6.992682813803331
20230718093047910,6.98,6.96,6.992682813803331
20230718093048090,6.98,6.96,6.992682813803331
20230718093048220,6.98,6.96,6.992682813803331
20230718093048270,6.98,6.96,6.992682813803331
20230718093048440,6.98,6.96,6.992391862114763
20230718093048480,6.98,6.97,6.992391862114763
20230718093048490,6.98,6.97,6.992391862114763
20230718093048500,6.98,6.97,6.992121113702796
20230718093048720,6.98,6.97,6.9918722345932505
20230718093048810,6.98,6.97,6.9918722345932505
20230718093048870,6.98,6.97,6.99177011955618
20230718093049060,6.98,6.97,6.99177011955618
20230718093049070,6.98,6.97,6.991726906483042
20230718093049080,6.98,6.97,6.991726906483042
20230718093050680,6.98,6.97,6.991726906483042
20230718093050750,6.96,6.96,6.988775306423026
20230718093050760,6.98,6.96,6.9880062683738675
20230718093050770,6.98,6.97,6.9880062683738675
20230718093050800,6.98,6.97,6.9880062683738675
20230718093050810,6.98,6.97,6.9880062683738675
20230718093050870,6.98,6.97,6.9880062683738675
20230718093050880,6.98,6.97,6.9880062683738675
20230718093050890,6.98,6.97,6.9880062683738675
20230718093050920,6.98,6.97,6.9880062683738675
20230718093050930,6.98,6.96,6.9880062683738675
20230718093050960,6.98,6.97,6.9880062683738675
20230718093050970,6.98,6.97,6.9880062683738675
20230718093051010,6.98,6.97,6.987875973853686
20230718093051060,6.98,6.97,6.987875973853686
20230718093051080,6.98,6.97,6.987875973853686
20230718093051090,6.98,6.97,6.987875973853686
20230718093051440,6.98,6.97,6.987875973853686
20230718093051630,6.98,6.97,6.987875973853686
20230718093051820,6.98,6.97,6.987875973853686
20230718093051830,6.98,6.97,6.987875973853686
20230718093053350,6.98,6.97,6.987875973853686
20230718093053380,6.98,6.97,6.987875973853686
20230718093053510,6.98,6.97,6.987875973853686
20230718093053780,6.98,6.97,6.987875973853686
20230718093053790,6.98,6.97,6.987875973853686
20230718093053970,6.98,6.97,6.987875973853686
20230718093054060,6.98,6.97,6.987875973853686
20230718093054310,6.98,6.97,6.987875973853686
20230718093054470,6.98,6.97,6.987875973853686
20230718093054540,6.98,6.97,6.987875973853686
20230718093056050,6.98,6.97,6.987875973853686
20230718093056060,6.98,6.97,6.987875973853686
20230718093056070,6.98,6.97,6.987875973853686
20230718093056130,6.98,6.97,6.987875973853686
20230718093056140,6.98,6.97,6.987875973853686
20230718093056150,6.98,6.97,6.987875973853686
20230718093056160,6.98,6.97,6.987875973853686
20230718093056180,6.98,6.97,6.987875973853686
20230718093056410,6.98,6.97,6.987875973853686
20230718093056510,6.98,6.97,6.987875973853686
20230718093056710,6.98,6.97,6.987630481396828
20230718093056980,6.98,6.97,6.987630481396828
20230718093057130,6.98,6.97,6.987630481396828
20230718093058990,6.98,6.97,6.987630481396828
20230718093059100,6.98,6.97,6.987630481396828
20230718093059110,6.98,6.97,6.987630481396828
20230718093059250,6.98,6.97,6.987630481396828
20230718093059460,6.98,6.97,6.987630481396828
20230718093059650,6.98,6.97,6.987630481396828
20230718093101490,6.98,6.97,6.987630481396828
20230718093101560,6.98,6.97,6.987630481396828
20230718093101720,6.98,6.97,6.987630481396828
20230718093101740,6.98,6.97,6.987630481396828
20230718093101860,6.98,6.97,6.987630481396828
20230718093101910,6.98,6.97,6.987630481396828
20230718093101930,6.98,6.97,6.987630481396828
20230718093102090,6.98,6.97,6.987630481396828
20230718093102100,6.98,6.97,6.987630481396828
20230718093102110,6.98,6.97,6.987630481396828
20230718093102150,6.98,6.97,6.987630481396828
20230718093102180,6.98,6.97,6.987630481396828
20230718093102190,6.98,6.97,6.987630481396828
20230718093102370,6.98,6.97,6.987630481396828
20230718093102590,6.98,6.97,6.987630481396828
20230718093102620,6.98,6.97,6.987630481396828
20230718093104160,6.98,6.97,6.987630481396828
20230718093104170,6.98,6.97,6.987630481396828
20230718093104180,6.98,6.97,6.987630481396828
20230718093104190,6.98,6.97,6.987630481396828
20230718093104200,6.98,6.97,6.987630481396828
20230718093104210,6.98,6.97,6.987630481396828
20230718093104290,6.98,6.97,6.987630481396828
20230718093104320,6.98,6.97,6.987630481396828
20230718093104430,6.98,6.97,6.987630481396828
20230718093104440,6.98,6.97,6.987630481396828
20230718093104840,6.98,6.97,6.987630481396828
20230718093104850,6.98,6.97,6.987630481396828
20230718093105070,6.98,6.97,6.987630481396828
20230718093105080,6.98,6.97,6.987630481396828
20230718093105200,6.98,6.97,6.987630481396828
20230718093106840,6.98,6.97,6.987630481396828
20230718093107200,6.98,6.97,6.987630481396828
20230718093107240,6.98,6.97,6.987630481396828
20230718093107260,6.98,6.97,6.987630481396828
20230718093107280,6.98,6.97,6.987630481396828
20230718093107400,6.98,6.97,6.987486384388978
20230718093107690,6.98,6.97,6.987486384388978
20230718093107810,6.98,6.97,6.987486384388978
20230718093107860,6.98,6.97,6.987486384388978
20230718093107960,6.98,6.97,6.987486384388978
20230718093107980,6.98,6.97,6.987486384388978
20230718093109500,6.98,6.97,6.987486384388978
20230718093109990,6.98,6.97,6.987486384388978
20230718093110070,6.98,6.97,6.987486384388978
20230718093110120,6.98,6.97,6.987486384388978
20230718093110130,6.98,6.97,6.987486384388978
20230718093110140,6.98,6.97,6.987486384388978
20230718093110150,6.98,6.97,6.987486384388978
20230718093110160,6.98,6.97,6.987486384388978
20230718093110170,6.98,6.97,6.987486384388978
20230718093110200,6.98,6.97,6.987486384388978
20230718093110210,6.98,6.97,6.987486384388978
20230718093110220,6.98,6.97,6.987486384388978
20230718093110250,6.98,6.97,6.987486384388978
20230718093110320,6.98,6.97,6.987486384388978
20230718093110370,6.98,6.97,6.987486384388978
20230718093110390,6.98,6.97,6.987486384388978
20230718093110400,6.98,6.97,6.987486384388978
20230718093110520,6.98,6.97,6.987486384388978
20230718093110570,6.98,6.97,6.987486384388978
20230718093110580,6.98,6.97,6.987486384388978
20230718093110590,6.98,6.97,6.987486384388978
20230718093112570,6.98,6.97,6.987486384388978
20230718093112670,6.98,6.97,6.987486384388978
20230718093113110,6.98,6.97,6.987486384388978
20230718093113420,6.98,6.97,6.987486384388978
20230718093114910,6.98,6.97,6.987486384388978
20230718093116090,6.98,6.97,6.987486384388978
20230718093116100,6.98,6.97,6.987486384388978
20230718093116140,6.98,6.97,6.987486384388978
20230718093117690,6.98,6.97,6.987486384388978
20230718093117760,6.98,6.97,6.987486384388978
20230718093117980,6.98,6.97,6.987486384388978
20230718093118110,6.98,6.97,6.987486384388978
20230718093118320,6.98,6.97,6.987486384388978
20230718093118330,6.98,6.97,6.987486384388978
20230718093118700,6.98,6.97,6.987486384388978
20230718093118750,6.98,6.97,6.987486384388978
20230718093118810,6.98,6.97,6.987486384388978
20230718093120720,6.98,6.97,6.987486384388978
20230718093120790,6.98,6.97,6.987486384388978
20230718093120820,6.98,6.97,6.987486384388978
20230718093120900,6.98,6.97,6.987486384388978
20230718093121050,6.98,6.97,6.987486384388978
20230718093121060,6.98,6.97,6.987486384388978
20230718093121070,6.98,6.97,6.987486384388978
20230718093121220,6.98,6.97,6.98732670317835
20230718093121470,6.98,6.97,6.98732670317835
20230718093123500,6.98,6.97,6.98732670317835
20230718093123640,6.98,6.97,6.98732670317835
20230718093123650,6.98,6.97,6.98732670317835
20230718093123750,6.98,6.97,6.98732670317835
20230718093123760,6.98,6.97,6.98719966673422
20230718093123790,6.98,6.97,6.98719966673422
20230718093124040,6.98,6.97,6.98719966673422
20230718093124200,6.98,6.97,6.98719966673422
20230718093125700,6.98,6.97,6.986958770829206
20230718093125710,6.98,6.97,6.9869550386232095
20230718093125720,6.98,6.97,6.9869550386232095
20230718093125760,6.98,6.97,6.9869550386232095
20230718093126120,6.98,6.97,6.9869550386232095
20230718093126200,6.98,6.97,6.9869550386232095
20230718093126510,6.98,6.97,6.9869550386232095
20230718093126670,6.98,6.97,6.986948921480244
20230718093126910,6.98,6.97,6.986947393875442
20230718093128720,6.98,6.97,6.986947393875442
20230718093129070,6.98,6.97,6.986947393875442
20230718093129550,6.98,6.97,6.986947393875442
20230718093129590,6.98,6.97,6.9869399459447585
20230718093131120,6.98,6.97,6.9869399459447585
20230718093131130,6.98,6.97,6.9869399459447585
20230718093131340,6.98,6.97,6.9869399459447585
20230718093131460,6.98,6.97,6.9869399459447585
20230718093131480,6.98,6.97,6.9869399459447585
20230718093131550,6.98,6.97,6.9869399459447585
20230718093131890,6.98,6.97,6.9869399459447585
20230718093131990,6.98,6.97,6.9869399459447585
20230718093132090,6.98,6.97,6.9869399459447585
20230718093133810,6.98,6.97,6.9869399459447585
20230718093133860,6.98,6.97,6.9869399459447585
20230718093134060,6.98,6.97,6.9869399459447585
20230718093134280,6.98,6.97,6.986864526505683
20230718093134290,6.98,6.97,6.986864526505683
20230718093134330,6.98,6.97,6.986864526505683
20230718093134670,6.98,6.97,6.986864526505683
20230718093136520,6.98,6.97,6.986864526505683
20230718093136550,6.98,6.97,6.986864526505683
20230718093136610,6.98,6.97,6.986864526505683
20230718093136630,6.98,6.97,6.986864526505683
20230718093136810,6.98,6.97,6.986864526505683
20230718093136820,6.98,6.97,6.986864526505683
20230718093136840,6.98,6.97,6.9868437019220355
20230718093136890,6.98,6.97,6.9868437019220355
20230718093136900,6.98,6.97,6.9868437019220355
20230718093136930,6.98,6.97,6.9868437019220355
20230718093136960,6.98,6.97,6.9868437019220355
20230718093137130,6.98,6.97,6.9868437019220355
20230718093137190,6.98,6.97,6.9868437019220355
20230718093139380,6.98,6.97,6.9868437019220355
20230718093139450,6.98,6.97,6.9868437019220355
20230718093139470,6.98,6.97,6.9868437019220355
20230718093139520,6.98,6.97,6.9868437019220355
20230718093139930,6.98,6.97,6.9868437019220355
20230718093140220,6.98,6.97,6.9868437019220355
20230718093140390,6.98,6.97,6.9868437019220355
20230718093141970,6.98,6.97,6.9868437019220355
20230718093142180,6.98,6.97,6.9868437019220355
20230718093142220,6.98,6.97,6.9868437019220355
20230718093142340,6.98,6.97,6.9868437019220355
20230718093142580,6.98,6.97,6.9868437019220355
20230718093142900,6.98,6.97,6.9868437019220355
20230718093142930,6.98,6.97,6.9868437019220355
20230718093144790,6.98,6.97,6.9868437019220355
20230718093144870,6.98,6.97,6.9868437019220355
20230718093144940,6.98,6.97,6.9868437019220355
20230718093145160,6.98,6.97,6.9864436656885305
20230718093145350,6.98,6.97,6.9864436656885305
20230718093145720,6.98,6.97,6.9864436656885305
20230718093145740,6.98,6.97,6.9864436656885305
20230718093147310,6.98,6.97,6.9864436656885305
20230718093147500,6.98,6.97,6.9864436656885305
20230718093147840,6.98,6.97,6.9864436656885305
20230718093148050,6.98,6.97,6.9864436656885305
20230718093148390,6.98,6.97,6.9864436656885305
20230718093148480,6.98,6.97,6.9864436656885305
20230718093148530,6.98,6.97,6.9864436656885305
20230718093148540,6.98,6.97,6.9864436656885305
20230718093150140,6.98,6.97,6.9864436656885305
20230718093150280,6.98,6.97,6.9864436656885305
20230718093150410,6.98,6.97,6.9864436656885305
20230718093150570,6.98,6.97,6.9864436656885305
20230718093150740,6.98,6.97,6.9864436656885305
20230718093150880,6.98,6.97,6.9864436656885305
20230718093150960,6.98,6.97,6.9864436656885305
20230718093150970,6.98,6.97,6.9864436656885305
20230718093151020,6.98,6.97,6.9864436656885305
20230718093151050,6.98,6.97,6.9864436656885305
20230718093152740,6.98,6.97,6.9864436656885305
20230718093152880,6.98,6.97,6.9864436656885305
20230718093152950,6.98,6.97,6.9864436656885305
20230718093153550,6.98,6.97,6.986235508070016
20230718093153770,6.98,6.97,6.986235508070016
20230718093153830,6.98,6.97,6.986235508070016
20230718093155400,6.98,6.97,6.986235508070016
20230718093155450,6.98,6.97,6.986235508070016
20230718093155470,6.98,6.97,6.986235508070016
20230718093155600,6.98,6.97,6.986235508070016
20230718093155650,6.98,6.97,6.986235508070016
20230718093155710,6.98,6.97,6.986235508070016
20230718093155740,6.98,6.97,6.986235508070016
20230718093155820,6.98,6.97,6.986235508070016
20230718093155890,6.98,6.97,6.986235508070016
20230718093155940,6.98,6.97,6.986235508070016
20230718093155970,6.98,6.97,6.986235508070016
20230718093156470,6.98,6.97,6.986235508070016
20230718093158080,6.98,6.97,6.986235508070016
20230718093158110,6.98,6.97,6.986235508070016
20230718093158240,6.98,6.97,6.986235508070016
20230718093158260,6.98,6.97,6.986235508070016
20230718093158720,6.98,6.97,6.986235508070016
20230718093159130,6.98,6.97,6.986235508070016
20230718093159280,6.98,6.97,6.986235508070016
20230718093200850,6.98,6.97,6.986235508070016
20230718093201070,6.98,6.97,6.985926128646435
20230718093201340,6.98,6.97,6.985926128646435
20230718093201360,6.98,6.97,6.985903560800826
20230718093201580,6.98,6.97,6.9858874800299295
20230718093201620,6.98,6.97,6.985884267777351
20230718093201700,6.98,6.97,6.98579802529711
20230718093201950,6.98,6.97,6.98579802529711
20230718093204210,6.98,6.97,6.98579802529711
20230718093206210,6.98,6.97,6.98579802529711
20230718093206240,6.98,6.97,6.98579802529711
20230718093206620,6.98,6.97,6.98579802529711
20230718093206810,6.98,6.97,6.98579802529711
20230718093207240,6.98,6.97,6.98579802529711
20230718093207270,6.98,6.97,6.98579802529711
20230718093209030,6.98,6.97,6.98579802529711
20230718093209240,6.98,6.97,6.98579802529711
20230718093209260,6.98,6.97,6.98579802529711
20230718093209490,6.98,6.97,6.9853025964666235
20230718093209730,6.98,6.97,6.9853025964666235
20230718093209770,6.98,6.97,6.985299616350854
20230718093209830,6.98,6.97,6.985269878909211
20230718093209980,6.98,6.97,6.985269878909211
20230718093210080,6.98,6.97,6.985263945287454
20230718093212250,6.98,6.97,6.98524913138842
20230718093212390,6.97,6.97,6.98524913138842
20230718093212500,6.97,6.97,6.98524913138842
20230718093212540,6.97,6.97,6.98524913138842
20230718093214600,6.97,6.96,6.98524913138842
20230718093214660,6.97,6.96,6.98524913138842
20230718093214690,6.97,6.96,6.98524913138842
20230718093215040,6.97,6.96,6.98524913138842
20230718093215380,6.98,6.96,6.98524913138842
20230718093215460,6.98,6.96,6.98524913138842
20230718093217170,6.98,6.97,6.98524913138842
20230718093217440,6.98,6.97,6.98524913138842
20230718093220060,6.98,6.97,6.98524913138842
20230718093220430,6.98,6.97,6.98524913138842
20230718093220560,6.98,6.97,6.98524913138842
20230718093220750,6.98,6.97,6.98524913138842
20230718093220920,6.98,6.97,6.98524913138842
20230718093220940,6.98,6.97,6.98524913138842
20230718093223250,6.98,6.97,6.98524913138842
20230718093223400,6.98,6.97,6.98524913138842
20230718093225080,6.98,6.97,6.98524913138842
20230718093225260,6.98,6.97,6.98524913138842
20230718093225280,6.98,6.97,6.98524913138842
20230718093225310,6.98,6.97,6.98524913138842
20230718093225430,6.98,6.97,6.98524913138842
20230718093225480,6.98,6.97,6.98524913138842
20230718093225490,6.98,6.97,6.98524913138842
20230718093226320,6.97,6.97,6.984933313096435
20230718093227960,6.97,6.97,6.984851600973603
20230718093228020,6.97,6.97,6.984851600973603
20230718093228060,6.97,6.97,6.984829216827747
20230718093228070,6.97,6.97,6.984696316212028
20230718093228080,6.97,6.97,6.984696316212028
20230718093228090,6.97,6.97,6.9846607312484865
20230718093228100,6.97,6.97,6.9846607312484865
20230718093228250,6.97,6.97,6.9846607312484865
20230718093228690,6.97,6.97,6.9846607312484865
20230718093229020,6.97,6.97,6.9846607312484865
20230718093229040,6.97,6.97,6.9846607312484865
20230718093230540,6.97,6.97,6.984658001080095
20230718093231170,6.97,6.97,6.984658001080095
20230718093231180,6.97,6.97,6.984658001080095
20230718093231280,6.97,6.97,6.984658001080095
20230718093231370,6.97,6.97,6.984658001080095
20230718093231380,6.97,6.97,6.9846307552184985
20230718093231400,6.97,6.97,6.9846307552184985
20230718093231650,6.97,6.97,6.9846307552184985
20230718093231690,6.97,6.97,6.9846307552184985
20230718093233240,6.97,6.97,6.9846307552184985
20230718093233380,6.98,6.97,6.984584668976635
20230718093233460,6.98,6.97,6.984576566232708
20230718093233490,6.98,6.97,6.984576566232708
20230718093233830,6.97,6.96,6.983934040255625
20230718093233840,6.98,6.97,6.983929108637562
20230718093233880,6.98,6.97,6.983929108637562
20230718093234010,6.98,6.97,6.983929108637562
20230718093234180,6.98,6.97,6.983929108637562
20230718093234190,6.98,6.97,6.983929108637562
20230718093236010,6.98,6.97,6.983929108637562
20230718093236480,6.98,6.97,6.983929108637562
20230718093236490,6.98,6.97,6.983929108637562
20230718093236740,6.98,6.97,6.983884427649189
20230718093236880,6.98,6.97,6.983884427649189
20230718093237080,6.98,6.97,6.983884427649189
20230718093238810,6.98,6.97,6.983884427649189
20230718093238820,6.98,6.97,6.983884427649189
20230718093239030,6.98,6.97,6.983884427649189
20230718093241360,6.98,6.97,6.983884427649189
20230718093241370,6.98,6.97,6.983884427649189
20230718093241620,6.98,6.97,6.983884427649189
20230718093242060,6.98,6.97,6.983884427649189
20230718093242490,6.98,6.97,6.983884427649189
20230718093244350,6.98,6.97,6.983884427649189
20230718093244530,6.98,6.97,6.983884427649189
20230718093244650,6.98,6.97,6.983884427649189
20230718093244730,6.98,6.97,6.983884427649189
20230718093244760,6.98,6.97,6.983884427649189
20230718093244790,6.98,6.97,6.983884427649189
20230718093244850,6.98,6.97,6.983884427649189
20230718093245070,6.98,6.97,6.983884427649189
20230718093245180,6.98,6.97,6.983884427649189
20230718093246720,6.99,6.98,6.983178714083237
20230718093246730,6.99,6.98,6.983206917692011
20230718093246800,6.99,6.98,6.983206917692011
20230718093246870,6.99,6.98,6.983206917692011
20230718093247060,6.99,6.98,6.983206917692011
20230718093247180,6.99,6.98,6.983206917692011
20230718093247190,6.99,6.98,6.983206917692011
20230718093247250,6.99,6.98,6.983206917692011
20230718093247790,6.99,6.98,6.983206917692011
20230718093247800,6.99,6.98,6.983226232957534
20230718093249480,6.99,6.98,6.98323008283721
20230718093249490,6.99,6.98,6.983239688417827
20230718093249520,6.99,6.98,6.9832406474769115
20230718093249570,6.99,6.98,6.9832406474769115
20230718093249650,6.99,6.98,6.983234223902363
20230718093249680,6.99,6.98,6.983240922785329
20230718093249820,6.99,6.98,6.9832966159595085
20230718093249930,7.0,6.98,6.9832966159595085
20230718093250110,7.0,6.98,6.9832966159595085
20230718093250210,7.0,6.98,6.9832966159595085
20230718093250300,7.0,6.98,6.9832966159595085
20230718093250310,7.0,6.98,6.9832966159595085
20230718093250570,7.0,6.98,6.9832966159595085
20230718093252080,7.0,6.98,6.983387843724663
20230718093252090,7.0,6.98,6.983387843724663
20230718093252210,6.99,6.98,6.983387843724663
20230718093252220,6.99,6.98,6.983387843724663
20230718093252300,6.99,6.98,6.983387843724663
20230718093252340,6.99,6.98,6.983387843724663
20230718093252510,6.99,6.98,6.983387843724663
20230718093252810,6.99,6.98,6.983387843724663
20230718093252830,6.99,6.98,6.983387843724663
20230718093252920,6.99,6.98,6.983387843724663
20230718093253030,6.99,6.98,6.983387843724663
20230718093253090,6.99,6.98,6.98342455309126
20230718093253100,6.99,6.98,6.98342455309126
20230718093253150,6.99,6.98,6.98342455309126
20230718093253170,6.99,6.98,6.9833871988580505
20230718093254780,6.99,6.98,6.9833871988580505
20230718093255100,6.99,6.98,6.9833871988580505
20230718093255170,6.99,6.98,6.9833871988580505
20230718093255180,6.99,6.98,6.9833871988580505
20230718093255190,6.99,6.98,6.9833871988580505
20230718093255210,6.99,6.98,6.9833871988580505
20230718093255270,6.99,6.98,6.9833871988580505
20230718093255410,6.99,6.98,6.9833871988580505
20230718093255740,6.99,6.98,6.9833871988580505
20230718093257810,6.99,6.98,6.9833871988580505
20230718093257840,6.99,6.98,6.9833871988580505
20230718093258060,6.99,6.98,6.9833871988580505
20230718093258150,6.99,6.98,6.9833871988580505
20230718093258260,6.99,6.98,6.9833871988580505
20230718093300710,6.99,6.98,6.983391844993233
20230718093300850,6.99,6.98,6.983391844993233
20230718093300870,6.99,6.98,6.983391844993233
20230718093300920,6.99,6.98,6.983391844993233
20230718093300960,6.99,6.98,6.983391844993233
20230718093301080,6.99,6.98,6.983391844993233
20230718093301120,6.99,6.98,6.983387306132826
20230718093301130,6.99,6.98,6.983387306132826
20230718093301190,6.99,6.98,6.983387306132826
20230718093301200,6.99,6.98,6.983387306132826
20230718093301220,6.99,6.98,6.983387306132826
20230718093301240,6.99,6.98,6.983387306132826
20230718093301260,6.99,6.98,6.983387306132826
20230718093301270,6.99,6.98,6.983387306132826
20230718093301330,6.99,6.98,6.983399671426091
20230718093301360,6.99,6.98,6.983399671426091
20230718093303260,6.99,6.98,6.983419885750809
20230718093303350,6.99,6.98,6.983419885750809
20230718093303810,6.99,6.98,6.983419885750809
20230718093303990,6.99,6.98,6.983419885750809
20230718093304090,6.99,6.98,6.9834347473727565
20230718093304100,6.99,6.99,6.983435619495477
20230718093304110,6.99,6.99,6.983435619495477
20230718093304120,6.99,6.99,6.983435619495477
20230718093305600,6.99,6.99,6.983435619495477
20230718093305790,6.99,6.99,6.983435619495477
20230718093305900,6.99,6.99,6.983431516936672
20230718093305910,6.99,6.99,6.983431516936672
20230718093306390,6.99,6.99,6.983431516936672
20230718093306410,6.99,6.99,6.983431516936672
20230718093306500,6.99,6.99,6.983431516936672
20230718093308730,6.99,6.99,6.983431516936672
20230718093309130,6.99,6.99,6.983431516936672
20230718093309260,6.99,6.99,6.983431516936672
20230718093309290,6.99,6.99,6.983431516936672
20230718093309420,6.99,6.99,6.983431516936672
20230718093310970,6.99,6.99,6.983431516936672
20230718093311520,6.99,6.99,6.983431516936672
20230718093311600,6.99,6.99,6.983431516936672
20230718093313870,6.99,6.99,6.983431516936672
20230718093313940,6.99,6.99,6.983431516936672
20230718093314860,6.99,6.99,6.983431516936672
20230718093317080,6.99,6.99,6.983431516936672
20230718093317180,6.99,6.99,6.983431516936672
20230718093317380,6.99,6.99,6.983431516936672
20230718093317560,6.99,6.99,6.983431516936672
20230718093319090,6.99,6.99,6.983431516936672
20230718093319240,6.99,6.99,6.983431516936672
20230718093319340,6.99,6.99,6.983431516936672
20230718093319390,6.99,6.99,6.983454963709198
20230718093319410,6.99,6.99,6.983454963709198
20230718093319790,6.99,6.99,6.983454963709198
20230718093319950,7.0,6.99,6.9835722443193005
20230718093322150,7.0,6.99,6.9835722443193005
20230718093322390,7.0,6.99,6.9835722443193005
20230718093322470,7.0,6.99,6.9835722443193005
20230718093324590,7.0,6.99,6.9835722443193005
20230718093324600,7.0,6.99,6.9835722443193005
20230718093324630,7.0,6.99,6.9835722443193005
20230718093324730,7.0,6.99,6.9835722443193005
20230718093324910,7.0,6.99,6.9835722443193005
20230718093324920,7.0,6.99,6.9835722443193005
20230718093325070,7.0,6.99,6.9835722443193005
20230718093325110,7.0,6.99,6.9835722443193005
20230718093325130,7.0,6.99,6.9835722443193005
20230718093325140,7.0,6.99,6.9835722443193005
20230718093325170,7.0,6.99,6.9835722443193005
20230718093325180,7.0,6.99,6.9835722443193005
20230718093325190,7.0,6.99,6.9835722443193005
20230718093325230,7.0,6.99,6.9835722443193005
20230718093325250,7.0,6.99,6.9835722443193005
20230718093325490,7.0,6.99,6.9835722443193005
20230718093325590,7.0,6.99,6.9835722443193005
20230718093325630,7.0,6.99,6.9835722443193005
20230718093325730,7.0,6.99,6.9835722443193005
20230718093327280,7.0,6.99,6.9835722443193005
20230718093328150,7.0,6.99,6.9835722443193005
20230718093328180,7.0,6.99,6.9835722443193005
20230718093328190,7.0,6.99,6.9835722443193005
20230718093328200,7.0,6.99,6.9835722443193005
20230718093328290,7.0,6.99,6.9835722443193005
20230718093328350,7.0,6.99,6.9835722443193005
20230718093329950,7.0,6.99,6.9835722443193005
20230718093330290,7.0,6.99,6.9835722443193005
20230718093330330,7.0,6.99,6.9835722443193005
20230718093330400,7.0,6.99,6.9835722443193005
20230718093330430,7.0,6.99,6.9835722443193005
20230718093330850,7.0,7.01,6.9835722443193005
20230718093332740,7.0,7.01,6.9835722443193005
20230718093333270,7.0,7.01,6.9835722443193005
20230718093333490,7.0,7.0,6.984250492230903
20230718093333730,7.0,7.0,6.984250492230903
20230718093335490,7.0,7.0,6.984250492230903
20230718093335870,7.0,7.0,6.984250492230903
20230718093336220,7.0,7.0,6.984250492230903
20230718093338070,7.0,7.0,6.984701360718245
20230718093338080,7.0,7.0,6.984701360718245
20230718093338150,7.0,7.0,6.984701360718245
20230718093338180,7.0,7.0,6.984701360718245
20230718093338320,7.0,7.0,6.984701360718245
20230718093338430,7.0,6.99,6.984760483022882
20230718093338590,7.0,6.99,6.984760483022882
20230718093338650,7.0,6.99,6.984760483022882
20230718093338730,7.0,6.99,6.984760483022882
20230718093338970,7.0,6.99,6.984760483022882
20230718093339050,7.0,6.99,6.984760483022882
20230718093340790,7.0,6.99,6.984760483022882
20230718093340840,7.0,6.99,6.984760483022882
20230718093341100,7.0,6.99,6.984760483022882
20230718093341390,7.0,6.99,6.984760483022882
20230718093341620,7.0,6.99,6.984760483022882
20230718093341680,7.0,6.99,6.984760483022882
20230718093341760,7.0,6.99,6.984760483022882
20230718093341870,7.0,6.99,6.984760483022882
20230718093341880,7.0,6.99,6.984760483022882
20230718093341890,7.0,6.99,6.984760483022882
20230718093343460,7.0,6.99,6.984760483022882
20230718093343510,7.0,6.99,6.984760483022882
20230718093343620,7.0,6.99,6.984760483022882
20230718093343910,7.0,6.99,6.984760483022882
20230718093344070,7.0,6.99,6.984760483022882
20230718093344360,7.0,6.99,6.984760483022882
20230718093344370,7.0,6.99,6.984760483022882
20230718093346090,7.0,6.99,6.984760483022882
20230718093346100,7.0,6.99,6.984760483022882
20230718093346200,7.0,6.99,6.984760483022882
20230718093346210,7.0,6.99,6.984760483022882
20230718093346250,7.0,6.99,6.984760483022882
20230718093346270,7.0,6.99,6.984760483022882
20230718093346300,7.0,6.99,6.984760483022882
20230718093346340,7.0,6.99,6.984760483022882
20230718093346750,7.0,6.99,6.984760483022882
20230718093347090,7.0,6.99,6.984760483022882
20230718093349240,7.0,6.99,6.984760483022882
20230718093349730,7.0,6.99,6.984760483022882
20230718093349800,7.0,6.99,6.984760483022882
20230718093352090,7.0,6.99,6.984760483022882
20230718093352170,7.0,6.99,6.984760483022882
20230718093352310,7.0,6.99,6.984760483022882
20230718093352320,7.0,6.99,6.984760483022882
20230718093354290,7.0,6.99,6.984760483022882
20230718093354410,7.0,6.99,6.984760483022882
20230718093354440,7.0,6.99,6.984760483022882
20230718093354570,7.0,6.99,6.984826511331224
20230718093354650,7.0,6.99,6.984826511331224
20230718093354780,7.0,6.99,6.984826511331224
20230718093354960,7.0,6.99,6.984826511331224
20230718093355060,7.0,6.99,6.984826511331224
20230718093355080,7.0,6.99,6.984826511331224
20230718093355100,7.0,6.99,6.984826511331224
20230718093355130,7.0,6.99,6.984826511331224
20230718093355400,7.0,6.99,6.985061354411956
20230718093356870,7.0,7.0,6.985161438192739
20230718093356880,7.0,7.0,6.985161438192739
20230718093356910,7.0,7.0,6.985161438192739
20230718093357030,7.0,7.0,6.985161438192739
20230718093357250,7.0,7.0,6.985161438192739
20230718093357620,7.0,7.0,6.985161438192739
20230718093358080,7.0,7.0,6.985161438192739
20230718093359570,7.0,7.0,6.985161438192739
20230718093359820,7.0,7.0,6.985161438192739
20230718093359860,7.0,7.0,6.985184076799399
20230718093359950,7.0,7.0,6.985184076799399
20230718093400610,7.0,7.0,6.985184076799399
20230718093400720,7.0,7.0,6.985184076799399
20230718093402520,7.0,7.0,6.985184076799399
20230718093402740,7.0,7.0,6.985184076799399
20230718093403100,7.0,7.0,6.985184076799399
20230718093403190,7.0,7.0,6.985184076799399
20230718093403210,7.0,7.0,6.985184076799399
20230718093403320,7.0,7.0,6.985184076799399
20230718093403380,7.0,7.0,6.985184076799399
20230718093405640,7.0,7.0,6.985184076799399
20230718093408190,7.0,7.0,6.985184076799399
20230718093408490,7.0,7.0,6.985184076799399
20230718093408690,7.0,7.0,6.985184076799399
20230718093408710,7.0,7.0,6.985184076799399
20230718093410390,7.0,7.0,6.985184076799399
20230718093410510,7.0,7.0,6.985184076799399
20230718093410530,7.0,7.0,6.985184076799399
20230718093410700,7.0,7.0,6.985184076799399
20230718093410880,7.0,7.0,6.985184076799399
20230718093410980,7.0,7.0,6.985184076799399
20230718093411060,7.0,7.0,6.985184076799399
20230718093411230,7.0,7.0,6.985184076799399
20230718093411240,7.0,7.0,6.985184076799399
20230718093411390,7.0,7.0,6.985184076799399
20230718093413100,7.0,7.0,6.985184076799399
20230718093413350,7.0,7.0,6.985184076799399
20230718093413360,7.0,7.0,6.985184076799399
20230718093413460,7.0,7.0,6.985184076799399
20230718093413630,7.0,7.0,6.985184076799399
20230718093413840,7.0,7.0,6.985184076799399
20230718093413850,7.0,7.0,6.985184076799399
20230718093413910,7.0,7.0,6.985184076799399
20230718093414260,7.0,7.0,6.985184076799399
20230718093415880,7.0,7.0,6.985184076799399
20230718093415910,7.0,7.0,6.985184076799399
20230718093416010,7.0,7.0,6.985184076799399
20230718093416230,7.0,7.0,6.985184076799399
20230718093416320,7.0,7.0,6.985215308763424
20230718093416400,7.0,7.0,6.985215308763424
20230718093418800,7.0,7.0,6.985241404321529
20230718093418930,7.0,7.0,6.985241404321529
20230718093419330,7.0,7.0,6.985241404321529
20230718093419520,7.0,7.0,6.985248307393679
20230718093421190,7.0,7.0,6.985248307393679
20230718093422020,7.0,7.0,6.985248307393679
20230718093422070,7.0,7.0,6.985248307393679
20230718093422250,7.0,7.0,6.985248307393679
20230718093423900,7.0,7.0,6.985248307393679
20230718093424660,7.0,7.0,6.985248307393679
20230718093426730,7.0,7.0,6.985248307393679
20230718093426770,7.0,7.0,6.985248307393679
20230718093426910,7.0,7.0,6.985248307393679
20230718093427570,7.0,7.0,6.985248307393679
20230718093427670,7.0,7.0,6.985248307393679
20230718093427700,7.0,7.0,6.985248307393679
20230718093429550,7.0,7.0,6.985248307393679
20230718093429730,7.0,7.0,6.985248307393679
20230718093429760,7.0,7.0,6.985248307393679
20230718093429870,7.0,7.0,6.985248307393679
20230718093429930,7.0,7.0,6.985248307393679
20230718093430190,7.0,7.0,6.985248307393679
20230718093430500,7.0,7.0,6.985248307393679
20230718093430530,7.0,7.0,6.985248307393679
20230718093432110,7.0,7.0,6.985248307393679
20230718093432290,7.0,7.0,6.985248307393679
20230718093432300,7.0,7.0,6.985248307393679
20230718093432310,7.0,7.0,6.985248307393679
20230718093432350,7.0,7.0,6.985248307393679
20230718093432410,7.0,7.0,6.985248307393679
20230718093432990,7.0,7.0,6.985306058166801
20230718093433140,7.0,7.0,6.985306058166801
20230718093434840,7.0,7.0,6.985306058166801
20230718093435040,7.0,7.0,6.985306058166801
20230718093435290,7.0,7.0,6.985306058166801
20230718093435710,7.0,7.0,6.985308938632201
20230718093437390,7.0,7.0,6.985308938632201
20230718093437530,7.0,7.0,6.985308938632201
20230718093437770,7.0,7.0,6.985308938632201
20230718093438300,7.0,7.0,6.985308938632201
20230718093438500,7.0,7.0,6.985308938632201
20230718093438580,7.0,7.0,6.985308938632201
20230718093440060,7.0,7.0,6.985308938632201
20230718093440070,7.0,7.0,6.985308938632201
20230718093440080,7.0,7.0,6.985308938632201
20230718093440090,7.0,7.0,6.985308938632201
20230718093440100,7.0,7.0,6.985308938632201
20230718093440110,7.0,7.0,6.985308938632201
20230718093440130,7.0,7.0,6.985308938632201
20230718093440190,7.0,7.0,6.985308938632201
20230718093440210,7.0,7.0,6.985308938632201
20230718093440770,7.0,7.0,6.985308938632201
20230718093441010,7.0,7.0,6.985308938632201
20230718093441020,7.0,7.0,6.985308938632201
20230718093441030,7.0,7.0,6.985308938632201
20230718093441050,7.0,7.0,6.985308938632201
20230718093441060,7.0,7.0,6.985308938632201
20230718093441070,7.0,7.0,6.985308938632201
20230718093441100,7.0,7.0,6.985308938632201
20230718093441290,7.0,7.0,6.985308938632201
20230718093442810,7.0,7.0,6.985308938632201
20230718093442820,7.0,7.0,6.985308938632201
20230718093442840,7.0,7.0,6.985752666885372
20230718093442890,7.0,7.0,6.985752666885372
20230718093443080,7.0,7.0,6.985754278410569
20230718093443220,7.0,7.0,6.985760720867392
20230718093443370,7.0,7.0,6.985760720867392
20230718093443600,7.0,7.0,6.985775195111759
20230718093443690,7.0,7.0,6.985775195111759
20230718093443750,7.0,7.0,6.985775195111759
20230718093443780,7.0,7.0,6.985775195111759
20230718093443870,7.0,7.0,6.985775195111759
20230718093443980,7.0,7.0,6.985775195111759
20230718093445880,7.0,7.0,6.985788036425597
20230718093445910,7.0,7.0,6.985788036425597
20230718093446030,7.0,7.0,6.985789936723852
20230718093446160,7.0,7.0,6.985789936723852
20230718093446280,7.0,7.0,6.985789936723852
20230718093446460,7.0,7.0,6.985789936723852
20230718093448570,7.0,7.0,6.985789936723852
20230718093448580,7.0,7.0,6.985789936723852
20230718093448830,7.0,7.0,6.985789936723852
20230718093448980,7.0,7.0,6.985789936723852
20230718093449190,7.0,7.0,6.985789936723852
20230718093449280,7.0,7.0,6.985789936723852
20230718093449310,7.0,7.0,6.985789936723852
20230718093449370,7.0,7.0,6.985789936723852
20230718093451060,7.0,7.0,6.985809144054337
20230718093451120,7.0,7.0,6.98583148708375
20230718093451350,7.0,7.0,6.98583148708375
20230718093451590,7.0,7.0,6.98583148708375
20230718093451770,7.0,7.0,6.98583148708375
20230718093451810,7.0,7.0,6.98583148708375
20230718093451940,7.0,7.0,6.98583148708375
20230718093452010,7.0,7.0,6.98583148708375
20230718093452080,7.0,7.0,6.98583148708375
20230718093453600,7.0,7.0,6.98583148708375
20230718093454390,7.0,7.0,6.98583148708375
20230718093454490,7.0,7.0,6.98583148708375
20230718093454600,7.0,7.0,6.98583148708375
20230718093454620,7.0,7.0,6.98583148708375
20230718093454700,7.0,7.0,6.98583148708375
20230718093454770,7.0,7.0,6.98583148708375
20230718093456510,7.0,7.0,6.98583148708375
20230718093456830,7.0,7.0,6.98583148708375
20230718093456920,7.0,7.0,6.98583148708375
20230718093456930,7.0,7.0,6.98583148708375
20230718093457270,7.0,7.0,6.98583148708375
20230718093457470,7.0,7.0,6.98583148708375
20230718093458960,7.0,7.0,6.98583148708375
20230718093459020,7.0,7.0,6.98583148708375
20230718093459270,7.0,7.0,6.98583148708375
20230718093459320,7.0,7.0,6.98583148708375
20230718093459410,7.0,7.0,6.98583148708375
20230718093459460,7.0,7.0,6.98583148708375
20230718093459550,7.0,7.0,6.98583148708375
20230718093459610,7.0,7.0,6.98583148708375
20230718093459780,7.0,7.0,6.98583148708375
20230718093459830,7.0,7.0,6.98583148708375
20230718093500010,7.0,7.0,6.98583148708375
20230718093501690,7.0,7.0,6.98583148708375
20230718093502450,7.0,7.0,6.98583148708375
20230718093502840,7.0,7.0,6.986101831332209
20230718093504700,7.0,7.0,6.986101831332209
20230718093504730,7.0,7.0,6.986109488809794
20230718093504750,7.0,7.0,6.986109488809794
20230718093505070,7.0,7.0,6.986109488809794
20230718093507150,7.0,7.0,6.986120195113357
20230718093507270,7.0,7.0,6.986120195113357
20230718093507390,7.0,7.0,6.986120195113357
20230718093507720,7.0,7.0,6.986120195113357
20230718093507950,7.0,7.0,6.986120195113357
20230718093508040,7.0,7.0,6.986120195113357
20230718093509760,7.0,7.0,6.986120195113357
20230718093509770,7.0,7.0,6.986120195113357
20230718093509780,7.0,7.0,6.986120195113357
20230718093509790,7.0,7.0,6.986120195113357
20230718093509820,7.0,7.0,6.986120195113357
20230718093509880,7.0,7.0,6.986120195113357
20230718093510070,7.0,7.0,6.986120195113357
20230718093510140,7.0,7.0,6.986120195113357
20230718093510180,7.0,7.0,6.986120195113357
20230718093510190,7.0,7.0,6.986120195113357
20230718093510210,7.0,7.0,6.986120195113357
20230718093510350,7.0,7.0,6.986120195113357
20230718093510820,7.0,7.0,6.986120195113357
20230718093510900,7.0,7.0,6.986120195113357
20230718093512970,7.0,7.0,6.986120195113357
20230718093513020,7.0,7.0,6.986120195113357
20230718093513110,7.0,7.0,6.986120195113357
20230718093513150,7.0,7.0,6.986120195113357
20230718093513160,7.0,7.0,6.986120195113357
20230718093513260,7.0,7.0,6.986120195113357
20230718093513460,7.0,7.0,6.986120195113357
20230718093513670,7.0,7.0,6.986120195113357
20230718093513710,7.0,7.0,6.986120195113357
20230718093515310,7.0,7.0,6.986120195113357
20230718093515560,7.0,7.0,6.986120195113357
20230718093515600,7.0,7.0,6.986120195113357
20230718093515800,7.0,7.0,6.986120195113357
20230718093516130,7.0,7.0,6.986120195113357
20230718093516210,7.0,7.0,6.986120195113357
20230718093516220,7.0,7.0,6.986120195113357
20230718093516410,7.0,7.0,6.986120195113357
20230718093517910,7.0,7.0,6.986120195113357
20230718093518380,7.0,7.0,6.986120195113357
20230718093518490,7.0,7.0,6.986120195113357
20230718093518620,7.0,7.0,6.986120195113357
20230718093518790,7.0,6.99,6.986272726305599
20230718093518800,7.0,6.99,6.986272726305599
20230718093518940,7.0,6.99,6.986272726305599
20230718093519040,7.0,6.99,6.986272726305599
20230718093519070,7.0,6.99,6.986272726305599
20230718093520580,7.0,6.99,6.986272726305599
20230718093521020,7.0,6.99,6.986272726305599
20230718093521270,7.0,6.99,6.986272726305599
20230718093521560,7.0,6.99,6.986272726305599
20230718093523550,7.0,6.99,6.986272726305599
20230718093523640,7.0,6.99,6.986272726305599
20230718093523800,7.0,6.99,6.986272726305599
20230718093523880,7.0,6.99,6.986272726305599
20230718093523960,7.0,6.99,6.986272726305599
20230718093524030,7.0,6.99,6.986272726305599
20230718093524050,7.0,6.99,6.986272726305599
20230718093524480,7.0,6.99,6.986272726305599
20230718093526020,7.0,6.99,6.986272726305599
20230718093526110,7.0,6.99,6.986272726305599
20230718093526240,7.0,6.99,6.986272726305599
20230718093526260,7.0,6.99,6.986272726305599
20230718093527180,7.0,6.99,6.986309894541271
20230718093528930,7.0,6.99,6.986309894541271
20230718093529020,7.0,6.99,6.986311339575043
20230718093529160,7.0,6.99,6.986311339575043
20230718093529410,7.0,6.99,6.986311339575043
20230718093529470,7.0,6.99,6.986311339575043
20230718093529500,7.0,6.99,6.986311339575043
20230718093531820,7.0,6.99,6.986311339575043
20230718093531830,7.0,6.99,6.986311339575043
20230718093531870,7.0,6.99,6.986311339575043
20230718093532120,7.0,6.99,6.986311339575043
20230718093532400,7.0,6.99,6.986311339575043
20230718093532470,7.0,6.99,6.986381774459461
20230718093532510,7.0,6.99,6.986381774459461
20230718093532560,7.0,6.99,6.986381774459461
20230718093532620,7.0,6.99,6.986440155166825
20230718093534090,7.0,6.99,6.986440155166825
20230718093534100,7.0,6.99,6.986440155166825
20230718093534180,7.0,6.99,6.986567960310309
20230718093534260,7.0,6.99,6.986567960310309
20230718093534290,7.0,6.99,6.9866145955720835
20230718093534970,7.0,6.99,6.9866145955720835
20230718093536770,7.0,6.99,6.986663646820509
20230718093537040,7.0,6.99,6.986663646820509
20230718093537090,7.0,6.99,6.986663646820509
20230718093537120,7.0,6.99,6.986663646820509
20230718093537130,7.0,6.99,6.986663646820509
20230718093537160,7.0,6.99,6.986663646820509
20230718093537260,7.0,6.99,6.986663646820509
20230718093539700,7.0,6.99,6.986663646820509
20230718093539740,7.0,6.99,6.986663646820509
20230718093540010,7.0,6.99,6.986663646820509
20230718093540130,7.0,6.99,6.986663646820509
20230718093540160,7.0,6.99,6.986663646820509
20230718093540330,7.0,6.99,6.986663646820509
20230718093542360,7.0,7.0,6.986663646820509
20230718093542650,7.0,7.0,6.986663646820509
20230718093542660,7.0,7.0,6.986663646820509
20230718093542770,7.0,7.0,6.986663646820509
20230718093542850,7.0,7.0,6.986663646820509
20230718093543180,7.0,7.0,6.986663646820509
20230718093544980,7.0,7.0,6.986663646820509
20230718093545070,7.0,7.0,6.986663646820509
20230718093545210,7.0,7.0,6.986663646820509
20230718093545620,7.0,7.0,6.986663646820509
20230718093545680,7.0,7.0,6.986663646820509
20230718093545790,7.0,7.0,6.986663646820509
20230718093545850,7.0,7.0,6.986663646820509
20230718093546050,7.0,7.0,6.986663646820509
20230718093546110,7.0,7.0,6.986663646820509
20230718093547750,7.0,7.0,6.986663646820509
20230718093548090,7.0,7.0,6.986663646820509
20230718093548120,7.0,7.0,6.986663646820509
20230718093548550,7.0,7.0,6.986663646820509
20230718093548580,7.0,7.0,6.986663646820509
20230718093548700,7.0,7.0,6.986663646820509
20230718093548820,7.0,7.0,6.986663646820509
20230718093550300,7.0,7.0,6.986663646820509
20230718093550320,7.0,7.0,6.986663646820509
20230718093550350,7.0,7.0,6.986663646820509
20230718093550870,7.0,7.0,6.986663646820509
20230718093551310,7.0,7.0,6.986663646820509
20230718093553000,7.0,7.0,6.986663646820509
20230718093553200,7.0,7.0,6.986663646820509
20230718093553390,7.0,7.0,6.986663646820509
20230718093553450,7.0,7.0,6.986663646820509
20230718093553510,7.0,7.0,6.986741808040902
20230718093553830,7.0,7.0,6.986741808040902
20230718093555690,7.0,7.0,6.986741808040902
20230718093555810,7.0,7.0,6.986741808040902
20230718093555930,7.0,7.0,6.986741808040902
20230718093556030,7.0,7.0,6.986741808040902
20230718093556070,7.0,7.0,6.986741808040902
20230718093556210,7.0,7.0,6.986741808040902
20230718093556480,7.0,7.0,6.986743124362432
20230718093556630,7.0,7.0,6.986743124362432
20230718093556780,7.0,7.0,6.986743124362432
20230718093601140,7.0,7.0,6.986743124362432
20230718093601150,7.0,7.0,6.986743124362432
20230718093601160,7.0,7.0,6.986743124362432
20230718093601170,7.0,6.99,6.986743124362432
20230718093601310,7.0,6.99,6.986754596966556
20230718093601680,7.0,6.99,6.986754596966556
20230718093601940,7.0,6.99,6.986754596966556
20230718093601980,7.0,6.99,6.986754596966556
20230718093603970,7.0,6.99,6.986754596966556
20230718093604080,7.0,6.99,6.986754596966556
20230718093604090,7.0,6.99,6.986754596966556
20230718093604180,7.0,6.99,6.986754596966556
20230718093604200,6.99,6.99,6.986812029777853
20230718093604210,6.99,6.99,6.986812029777853
20230718093604220,6.99,6.99,6.986812029777853
20230718093604960,6.99,6.99,6.986812029777853
20230718093606570,6.99,6.99,6.986819262371892
20230718093606910,6.99,6.99,6.986821143741559
20230718093607060,6.99,6.99,6.986822709850329
20230718093607100,6.99,6.99,6.986822709850329
20230718093607110,6.99,6.99,6.986822709850329
20230718093607130,6.99,6.99,6.986822709850329
20230718093607140,6.99,6.99,6.986822709850329
20230718093607150,6.99,6.99,6.986822709850329
20230718093607160,6.99,6.99,6.986822709850329
20230718093607180,6.99,6.99,6.986822709850329
20230718093607210,6.99,6.99,6.986822709850329
20230718093607220,6.99,6.99,6.986822037655544
20230718093607240,6.99,6.99,6.986822037655544
20230718093607260,6.99,6.99,6.986822037655544
20230718093607290,6.99,6.99,6.986822037655544
20230718093607300,6.99,6.99,6.986822037655544
20230718093607330,6.99,6.99,6.986822037655544
20230718093607350,6.99,6.99,6.986822037655544
20230718093609190,6.99,6.99,6.986822037655544
20230718093609370,6.99,6.99,6.986822037655544
20230718093609980,6.99,6.99,6.986825165602023
20230718093610100,6.99,6.99,6.986825165602023
20230718093610210,6.99,6.99,6.986825165602023
20230718093610220,6.99,6.99,6.986825165602023
20230718093610280,6.99,6.99,6.986825165602023
20230718093612100,6.99,6.99,6.986825165602023
20230718093612410,6.99,6.99,6.986825165602023
20230718093612590,6.99,6.99,6.986825165602023
20230718093612610,6.99,6.99,6.986827975493908
20230718093612820,6.99,6.99,6.986827975493908
20230718093612960,6.99,6.99,6.986827975493908
20230718093613080,6.99,6.99,6.9868335803826485
20230718093613110,6.99,6.99,6.986837616055059
20230718093615180,6.99,6.99,6.986839784851424
20230718093615330,6.99,6.99,6.986841641453456
20230718093615360,6.99,6.99,6.986848430370594
20230718093615560,6.99,6.99,6.986848430370594
20230718093615570,6.99,6.99,6.986848430370594
20230718093615760,6.99,6.99,6.986852428302384
20230718093617850,6.99,6.99,6.986861921022678
20230718093618040,6.99,6.99,6.986861921022678
20230718093618050,6.99,6.99,6.986879830526509
20230718093620180,6.99,6.99,6.986879830526509
20230718093620250,6.99,6.99,6.986879830526509
20230718093620340,6.99,6.99,6.986879830526509
20230718093620370,6.99,6.99,6.986879830526509
20230718093620530,6.99,6.99,6.986879830526509
20230718093620620,6.99,6.99,6.986879830526509
20230718093620970,6.99,6.99,6.986879830526509
20230718093622840,6.99,6.99,6.986879830526509
20230718093623240,6.99,6.99,6.986879830526509
20230718093623400,6.99,6.99,6.986879830526509
20230718093623610,6.99,6.99,6.986879830526509
20230718093623640,6.99,6.99,6.986879830526509
20230718093625380,6.99,6.99,6.986879830526509
20230718093625510,6.99,6.99,6.986879830526509
20230718093625550,6.99,6.99,6.986879830526509
20230718093625770,6.99,6.99,6.986879830526509
20230718093628310,6.99,6.99,6.986879830526509
20230718093628560,6.99,6.99,6.986879830526509
20230718093629220,6.99,6.99,6.986879830526509
20230718093630780,6.99,6.99,6.986879830526509
20230718093631040,6.99,6.99,6.986879830526509
20230718093631050,6.99,6.99,6.986879830526509
20230718093631200,6.99,6.99,6.986879830526509
20230718093631800,6.99,6.99,6.986879830526509
20230718093633730,6.99,6.99,6.986879830526509
20230718093633950,6.99,6.99,6.986879830526509
20230718093634240,6.99,6.99,6.986879830526509
20230718093634610,6.99,6.99,6.986879830526509
20230718093634660,6.99,6.99,6.986879830526509
20230718093637070,6.99,6.99,6.986879830526509
20230718093637080,6.99,6.99,6.986879830526509
20230718093637100,6.99,6.99,6.986879830526509
20230718093637180,6.99,6.99,6.986879830526509
20230718093637190,6.99,6.99,6.986879830526509
20230718093637360,6.99,6.99,6.986879830526509
20230718093639010,6.99,6.99,6.986879830526509
20230718093639280,6.99,6.99,6.986879830526509
20230718093639450,6.99,6.99,6.986879830526509
20230718093639620,6.99,6.99,6.986879830526509
20230718093639750,6.99,6.99,6.986879830526509
20230718093640060,6.99,6.99,6.986879830526509
20230718093642040,6.99,6.99,6.986879830526509
20230718093642480,6.99,6.99,6.986879830526509
20230718093642510,6.99,6.99,6.986879830526509
20230718093642530,6.99,6.99,6.987081488561664
20230718093642780,6.99,6.99,6.987063018823805
20230718093642790,6.99,6.99,6.987063018823805
20230718093642800,6.99,6.99,6.987063018823805
20230718093644470,6.99,6.99,6.987063018823805
20230718093644680,6.99,6.99,6.987063018823805
20230718093644830,6.99,6.99,6.987063018823805
20230718093645080,6.99,6.99,6.987063018823805
20230718093645200,6.99,6.99,6.987063018823805
20230718093647110,6.99,6.99,6.987063018823805
20230718093647220,6.99,6.99,6.987063018823805
20230718093647260,6.99,6.99,6.987063018823805
20230718093648020,6.99,6.99,6.987063018823805
20230718093649750,6.99,6.99,6.987063018823805
20230718093650060,6.99,6.99,6.987063018823805
20230718093650360,6.99,6.99,6.987063018823805
20230718093650510,6.99,6.99,6.987063018823805
20230718093650700,6.99,6.99,6.987063018823805
20230718093650810,6.99,6.99,6.987063018823805
20230718093652440,6.99,6.99,6.987063018823805
20230718093652840,6.99,6.99,6.987063018823805
20230718093653240,6.99,6.99,6.987063018823805
20230718093653270,6.99,6.99,6.987063018823805
20230718093655130,6.99,6.99,6.987063018823805
20230718093655150,6.99,6.99,6.987063018823805
20230718093655210,6.99,6.99,6.987063018823805
20230718093655240,6.99,6.99,6.987063018823805
20230718093655340,6.99,6.99,6.987063018823805
20230718093655410,6.99,6.99,6.987063018823805
20230718093655450,6.99,6.99,6.987063018823805
20230718093655480,6.99,6.99,6.987081141697594
20230718093655540,6.99,6.99,6.987081141697594
20230718093655770,6.99,6.99,6.987084774086881
20230718093656200,6.99,6.99,6.987084774086881
20230718093658080,6.99,6.99,6.987084774086881
20230718093658180,6.99,6.99,6.987084774086881
20230718093658190,6.99,6.99,6.987084774086881
20230718093658200,6.99,6.99,6.987084774086881
20230718093658280,6.99,6.98,6.987017406386744
20230718093658580,6.99,6.98,6.987011233385234
20230718093658650,6.99,6.98,6.987011233385234
20230718093700690,6.99,6.98,6.98703729540718
20230718093700760,6.99,6.98,6.98703729540718
20230718093700890,6.99,6.98,6.98703729540718
20230718093700960,6.99,6.98,6.98703729540718
20230718093701180,6.99,6.98,6.98703729540718
20230718093701190,6.99,6.98,6.98703729540718
20230718093701310,6.99,6.98,6.98703729540718
20230718093701490,6.99,6.98,6.98703729540718
20230718093701590,6.99,6.98,6.98703729540718
20230718093701600,6.99,6.98,6.98703729540718
20230718093703330,6.99,6.98,6.987034228486259
20230718093703390,6.99,6.98,6.987034228486259
20230718093703410,6.99,6.98,6.987032389616501
20230718093703600,6.99,6.98,6.987031164237361
20230718093703640,6.99,6.98,6.987031164237361
20230718093703880,6.99,6.98,6.987031164237361
20230718093704180,6.99,6.98,6.987031164237361
20230718093704190,6.99,6.98,6.987031164237361
20230718093704200,6.99,6.98,6.987031164237361
20230718093704210,6.99,6.98,6.987031164237361
20230718093704220,6.99,6.98,6.9870055295618885
20230718093704230,6.99,6.98,6.98694643610291
20230718093704240,6.99,6.98,6.98694643610291
20230718093704300,6.99,6.98,6.986940462164277
20230718093704310,6.99,6.98,6.986884218068908
20230718093704320,6.99,6.98,6.986884218068908
20230718093704370,6.99,6.98,6.986884218068908
20230718093704400,6.99,6.98,6.986840454657185
20230718093705950,6.99,6.98,6.986840454657185
20230718093706070,6.99,6.98,6.986840454657185
20230718093706130,6.99,6.98,6.986840454657185
20230718093706740,6.99,6.98,6.986840454657185
20230718093706840,6.99,6.98,6.986840454657185
20230718093706970,6.99,6.98,6.986840454657185
20230718093707110,6.99,6.98,6.986839874903593
20230718093708590,6.99,6.98,6.986839874903593
20230718093708620,6.99,6.98,6.986839874903593
20230718093708700,6.99,6.98,6.986839874903593
20230718093711270,6.98,6.98,6.986839874903593
20230718093711380,6.98,6.98,6.986839874903593
20230718093711640,6.98,6.98,6.986839874903593
20230718093711650,6.98,6.98,6.986839874903593
20230718093711850,6.98,6.98,6.986839874903593
20230718093712010,6.98,6.98,6.986839874903593
20230718093712020,6.98,6.98,6.986839874903593
20230718093712030,6.98,6.98,6.986839874903593
20230718093712320,6.98,6.98,6.986839874903593
20230718093714220,6.98,6.98,6.986839874903593
20230718093714260,6.98,6.98,6.986839874903593
20230718093714400,6.98,6.98,6.986839874903593
20230718093714600,6.99,6.98,6.986839874903593
20230718093715060,6.99,6.98,6.986839874903593
20230718093716650,6.99,6.98,6.986839874903593
20230718093716850,6.99,6.98,6.986839874903593
20230718093716910,6.99,6.98,6.986839874903593
20230718093717050,6.99,6.98,6.986839874903593
20230718093717110,6.99,6.98,6.986839874903593
20230718093717130,6.99,6.98,6.986839874903593
20230718093717550,6.98,6.98,6.986839874903593
20230718093717590,6.98,6.98,6.986781686755117
20230718093717780,6.98,6.98,6.986699989088375
20230718093717890,6.98,6.98,6.986699989088375
20230718093719530,6.98,6.98,6.986699989088375
20230718093719540,6.98,6.98,6.986699989088375
20230718093719610,6.98,6.98,6.986699989088375
20230718093720200,6.99,6.98,6.986699989088375
20230718093722210,6.97,6.98,6.9863857420992534
20230718093722220,6.97,6.98,6.986134549508133
20230718093722230,6.97,6.98,6.986129299896697
20230718093722240,6.97,6.98,6.986129299896697
20230718093722520,6.97,6.98,6.986129299896697
20230718093722810,6.97,6.98,6.986129299896697
20230718093722900,6.97,6.98,6.986129299896697
20230718093723120,6.97,6.98,6.986129299896697
20230718093724910,6.97,6.98,6.986129299896697
20230718093724920,6.97,6.98,6.986126676371799
20230718093725080,6.97,6.98,6.986126676371799
20230718093725120,6.97,6.98,6.986122742684305
20230718093725150,6.97,6.98,6.986110953127666
20230718093725160,6.97,6.98,6.986110953127666
20230718093725200,6.97,6.98,6.986099180800363
20230718093725230,6.97,6.98,6.986099180800363
20230718093725520,6.97,6.98,6.986076991057168
20230718093725530,6.97,6.98,6.986076991057168
20230718093725730,6.97,6.98,6.986076991057168
20230718093725810,6.97,6.98,6.986076991057168
20230718093727560,6.97,6.98,6.986076991057168
20230718093727810,6.97,6.98,6.986076991057168
20230718093727990,6.97,6.98,6.986076991057168
20230718093728210,6.97,6.98,6.986076991057168
20230718093728220,6.97,6.98,6.986076991057168
20230718093728340,6.97,6.98,6.9860639668176185
20230718093728350,6.97,6.98,6.986041873973578
20230718093728610,6.97,6.98,6.986041873973578
20230718093730290,6.97,6.98,6.986005617932181
20230718093730300,6.97,6.98,6.986005617932181
20230718093730320,6.97,6.98,6.986005617932181
20230718093730390,6.97,6.98,6.986005617932181
20230718093730460,6.97,6.98,6.985976263615767
20230718093730480,6.97,6.98,6.98595533678673
20230718093730530,6.97,6.98,6.98595533678673
20230718093730540,6.97,6.98,6.98595533678673
20230718093730700,6.97,6.98,6.985948912457018
20230718093730770,6.97,6.98,6.985948912457018
20230718093731080,6.97,6.98,6.985948912457018
20230718093731090,6.97,6.98,6.985948912457018
20230718093731140,6.97,6.98,6.985948912457018
20230718093731190,6.97,6.98,6.985948912457018
20230718093731200,6.97,6.98,6.985948912457018
20230718093731230,6.97,6.98,6.985948912457018
20230718093731250,6.97,6.98,6.985921775575381
20230718093734040,6.97,6.98,6.985921775575381
20230718093735560,6.97,6.98,6.985921775575381
20230718093735850,6.97,6.98,6.985921775575381
20230718093735870,6.97,6.98,6.985921775575381
20230718093735990,6.97,6.98,6.985921775575381
20230718093738750,6.97,6.98,6.985921775575381
20230718093739010,6.97,6.98,6.985921775575381
20230718093739150,6.97,6.98,6.985921775575381
20230718093739470,6.97,6.98,6.985921775575381
20230718093741260,6.97,6.98,6.985921775575381
20230718093741300,6.97,6.98,6.985921775575381
20230718093741350,6.97,6.98,6.985921775575381
20230718093741410,6.97,6.98,6.985921775575381
20230718093741520,6.97,6.98,6.985921775575381
20230718093743810,6.97,6.98,6.985921775575381
20230718093744050,6.97,6.98,6.985921775575381
20230718093744460,6.97,6.98,6.985921775575381
20230718093744560,6.97,6.98,6.985921775575381
20230718093744640,6.97,6.98,6.985921775575381
20230718093746390,6.97,6.98,6.985834489172526
20230718093746590,6.97,6.98,6.98581999855768
20230718093747310,6.97,6.98,6.985799325855291
20230718093749090,6.97,6.98,6.985799325855291
20230718093749130,6.97,6.98,6.985799325855291
20230718093749290,6.97,6.98,6.985799325855291
20230718093749710,6.97,6.98,6.985799325855291
20230718093749950,6.97,6.98,6.985799325855291
20230718093750120,6.97,6.98,6.985799325855291
20230718093751840,6.97,6.98,6.985799325855291
20230718093752010,6.97,6.98,6.985799325855291
20230718093752160,6.97,6.98,6.985799325855291
20230718093752270,6.97,6.98,6.985771545488695
20230718093752640,6.97,6.98,6.985765367681723
20230718093752680,6.97,6.98,6.985765367681723
20230718093754890,6.97,6.98,6.985765367681723
20230718093755030,6.97,6.98,6.985765367681723
20230718093755100,6.97,6.98,6.985765367681723
20230718093755230,6.97,6.98,6.985765367681723
20230718093755680,6.97,6.98,6.985749008213667
20230718093757340,6.97,6.98,6.985749008213667
20230718093757410,6.97,6.98,6.985749008213667
20230718093757560,6.97,6.98,6.985749008213667
20230718093757590,6.97,6.98,6.985731428252498
20230718093757750,6.97,6.98,6.985731428252498
20230718093757830,6.97,6.98,6.985731428252498
20230718093757880,6.97,6.98,6.985731428252498
20230718093757990,6.97,6.98,6.985731428252498
20230718093758020,6.97,6.98,6.985729376778895
20230718093758030,6.97,6.98,6.985725615539738
20230718093758080,6.97,6.98,6.985715594357132
20230718093758170,6.97,6.98,6.985697171831345
20230718093758240,6.97,6.98,6.9856685669759635
20230718093759880,6.97,6.98,6.9856685669759635
20230718093800080,6.97,6.98,6.9856685669759635
20230718093800160,6.97,6.98,6.9856685669759635
20230718093800190,6.97,6.98,6.9856685669759635
20230718093800750,6.97,6.98,6.985322263097208
20230718093800760,6.97,6.98,6.985322263097208
20230718093800840,6.97,6.98,6.985183986145457
20230718093801020,6.97,6.98,6.985183986145457
20230718093801050,6.97,6.98,6.985134966793575
20230718093802650,6.97,6.98,6.985134966793575
20230718093802780,6.97,6.98,6.985134966793575
20230718093802890,6.97,6.98,6.985134966793575
20230718093802910,6.97,6.98,6.985134966793575
20230718093803090,6.97,6.98,6.98508808741131
20230718093803300,6.97,6.98,6.985021973507778
20230718093803530,6.97,6.98,6.985021973507778
20230718093803540,6.97,6.98,6.985021973507778
20230718093803700,6.97,6.98,6.984979385669753
20230718093803770,6.97,6.98,6.984979385669753
20230718093805540,6.97,6.98,6.984979385669753
20230718093805650,6.97,6.98,6.984979385669753
20230718093805810,6.97,6.98,6.984954292205334
20230718093805900,6.97,6.98,6.984938875116805
20230718093806110,6.97,6.98,6.984938875116805
20230718093806270,6.97,6.98,6.984938875116805
20230718093806290,6.97,6.98,6.984938875116805
20230718093806310,6.97,6.98,6.984938875116805
20230718093806330,6.97,6.98,6.984850566947389
20230718093808040,6.97,6.98,6.984841031701571
20230718093808400,6.97,6.98,6.98483875422968
20230718093808410,6.97,6.98,6.98483875422968
20230718093808440,6.97,6.98,6.98483875422968
20230718093808580,6.97,6.98,6.98478171003376
20230718093808760,6.97,6.98,6.984762753482395
20230718093808880,6.97,6.98,6.984762753482395
20230718093809020,6.97,6.98,6.984762753482395
20230718093810660,6.97,6.98,6.984762753482395
20230718093810730,6.97,6.98,6.984740202705283
20230718093810750,6.97,6.98,6.984702468561493
20230718093810870,6.97,6.98,6.984702468561493
20230718093811210,6.97,6.98,6.984702468561493
20230718093811330,6.97,6.98,6.984702468561493
20230718093811410,6.97,6.98,6.984702468561493
20230718093811660,6.97,6.98,6.984702468561493
20230718093811760,6.97,6.98,6.984601158966803
20230718093811780,6.97,6.98,6.984601158966803
20230718093813380,6.97,6.98,6.984601158966803
20230718093813620,6.97,6.98,6.984601158966803
20230718093813630,6.97,6.98,6.984601158966803
20230718093813810,6.97,6.98,6.984575029019263
20230718093814180,6.97,6.98,6.984575029019263
20230718093814250,6.97,6.98,6.984575029019263
20230718093814510,6.97,6.98,6.984575029019263
20230718093816040,6.97,6.98,6.984575029019263
20230718093816090,6.97,6.96,6.984504799582448
20230718093816270,6.97,6.96,6.984469774145595
20230718093816280,6.97,6.96,6.984415256853311
20230718093816290,6.97,6.96,6.984401161347584
20230718093816540,6.97,6.96,6.984343320652215
20230718093816670,6.97,6.96,6.984343320652215
20230718093816890,6.97,6.96,6.984343320652215
20230718093817000,6.97,6.96,6.984321420806813
20230718093817030,6.97,6.96,6.984321420806813
20230718093817120,6.97,6.96,6.984319597598183
20230718093817150,6.97,6.96,6.984319597598183
20230718093817230,6.97,6.96,6.984319597598183
20230718093817260,6.97,6.96,6.983420685970878
20230718093817300,6.97,6.96,6.983290978398983
20230718093818920,6.97,6.96,6.983290978398983
20230718093818930,6.97,6.96,6.983290978398983
20230718093818970,6.97,6.96,6.9831028528156605
20230718093819070,6.97,6.96,6.983100998450315
20230718093819080,6.97,6.96,6.982898376051108
20230718093819140,6.97,6.96,6.982898376051108
20230718093819190,6.97,6.96,6.9828893963338645
20230718093819250,6.97,6.96,6.982624777214267
20230718093819290,6.97,6.96,6.982624777214267
20230718093819400,6.97,6.96,6.982493211772189
20230718093819550,6.97,6.96,6.982493211772189
20230718093819670,6.97,6.96,6.982493211772189
20230718093821690,6.97,6.96,6.982493211772189
20230718093821910,6.97,6.96,6.982493211772189
20230718093822010,6.97,6.96,6.9824877435059385
20230718093822070,6.97,6.96,6.982442651877993
20230718093822080,6.97,6.96,6.982437567676162
20230718093822120,6.97,6.96,6.982437567676162
20230718093822240,6.97,6.96,6.98221667037539
20230718093822430,6.97,6.96,6.98221667037539
20230718093824250,6.97,6.96,6.98221667037539
20230718093824310,6.97,6.96,6.98221667037539
20230718093824390,6.97,6.96,6.98221667037539
20230718093824690,6.97,6.96,6.982212552831498
20230718093824780,6.97,6.96,6.982212552831498
20230718093824890,6.97,6.96,6.982211055615096
20230718093824930,6.97,6.96,6.982211055615096
20230718093824950,6.97,6.96,6.982210232595758
20230718093824980,6.97,6.96,6.982210232595758
20230718093825030,6.97,6.96,6.982165414444168
20230718093825130,6.97,6.96,6.9821401002825905
20230718093825330,6.97,6.96,6.9821401002825905
20230718093826990,6.97,6.96,6.9821401002825905
20230718093827030,6.97,6.96,6.9821401002825905
20230718093827780,6.97,6.96,6.9821401002825905
20230718093829650,6.97,6.96,6.9821401002825905
20230718093830060,6.97,6.97,6.9821401002825905
20230718093830070,6.97,6.97,6.9821401002825905
20230718093830090,6.97,6.97,6.9821401002825905
20230718093830350,6.97,6.97,6.9821401002825905
20230718093830370,6.97,6.97,6.9821401002825905
20230718093830800,6.97,6.97,6.9821401002825905
20230718093833150,6.97,6.96,6.981936574575359
20230718093833260,6.97,6.96,6.981936574575359
20230718093833300,6.97,6.96,6.981936574575359
20230718093835000,6.97,6.96,6.981936574575359
20230718093835030,6.97,6.96,6.981936574575359
20230718093835070,6.97,6.96,6.981936574575359
20230718093835100,6.97,6.96,6.981936574575359
20230718093835210,6.97,6.96,6.981936574575359
20230718093835250,6.97,6.96,6.981936574575359
20230718093835410,6.97,6.96,6.981936574575359
20230718093835480,6.97,6.96,6.9818230681465945
20230718093835520,6.97,6.96,6.9818230681465945
20230718093835870,6.97,6.96,6.9818230681465945
20230718093835920,6.97,6.96,6.9818230681465945
20230718093835940,6.97,6.96,6.9818230681465945
20230718093836030,6.97,6.96,6.9818230681465945
20230718093836040,6.97,6.96,6.9818230681465945
20230718093836120,6.97,6.96,6.9818230681465945
20230718093837780,6.97,6.96,6.981708017946826
20230718093838200,6.97,6.96,6.981708017946826
20230718093838470,6.97,6.96,6.981702667946132
20230718093838710,6.97,6.96,6.9816871971776795
20230718093838830,6.97,6.96,6.981649079866423
20230718093840460,6.97,6.96,6.981649079866423
20230718093840470,6.97,6.96,6.981649079866423
20230718093840480,6.97,6.96,6.981649079866423
20230718093840530,6.97,6.96,6.981649079866423
20230718093840610,6.97,6.96,6.981649079866423
20230718093840730,6.97,6.96,6.981649079866423
20230718093840770,6.97,6.96,6.981649079866423
20230718093841030,6.97,6.96,6.981649079866423
20230718093841170,6.97,6.96,6.981649079866423
20230718093841220,6.97,6.96,6.981649079866423
20230718093841300,6.97,6.96,6.981649079866423
20230718093841340,6.97,6.96,6.981649079866423
20230718093841350,6.97,6.96,6.981649079866423
20230718093841400,6.97,6.96,6.981649079866423
20230718093843090,6.97,6.96,6.981649079866423
20230718093843220,6.97,6.96,6.981649079866423
20230718093843600,6.97,6.96,6.981649079866423
20230718093843900,6.97,6.96,6.981649079866423
20230718093844160,6.97,6.96,6.981649079866423
20230718093844270,6.97,6.96,6.981649079866423
20230718093845970,6.97,6.96,6.981649079866423
20230718093846010,6.97,6.96,6.981649079866423
20230718093846230,6.97,6.96,6.981649079866423
20230718093846280,6.97,6.96,6.981649079866423
20230718093846350,6.97,6.96,6.981649079866423
20230718093846770,6.97,6.96,6.981649079866423
20230718093848690,6.97,6.96,6.981649079866423
20230718093848700,6.97,6.96,6.981649079866423
20230718093849100,6.97,6.96,6.981649079866423
20230718093849310,6.97,6.96,6.981283733526596
20230718093849370,6.97,6.96,6.981283733526596
20230718093849380,6.97,6.96,6.981283733526596
20230718093849400,6.97,6.96,6.981283733526596
20230718093851150,6.97,6.96,6.981283733526596
20230718093851190,6.97,6.96,6.981283733526596
20230718093851450,6.97,6.96,6.981283733526596
20230718093851910,6.97,6.96,6.981283733526596
20230718093851960,6.97,6.96,6.981283733526596
20230718093851970,6.97,6.96,6.981283733526596
20230718093852010,6.97,6.96,6.981283733526596
20230718093852260,6.97,6.96,6.981283733526596
20230718093852350,6.97,6.96,6.981283733526596
20230718093853940,6.97,6.96,6.981283733526596
20230718093854090,6.97,6.96,6.981283733526596
20230718093854570,6.97,6.96,6.981283733526596
20230718093854630,6.97,6.96,6.981283733526596
20230718093854780,6.97,6.96,6.981283733526596
20230718093854790,6.97,6.96,6.981283733526596
20230718093854810,6.97,6.96,6.981223087088758
20230718093855010,6.97,6.96,6.981223087088758
20230718093855070,6.97,6.96,6.981221667962749
20230718093855090,6.97,6.96,6.981205373771299
20230718093856970,6.97,6.96,6.981205373771299
20230718093857130,6.97,6.96,6.981205373771299
20230718093857620,6.97,6.96,6.9811827821495855
20230718093857630,6.97,6.97,6.981113462610122
20230718093857650,6.97,6.97,6.981113462610122
20230718093857690,6.97,6.97,6.981113462610122
20230718093857700,6.97,6.97,6.981113462610122
20230718093859490,6.97,6.97,6.981113462610122
20230718093859870,6.97,6.97,6.981113462610122
20230718093900120,6.97,6.97,6.981113462610122
20230718093900250,6.97,6.97,6.981113462610122
20230718093900290,6.97,6.97,6.981113462610122
20230718093901960,6.97,6.97,6.981113462610122
20230718093902830,6.97,6.96,6.98107516745844
20230718093905480,6.97,6.96,6.98107516745844
20230718093907970,6.97,6.96,6.98107516745844
20230718093908230,6.97,6.96,6.98107516745844
20230718093908500,6.97,6.97,6.980790237138043
20230718093910350,6.97,6.97,6.980790237138043
20230718093910360,6.97,6.97,6.980790237138043
20230718093910590,6.97,6.97,6.980790237138043
20230718093910610,6.97,6.97,6.98077778250278
20230718093910680,6.97,6.97,6.98077778250278
20230718093910690,6.97,6.97,6.98077778250278
20230718093912850,6.97,6.97,6.980772547043215
20230718093912920,6.97,6.97,6.980772547043215
20230718093912940,6.97,6.97,6.980772547043215
20230718093913190,6.97,6.97,6.980772547043215
20230718093913350,6.97,6.97,6.980772547043215
20230718093913730,6.97,6.97,6.980772547043215
20230718093915810,6.97,6.97,6.980772547043215
20230718093916020,6.97,6.97,6.980772547043215
20230718093916060,6.97,6.97,6.980772547043215
20230718093916140,6.97,6.97,6.980772547043215
20230718093916150,6.97,6.97,6.980772547043215
20230718093916200,6.97,6.97,6.980772547043215
20230718093916230,6.97,6.97,6.980772547043215
20230718093916310,6.98,6.97,6.980675957852677
20230718093916610,6.98,6.97,6.980675957852677
20230718093918310,6.98,6.97,6.980675957852677
20230718093918330,6.98,6.97,6.980643932349007
20230718093918460,6.98,6.97,6.980643932349007
20230718093918790,6.98,6.97,6.980643932349007
20230718093918800,6.98,6.97,6.980643932349007
20230718093919040,6.98,6.97,6.980643932349007
20230718093919190,6.98,6.97,6.980643932349007
20230718093919210,6.98,6.97,6.980642655324867
20230718093919300,6.98,6.97,6.980642655324867
20230718093920960,6.98,6.97,6.980642655324867
20230718093921060,6.98,6.97,6.980642655324867
20230718093921210,6.98,6.97,6.980642655324867
20230718093921570,6.98,6.97,6.980642655324867
20230718093921730,6.98,6.97,6.980642655324867
20230718093924140,6.98,6.97,6.98063563716586
20230718093924270,6.98,6.97,6.980604486577923
20230718093924290,6.98,6.97,6.980604486577923
20230718093924580,6.98,6.97,6.980604486577923
20230718093924600,6.98,6.97,6.980604486577923
20230718093924730,6.98,6.97,6.9806038527514955
20230718093926330,6.98,6.97,6.9806038527514955
20230718093926480,6.98,6.97,6.9806038527514955
20230718093926690,6.98,6.97,6.9806038527514955
20230718093927000,6.98,6.97,6.9806038527514955
20230718093927020,6.98,6.97,6.98060296674214
20230718093927050,6.98,6.97,6.98060296674214
20230718093927090,6.98,6.97,6.98060296674214
20230718093927240,6.98,6.97,6.98060296674214
20230718093927270,6.98,6.97,6.98060296674214
20230718093927340,6.98,6.97,6.98060296674214
20230718093929400,6.98,6.97,6.980590313206714
20230718093931730,6.98,6.97,6.980590313206714
20230718093931880,6.98,6.97,6.980558182975509
20230718093931890,6.98,6.97,6.980558182975509
20230718093931940,6.98,6.97,6.980558182975509
20230718093932010,6.98,6.97,6.980558182975509
20230718093932120,6.98,6.97,6.980558182975509
20230718093932460,6.98,6.97,6.980558182975509
20230718093932600,6.98,6.97,6.980558182975509
20230718093934410,6.98,6.97,6.980558182975509
20230718093934550,6.98,6.97,6.980558182975509
20230718093934920,6.98,6.97,6.980558182975509
20230718093934930,6.98,6.97,6.980558182975509
20230718093935030,6.98,6.97,6.980558182975509
20230718093937420,6.98,6.97,6.980558182975509
20230718093937840,6.98,6.97,6.980558182975509
20230718093938010,6.98,6.97,6.980558182975509
20230718093938080,6.98,6.97,6.980558182975509
20230718093938140,6.98,6.97,6.980558182975509
20230718093940060,6.98,6.97,6.980558182975509
20230718093940180,6.98,6.97,6.980558182975509
20230718093940520,6.98,6.97,6.980558182975509
20230718093940790,6.98,6.97,6.980558182975509
20230718093942450,6.98,6.97,6.980558182975509
20230718093942800,6.98,6.97,6.980558182975509
20230718093942850,6.98,6.97,6.980558182975509
20230718093942880,6.98,6.97,6.980558182975509
20230718093943260,6.98,6.97,6.980375221259617
20230718093943520,6.98,6.97,6.980375221259617
20230718093945290,6.98,6.97,6.980375221259617
20230718093945680,6.98,6.97,6.980375221259617
20230718093946170,6.98,6.97,6.980375221259617
20230718093946200,6.98,6.97,6.980375221259617
20230718093946210,6.98,6.97,6.980375221259617
20230718093947900,6.98,6.97,6.980375221259617
20230718093948110,6.98,6.96,6.980088209066279
20230718093948130,6.98,6.96,6.980088209066279
20230718093948190,6.98,6.97,6.980088209066279
20230718093948230,6.98,6.97,6.980088209066279
20230718093948320,6.98,6.97,6.980088209066279
20230718093948690,6.98,6.97,6.980088209066279
20230718093948870,6.98,6.97,6.980088209066279
20230718093948900,6.98,6.97,6.980088209066279
20230718093948970,6.98,6.97,6.980088209066279
20230718093950610,6.98,6.97,6.980088209066279
20230718093950650,6.98,6.97,6.980088209066279
20230718093950720,6.98,6.97,6.980088209066279
20230718093951120,6.98,6.97,6.980088209066279
20230718093951140,6.98,6.97,6.980088209066279
20230718093951150,6.98,6.97,6.980088209066279
20230718093951310,6.98,6.97,6.980088209066279
20230718093953680,6.98,6.97,6.980088209066279
20230718093953690,6.98,6.97,6.980088209066279
20230718093954080,6.98,6.97,6.980088209066279
20230718093954340,6.98,6.97,6.980088209066279
20230718093954370,6.98,6.97,6.980088209066279
20230718093955950,6.98,6.97,6.980088209066279
20230718093956010,6.98,6.97,6.980088209066279
20230718093956230,6.98,6.97,6.980088209066279
20230718093956310,6.98,6.97,6.980088209066279
20230718093956760,6.98,6.97,6.980088209066279
20230718093956980,6.98,6.97,6.980088209066279
20230718093958650,6.98,6.97,6.980088209066279
20230718093958810,6.98,6.97,6.980002982403818
20230718093959120,6.98,6.97,6.980002982403818
20230718093959280,6.98,6.97,6.980002982403818
20230718093959450,6.98,6.97,6.980002982403818
20230718094001440,6.98,6.97,6.980002982403818
20230718094002380,6.98,6.97,6.980002982403818
20230718094002590,6.98,6.97,6.980002982403818
20230718094004050,6.98,6.97,6.980002982403818
20230718094004330,6.98,6.97,6.980002982403818
20230718094004420,6.98,6.96,6.979924794398942
20230718094004460,6.98,6.96,6.979905990002731
20230718094005030,6.98,6.96,6.979905990002731
20230718094005080,6.98,6.96,6.979905990002731
20230718094007270,6.98,6.97,6.979905990002731
20230718094007320,6.98,6.97,6.979904886080605
20230718094009460,6.98,6.97,6.979904886080605
20230718094009510,6.98,6.97,6.979904886080605
20230718094009520,6.98,6.96,6.979877367768894
20230718094009560,6.98,6.96,6.979877367768894
20230718094009910,6.98,6.96,6.979877367768894
20230718094009980,6.98,6.96,6.979877367768894
20230718094010190,6.98,6.97,6.979877367768894
20230718094010600,6.98,6.97,6.979877367768894
20230718094012450,6.98,6.97,6.979877367768894
20230718094013080,6.98,6.97,6.979875721531786
20230718094013110,6.98,6.97,6.979875721531786
20230718094013120,6.98,6.96,6.979851664274751
20230718094013240,6.98,6.96,6.979851664274751
20230718094014880,6.98,6.96,6.979851664274751
20230718094015040,6.98,6.96,6.979851664274751
20230718094015940,6.98,6.96,6.979851664274751
20230718094015970,6.98,6.96,6.979851664274751
20230718094015980,6.98,6.96,6.979851664274751
20230718094017660,6.98,6.96,6.979851664274751
20230718094017680,6.98,6.96,6.979851664274751
20230718094017690,6.98,6.96,6.979851664274751
20230718094017890,6.98,6.96,6.979851664274751
20230718094017900,6.98,6.96,6.979851664274751
20230718094018100,6.98,6.96,6.979851664274751
20230718094018110,6.98,6.96,6.979851664274751
20230718094018130,6.98,6.96,6.979851664274751
20230718094018310,6.98,6.97,6.979851664274751
20230718094018320,6.98,6.97,6.979851664274751
20230718094018430,6.98,6.97,6.979851664274751
20230718094018510,6.98,6.97,6.979851664274751
20230718094018520,6.98,6.97,6.979851664274751
20230718094018570,6.98,6.97,6.979851664274751
20230718094018680,6.98,6.97,6.979851664274751
20230718094018730,6.98,6.97,6.979851664274751
20230718094018740,6.98,6.97,6.979851664274751
20230718094020790,6.98,6.97,6.979851664274751
20230718094020800,6.98,6.97,6.979851664274751
20230718094020910,6.98,6.97,6.979851664274751
20230718094020930,6.98,6.97,6.979851664274751
20230718094021350,6.98,6.97,6.979851664274751
20230718094023790,6.98,6.97,6.979851664274751
20230718094023920,6.98,6.97,6.979851664274751
20230718094023950,6.98,6.97,6.979851664274751
20230718094024060,6.98,6.97,6.979851664274751
20230718094025630,6.98,6.97,6.979851664274751
20230718094025720,6.98,6.97,6.979851664274751
20230718094025730,6.98,6.97,6.979851664274751
20230718094026340,6.98,6.97,6.979851664274751
20230718094028370,6.98,6.97,6.979851664274751
20230718094028430,6.98,6.97,6.979851664274751
20230718094028480,6.98,6.97,6.979851664274751
20230718094029040,6.98,6.97,6.979851664274751
20230718094029110,6.98,6.97,6.979851664274751
20230718094029470,6.98,6.97,6.979851664274751
20230718094031700,6.98,6.97,6.979851664274751
20230718094031950,6.98,6.97,6.979851664274751
20230718094032180,6.98,6.97,6.979851664274751
20230718094033920,6.98,6.97,6.979851664274751
20230718094033940,6.98,6.97,6.979851664274751
20230718094034530,6.97,6.97,6.979851664274751
20230718094034650,6.97,6.97,6.979851664274751
20230718094034730,6.97,6.97,6.9797782575105884
20230718094034740,6.97,6.97,6.979777721771432
20230718094034980,6.97,6.97,6.979777721771432
20230718094036520,6.97,6.97,6.979777721771432
20230718094036540,6.97,6.97,6.979777721771432
20230718094036750,6.97,6.97,6.979777721771432
20230718094036790,6.97,6.97,6.979775554812944
20230718094037080,6.97,6.97,6.97976752842262
20230718094037110,6.97,6.97,6.97976752842262
20230718094037120,6.97,6.97,6.97976752842262
20230718094037140,6.97,6.97,6.97976752842262
20230718094037160,6.97,6.97,6.97976752842262
20230718094037210,6.97,6.97,6.97976752842262
20230718094037400,6.97,6.97,6.97976752842262
20230718094037520,6.97,6.97,6.97976752842262
20230718094039460,6.97,6.97,6.979760582871584
20230718094039980,6.97,6.97,6.979760582871584
20230718094040070,6.97,6.97,6.979760049007543
20230718094040110,6.97,6.97,6.9797531140856695
20230718094040170,6.97,6.97,6.9797531140856695
20230718094040360,6.97,6.97,6.9797531140856695
20230718094040380,6.97,6.97,6.979750449431449
20230718094042020,6.97,6.97,6.979750449431449
20230718094042030,6.97,6.97,6.979750449431449
20230718094042220,6.97,6.97,6.979750449431449
20230718094042790,6.97,6.97,6.979749916675318
20230718094042880,6.97,6.97,6.979749916675318
20230718094042910,6.97,6.97,6.979749916675318
20230718094044750,6.97,6.97,6.979749916675318
20230718094044870,6.97,6.97,6.9797360854216794
20230718094044930,6.97,6.97,6.9797360854216794
20230718094045150,6.97,6.97,6.9797360854216794
20230718094045160,6.97,6.97,6.9797360854216794
20230718094045350,6.97,6.97,6.9797360854216794
20230718094045410,6.97,6.97,6.9797360854216794
20230718094045540,6.97,6.97,6.9797360854216794
20230718094045600,6.97,6.97,6.9797360854216794
20230718094045690,6.97,6.97,6.9797360854216794
20230718094047290,6.97,6.97,6.9797360854216794
20230718094047590,6.97,6.97,6.9797360854216794
20230718094047610,6.97,6.97,6.9797360854216794
20230718094050000,6.97,6.97,6.9797360854216794
20230718094050010,6.97,6.96,6.979574812353549
20230718094050180,6.97,6.96,6.979574812353549
20230718094050370,6.97,6.96,6.979574812353549
20230718094050480,6.97,6.96,6.979574812353549
20230718094050640,6.97,6.96,6.979574812353549
20230718094051010,6.97,6.96,6.979574812353549
20230718094051070,6.97,6.96,6.979574812353549
20230718094052730,6.97,6.96,6.979424494815245
20230718094053100,6.97,6.96,6.979424494815245
20230718094053410,6.97,6.96,6.979424494815245
20230718094053500,6.97,6.96,6.979424494815245
20230718094053740,6.97,6.96,6.979424494815245
20230718094055970,6.97,6.96,6.979424494815245
20230718094056030,6.97,6.96,6.979424494815245
20230718094056040,6.97,6.96,6.979424494815245
20230718094056180,6.97,6.96,6.979403655206819
20230718094056210,6.97,6.96,6.979403655206819
20230718094056300,6.97,6.96,6.979403655206819
20230718094056520,6.97,6.96,6.979387015687725
20230718094058230,6.97,6.96,6.97922524169674
20230718094058260,6.97,6.96,6.97922524169674
20230718094059280,6.97,6.96,6.97922524169674
20230718094101220,6.97,6.96,6.97922524169674
20230718094101370,6.97,6.96,6.97922524169674
20230718094101440,6.97,6.96,6.97922524169674
20230718094101840,6.97,6.96,6.979224751407054
20230718094101870,6.97,6.96,6.979224751407054
20230718094103640,6.97,6.96,6.979224751407054
20230718094103720,6.97,6.96,6.979224751407054
20230718094103820,6.97,6.96,6.979224751407054
20230718094103990,6.97,6.96,6.979224751407054
20230718094104040,6.97,6.96,6.979207397692337
20230718094104050,6.97,6.96,6.979207397692337
20230718094106320,6.97,6.96,6.979163606001194
20230718094106350,6.97,6.96,6.979163606001194
20230718094106500,6.97,6.96,6.979163606001194
20230718094106920,6.97,6.96,6.979163606001194
20230718094107150,6.97,6.96,6.979163606001194
20230718094107180,6.97,6.96,6.979060534240024
20230718094107200,6.97,6.96,6.979034526552225
20230718094107210,6.97,6.96,6.97824552666395
20230718094107220,6.97,6.96,6.978129701737987
20230718094107230,6.97,6.96,6.978129701737987
20230718094107240,6.97,6.96,6.978129701737987
20230718094107260,6.97,6.96,6.978129701737987
20230718094107290,6.97,6.96,6.977339264457713
20230718094107300,6.97,6.96,6.977339264457713
20230718094107310,6.97,6.96,6.976805016934703
20230718094107320,6.96,6.96,6.97566343782794
20230718094107330,6.96,6.96,6.97566343782794
20230718094107340,6.96,6.96,6.97566343782794
20230718094107360,6.96,6.96,6.97566343782794
20230718094107370,6.96,6.96,6.97566343782794
20230718094107380,6.96,6.96,6.97566343782794
20230718094108900,6.96,6.96,6.97566343782794
20230718094109730,6.96,6.96,6.97566343782794
20230718094109940,6.96,6.96,6.97566343782794
20230718094110000,6.96,6.96,6.97566343782794
20230718094110040,6.96,6.96,6.97566343782794
20230718094110060,6.96,6.96,6.97566343782794
20230718094110070,6.96,6.96,6.97566343782794
20230718094112140,6.96,6.96,6.97566343782794
20230718094112250,6.96,6.96,6.97566343782794
20230718094112510,6.96,6.96,6.97566343782794
20230718094114220,6.96,6.96,6.975608637418766
20230718094114390,6.96,6.96,6.975608637418766
20230718094115070,6.96,6.96,6.975605949043873
20230718094115110,6.96,6.96,6.975605949043873
20230718094115180,6.96,6.96,6.975566402810647
20230718094115200,6.96,6.96,6.975555045300624
20230718094115250,6.96,6.96,6.975555045300624
20230718094115270,6.96,6.96,6.975537040926999
20230718094115340,6.96,6.96,6.975537040926999
20230718094115350,6.96,6.96,6.975503148827592
20230718094117000,6.96,6.96,6.975503148827592
20230718094117020,6.96,6.96,6.975503148827592
20230718094117650,6.96,6.96,6.975503148827592
20230718094117670,6.95,6.96,6.975503148827592
20230718094117700,6.95,6.96,6.975503148827592
20230718094117770,6.95,6.96,6.975503148827592
20230718094120000,6.95,6.96,6.975492898073771
20230718094120070,6.95,6.96,6.975492898073771
20230718094120150,6.95,6.96,6.975492898073771
20230718094120160,6.95,6.96,6.975492898073771
20230718094120170,6.95,6.96,6.975492898073771
20230718094120180,6.95,6.96,6.975492898073771
20230718094122390,6.94,6.96,6.975492898073771
20230718094122400,6.94,6.96,6.975337583358513
20230718094122410,6.94,6.96,6.9753360795611705
20230718094122440,6.94,6.96,6.9753360795611705
20230718094122480,6.94,6.96,6.9753360795611705
20230718094122790,6.94,6.96,6.9753360795611705
20230718094123090,6.94,6.96,6.9753360795611705
20230718094123210,6.94,6.96,6.9753360795611705
20230718094123340,6.94,6.96,6.9753360795611705
20230718094125060,6.94,6.96,6.9753360795611705
20230718094125070,6.94,6.96,6.9753360795611705
20230718094125080,6.94,6.96,6.9753360795611705
20230718094125090,6.94,6.96,6.9753360795611705
20230718094125140,6.94,6.96,6.9753360795611705
20230718094125160,6.94,6.96,6.9753360795611705
20230718094125170,6.94,6.96,6.9753360795611705
20230718094125180,6.94,6.96,6.9753360795611705
20230718094125190,6.94,6.96,6.9753360795611705
20230718094125200,6.94,6.96,6.9753360795611705
20230718094125230,6.95,6.96,6.975088210810103
20230718094125500,6.95,6.96,6.975088210810103
20230718094125940,6.95,6.96,6.975088210810103
20230718094126200,6.95,6.96,6.975088210810103
20230718094127810,6.95,6.96,6.975088210810103
20230718094128020,6.95,6.96,6.974820680973154
20230718094128050,6.95,6.96,6.974817768558751
20230718094128080,6.95,6.96,6.974817768558751
20230718094128230,6.95,6.96,6.974817768558751
20230718094128240,6.95,6.96,6.974817768558751
20230718094128290,6.95,6.96,6.974817768558751
20230718094128650,6.96,6.95,6.974817768558751
20230718094128660,6.96,6.95,6.974817768558751
20230718094130430,6.96,6.95,6.974817768558751
20230718094130540,6.95,6.95,6.974817768558751
20230718094130560,6.95,6.95,6.974817768558751
20230718094130620,6.95,6.95,6.974817768558751
20230718094130640,6.95,6.95,6.974817768558751
20230718094130800,6.95,6.95,6.974817768558751
20230718094130940,6.95,6.95,6.974817768558751
20230718094131060,6.95,6.95,6.974817768558751
20230718094131070,6.95,6.95,6.974817768558751
20230718094131080,6.95,6.95,6.974817768558751
20230718094131180,6.95,6.95,6.974817768558751
20230718094131190,6.95,6.95,6.974817768558751
20230718094131230,6.95,6.95,6.974503165906766
20230718094131640,6.95,6.95,6.974473186615858
20230718094133190,6.95,6.95,6.974473186615858
20230718094133500,6.95,6.95,6.974473186615858
20230718094133630,6.95,6.95,6.974473186615858
20230718094133780,6.95,6.95,6.974468908112312
20230718094133860,6.95,6.95,6.974468908112312
20230718094133950,6.95,6.95,6.974468908112312
20230718094134080,6.95,6.95,6.974468908112312
20230718094134320,6.95,6.95,6.974468908112312
20230718094134340,6.95,6.95,6.974467482180458
20230718094135890,6.95,6.95,6.974467482180458
20230718094135960,6.95,6.95,6.974467482180458
20230718094136190,6.95,6.95,6.974467482180458
20230718094136440,6.95,6.95,6.974467482180458
20230718094136450,6.95,6.95,6.974467482180458
20230718094136540,6.95,6.95,6.974467482180458
20230718094136550,6.95,6.95,6.974467482180458
20230718094136600,6.95,6.95,6.974467482180458
20230718094136750,6.95,6.95,6.974467482180458
20230718094136850,6.95,6.95,6.974463205092675
20230718094136860,6.95,6.95,6.974463205092675
20230718094136870,6.95,6.95,6.97445607897142
20230718094136890,6.95,6.95,6.97445607897142
20230718094136900,6.95,6.95,6.97445607897142
20230718094136980,6.95,6.95,6.97445607897142
20230718094137000,6.95,6.95,6.97445607897142
20230718094138800,6.95,6.95,6.97445607897142
20230718094138810,6.95,6.95,6.97445607897142
20230718094138910,6.95,6.95,6.97445607897142
20230718094138980,6.95,6.95,6.97445607897142
20230718094138990,6.95,6.95,6.974429811334785
20230718094139000,6.95,6.95,6.974429811334785
20230718094139010,6.95,6.95,6.974429811334785
20230718094139100,6.95,6.95,6.974429811334785
20230718094139280,6.95,6.95,6.974429811334785
20230718094139440,6.95,6.95,6.974420318881396
20230718094139510,6.95,6.95,6.974420318881396
20230718094139750,6.95,6.95,6.974420318881396
20230718094141520,6.95,6.95,6.974420318881396
20230718094141530,6.95,6.95,6.974420318881396
20230718094141540,6.95,6.95,6.974420318881396
20230718094142000,6.95,6.95,6.974420318881396
20230718094142050,6.95,6.95,6.974420318881396
20230718094142470,6.95,6.95,6.974420318881396
20230718094142480,6.95,6.95,6.974396783947791
20230718094143970,6.95,6.95,6.974396783947791
20230718094144120,6.95,6.95,6.974396783947791
20230718094144290,6.95,6.95,6.974396783947791
20230718094144390,6.95,6.95,6.974396783947791
20230718094144460,6.95,6.95,6.974396783947791
20230718094144580,6.95,6.95,6.974396783947791
20230718094144750,6.95,6.95,6.974396783947791
20230718094145020,6.95,6.95,6.974396783947791
20230718094146660,6.95,6.95,6.974396783947791
20230718094146720,6.95,6.95,6.974396783947791
20230718094146760,6.95,6.95,6.974396783947791
20230718094147160,6.95,6.95,6.974378681638491
20230718094147170,6.95,6.95,6.9743745338108205
20230718094147250,6.95,6.95,6.9743745338108205
20230718094147330,6.95,6.95,6.9743745338108205
20230718094147360,6.95,6.95,6.9743745338108205
20230718094147560,6.95,6.95,6.974373529375405
20230718094147600,6.95,6.95,6.974373529375405
20230718094147620,6.95,6.95,6.974373529375405
20230718094149330,6.95,6.95,6.974373529375405
20230718094149400,6.95,6.95,6.974373529375405
20230718094149470,6.95,6.95,6.974373529375405
20230718094149550,6.95,6.95,6.974373529375405
20230718094149570,6.95,6.95,6.974365496871254
20230718094149780,6.95,6.95,6.974365496871254
20230718094150010,6.95,6.95,6.974364493180479
20230718094150020,6.95,6.95,6.974363489572392
20230718094150060,6.95,6.95,6.974363489572392
20230718094150180,6.95,6.95,6.974355463683194
20230718094150580,6.95,6.95,6.974355463683194
20230718094152010,6.95,6.95,6.974355463683194
20230718094152180,6.95,6.95,6.974355463683194
20230718094152190,6.95,6.95,6.974355463683194
20230718094152200,6.95,6.95,6.974355463683194
20230718094152290,6.95,6.95,6.974355463683194
20230718094152330,6.95,6.95,6.974355463683194
20230718094152560,6.95,6.95,6.974355463683194
20230718094153050,6.95,6.95,6.974355463683194
20230718094154760,6.95,6.95,6.974355463683194
20230718094154790,6.95,6.95,6.974355463683194
20230718094155010,6.95,6.95,6.974355463683194
20230718094155070,6.95,6.95,6.9743474430800765
20230718094155080,6.95,6.95,6.9743474430800765
20230718094155110,6.95,6.95,6.9743474430800765
20230718094155140,6.95,6.95,6.974336423372381
20230718094155230,6.95,6.95,6.974336423372381
20230718094155330,6.95,6.95,6.974336423372381
20230718094155340,6.95,6.95,6.974336423372381
20230718094155390,6.95,6.95,6.974336423372381
20230718094155420,6.95,6.95,6.974332418678701
20230718094155480,6.95,6.95,6.974332418678701
20230718094155490,6.95,6.95,6.974332418678701
20230718094155500,6.95,6.95,6.974332418678701
20230718094155510,6.95,6.95,6.974328182008893
20230718094155570,6.95,6.95,6.974328182008893
20230718094155590,6.95,6.95,6.974328182008893
20230718094155710,6.95,6.95,6.974328182008893
20230718094155740,6.95,6.95,6.974328182008893
20230718094155780,6.95,6.95,6.974328182008893
20230718094155820,6.95,6.95,6.974328182008893
20230718094157510,6.95,6.95,6.974328182008893
20230718094157600,6.95,6.95,6.974328182008893
20230718094158100,6.95,6.95,6.974328182008893
20230718094158150,6.95,6.95,6.974328182008893
20230718094158210,6.95,6.95,6.974328182008893
20230718094158270,6.95,6.95,6.974328182008893
20230718094158380,6.95,6.95,6.974328182008893
20230718094158480,6.95,6.95,6.974328182008893
20230718094200300,6.95,6.95,6.974328182008893
20230718094200480,6.95,6.95,6.974328182008893
20230718094200570,6.95,6.95,6.974328182008893
20230718094200590,6.95,6.95,6.974328182008893
20230718094200620,6.95,6.95,6.974328182008893
20230718094200660,6.95,6.95,6.974328182008893
20230718094200680,6.95,6.95,6.974328182008893
20230718094200950,6.95,6.95,6.974328182008893
20230718094201020,6.95,6.95,6.974328182008893
20230718094201070,6.95,6.95,6.974328182008893
20230718094202810,6.95,6.95,6.974328182008893
20230718094202930,6.95,6.95,6.974328182008893
20230718094202950,6.95,6.95,6.974328182008893
20230718094203070,6.95,6.95,6.974328182008893
20230718094203260,6.95,6.95,6.974328182008893
20230718094203340,6.95,6.95,6.974328182008893
20230718094203610,6.95,6.95,6.974328182008893
20230718094203850,6.95,6.95,6.974328182008893
20230718094205990,6.95,6.95,6.974328182008893
20230718094206020,6.95,6.95,6.97431971180537
20230718094206160,6.95,6.95,6.9742394528573595
20230718094206180,6.95,6.95,6.9742394528573595
20230718094206370,6.95,6.95,6.9742394528573595
20230718094206460,6.95,6.95,6.974218394433533
20230718094206550,6.95,6.95,6.974120463307835
20230718094206560,6.95,6.95,6.974120463307835
20230718094206650,6.95,6.95,6.974120463307835
20230718094208300,6.95,6.95,6.974120463307835
20230718094208520,6.95,6.95,6.974120463307835
20230718094208530,6.95,6.95,6.974120463307835
20230718094208540,6.95,6.95,6.974120463307835
20230718094208630,6.95,6.95,6.974120463307835
20230718094208640,6.95,6.95,6.974120463307835
20230718094209210,6.95,6.95,6.974120463307835
20230718094211070,6.95,6.95,6.974120463307835
20230718094211150,6.95,6.95,6.974120463307835
20230718094211350,6.95,6.95,6.974120463307835
20230718094211540,6.95,6.95,6.974120463307835
20230718094211700,6.95,6.95,6.974120463307835
20230718094211790,6.95,6.95,6.974120463307835
20230718094211820,6.95,6.95,6.974120463307835
20230718094211970,6.95,6.95,6.974120463307835
20230718094211990,6.95,6.95,6.974120463307835
20230718094212080,6.95,6.95,6.974120463307835
20230718094212100,6.95,6.95,6.974120463307835
20230718094213780,6.95,6.95,6.974120463307835
20230718094213820,6.95,6.95,6.974120463307835
20230718094214340,6.95,6.95,6.974120463307835
20230718094214480,6.95,6.95,6.974120463307835
20230718094214610,6.95,6.95,6.974120463307835
20230718094214820,6.95,6.95,6.974120463307835
20230718094216780,6.95,6.95,6.9740443177136235
20230718094217260,6.95,6.95,6.9740443177136235
20230718094219090,6.95,6.95,6.974042928994203
20230718094219100,6.95,6.95,6.974035657922102
20230718094219190,6.95,6.95,6.974035657922102
20230718094219200,6.95,6.95,6.974035657922102
20230718094219210,6.95,6.95,6.974035657922102
20230718094219220,6.95,6.95,6.974035657922102
20230718094219270,6.95,6.95,6.974035657922102
20230718094219340,6.95,6.95,6.974035657922102
20230718094219370,6.95,6.95,6.974035657922102
20230718094219380,6.95,6.95,6.974035657922102
