Timestamp,ask1,bid1,VWAP
20230612093000030,6.44,6.45,6.46
20230612093000160,6.44,6.45,6.46
20230612093000170,6.44,6.45,6.46
20230612093000180,6.46,6.45,6.452955465587045
20230612093000190,6.46,6.45,6.452955465587045
20230612093000200,6.46,6.45,6.452955465587045
20230612093000210,6.46,6.45,6.452955465587045
20230612093000220,6.46,6.45,6.452955465587045
20230612093000230,6.46,6.45,6.452955465587045
20230612093000240,6.46,6.45,6.452955465587045
20230612093000250,6.45,6.45,6.45292
20230612093000260,6.45,6.45,6.45292
20230612093000270,6.45,6.45,6.45292
20230612093000280,6.45,6.45,6.45292
20230612093000530,6.45,6.45,6.45292
20230612093000590,6.46,6.45,6.452818532818533
20230612093000660,6.46,6.45,6.452818532818533
20230612093000680,6.46,6.45,6.452818532818533
20230612093000740,6.46,6.45,6.453016393442623
20230612093000750,6.46,6.45,6.453016393442623
20230612093000810,6.46,6.45,6.453016393442623
20230612093000820,6.46,6.45,6.453016393442623
20230612093000830,6.46,6.45,6.453016393442623
20230612093000840,6.46,6.45,6.453016393442623
20230612093000850,6.46,6.45,6.453016393442623
20230612093000860,6.46,6.45,6.453016393442623
20230612093000870,6.46,6.45,6.453016393442623
20230612093000880,6.46,6.45,6.453016393442623
20230612093000890,6.46,6.45,6.453016393442623
20230612093000910,6.46,6.45,6.453016393442623
20230612093000920,6.46,6.45,6.453016393442623
20230612093001530,6.46,6.45,6.453016393442623
20230612093001550,6.46,6.45,6.453016393442623
20230612093001630,6.46,6.45,6.453016393442623
20230612093001640,6.46,6.45,6.453016393442623
20230612093001700,6.46,6.45,6.453016393442623
20230612093001710,6.46,6.45,6.453016393442623
20230612093001730,6.46,6.45,6.453016393442623
20230612093001790,6.46,6.45,6.453016393442623
20230612093001860,6.46,6.45,6.453016393442623
20230612093001870,6.46,6.45,6.453016393442623
20230612093001880,6.46,6.45,6.453016393442623
20230612093001900,6.46,6.45,6.453016393442623
20230612093002070,6.46,6.45,6.453016393442623
20230612093002110,6.46,6.45,6.453016393442623
20230612093003290,6.46,6.45,6.453016393442623
20230612093003310,6.46,6.45,6.453016393442623
20230612093003320,6.46,6.45,6.453016393442623
20230612093003350,6.46,6.45,6.453016393442623
20230612093003360,6.46,6.45,6.453016393442623
20230612093003380,6.46,6.45,6.453016393442623
20230612093003420,6.46,6.45,6.453016393442623
20230612093003450,6.46,6.45,6.453016393442623
20230612093003490,6.46,6.45,6.453016393442623
20230612093003500,6.46,6.45,6.453016393442623
20230612093003510,6.46,6.45,6.453016393442623
20230612093003540,6.46,6.45,6.453016393442623
20230612093003570,6.46,6.45,6.453016393442623
20230612093003580,6.46,6.45,6.453016393442623
20230612093003640,6.46,6.43,6.453016393442623
20230612093003660,6.46,6.43,6.453016393442623
20230612093003690,6.46,6.43,6.453016393442623
20230612093003710,6.46,6.43,6.453016393442623
20230612093003750,6.46,6.43,6.453016393442623
20230612093003760,6.46,6.43,6.453016393442623
20230612093003820,6.46,6.43,6.453016393442623
20230612093003830,6.46,6.43,6.453016393442623
20230612093003900,6.46,6.43,6.453016393442623
20230612093003910,6.46,6.43,6.453016393442623
20230612093006410,6.46,6.43,6.453016393442623
20230612093007080,6.45,6.43,6.453016393442623
20230612093007170,6.44,6.43,6.453016393442623
20230612093007240,6.44,6.43,6.453016393442623
20230612093007440,6.44,6.43,6.453016393442623
20230612093007550,6.44,6.43,6.453016393442623
20230612093007700,6.45,6.43,6.453016393442623
20230612093008000,6.45,6.43,6.453016393442623
20230612093008010,6.45,6.43,6.449113924050633
20230612093008170,6.45,6.43,6.449113924050633
20230612093008280,6.45,6.43,6.449113924050633
20230612093008460,6.45,6.43,6.449113924050633
20230612093008690,6.44,6.43,6.449113924050633
20230612093008970,6.44,6.43,6.44904282115869
20230612093012970,6.44,6.43,6.44904282115869
20230612093013080,6.44,6.43,6.44904282115869
20230612093013090,6.44,6.43,6.44904282115869
20230612093013120,6.44,6.43,6.44904282115869
20230612093013400,6.44,6.43,6.44904282115869
20230612093014780,6.44,6.43,6.44904282115869
20230612093015000,6.44,6.43,6.44904282115869
20230612093015050,6.44,6.43,6.44904282115869
20230612093015330,6.44,6.43,6.44904282115869
20230612093015400,6.44,6.43,6.44904282115869
20230612093015640,6.44,6.43,6.44904282115869
20230612093017890,6.44,6.43,6.44904282115869
20230612093017990,6.44,6.43,6.44904282115869
20230612093018050,6.44,6.43,6.44904282115869
20230612093018090,6.44,6.43,6.448439024390244
20230612093018140,6.44,6.43,6.448439024390244
20230612093018170,6.44,6.43,6.448439024390244
20230612093018400,6.44,6.43,6.448439024390244
20230612093018490,6.44,6.43,6.448439024390244
20230612093018590,6.44,6.43,6.448439024390244
20230612093018630,6.44,6.43,6.448439024390244
20230612093018800,6.44,6.43,6.448439024390244
20230612093018850,6.44,6.43,6.448439024390244
20230612093018860,6.44,6.43,6.448439024390244
20230612093018870,6.44,6.43,6.448439024390244
20230612093019070,6.44,6.43,6.442019077901431
20230612093019080,6.44,6.43,6.441739130434782
20230612093019120,6.44,6.43,6.441739130434782
20230612093019130,6.44,6.43,6.441739130434782
20230612093019160,6.44,6.43,6.441739130434782
20230612093019170,6.44,6.43,6.441739130434782
20230612093020700,6.44,6.43,6.441419939577039
20230612093020710,6.43,6.43,6.441419939577039
20230612093020720,6.43,6.43,6.441101321585903
20230612093020930,6.43,6.43,6.441101321585903
20230612093020940,6.43,6.43,6.441101321585903
20230612093021030,6.43,6.43,6.441101321585903
20230612093021050,6.43,6.43,6.441101321585903
20230612093021260,6.43,6.43,6.441101321585903
20230612093021270,6.43,6.43,6.441101321585903
20230612093021280,6.43,6.43,6.4409406657018815
20230612093021500,6.43,6.43,6.4409406657018815
20230612093021510,6.43,6.43,6.4409406657018815
20230612093021630,6.43,6.43,6.4409406657018815
20230612093021660,6.43,6.43,6.440202429149798
20230612093021830,6.43,6.43,6.440202429149798
20230612093021840,6.43,6.43,6.440202429149798
20230612093023360,6.43,6.43,6.440202429149798
20230612093023380,6.43,6.42,6.438925410872313
20230612093023470,6.43,6.42,6.438925410872313
20230612093023480,6.43,6.42,6.438925410872313
20230612093023650,6.43,6.42,6.438925410872313
20230612093023710,6.43,6.42,6.438925410872313
20230612093024190,6.43,6.42,6.438925410872313
20230612093024210,6.43,6.42,6.438925410872313
20230612093024300,6.43,6.42,6.438925410872313
20230612093024320,6.43,6.42,6.438925410872313
20230612093026720,6.43,6.42,6.438925410872313
20230612093026730,6.43,6.42,6.438925410872313
20230612093027020,6.43,6.42,6.438925410872313
20230612093027040,6.43,6.42,6.438435960591133
20230612093027140,6.43,6.42,6.438435960591133
20230612093027150,6.43,6.42,6.438435960591133
20230612093027180,6.43,6.42,6.438435960591133
20230612093028860,6.43,6.42,6.438435960591133
20230612093029190,6.43,6.42,6.438435960591133
20230612093029520,6.43,6.42,6.438435960591133
20230612093029580,6.43,6.42,6.438435960591133
20230612093029880,6.43,6.42,6.438390663390663
20230612093031800,6.43,6.42,6.438345588235294
20230612093032010,6.43,6.42,6.438233861144945
20230612093032100,6.44,6.43,6.437604049493813
20230612093032110,6.43,6.43,6.437604049493813
20230612093032180,6.44,6.43,6.436265060240964
20230612093032310,6.44,6.43,6.435812553740327
20230612093032400,6.44,6.43,6.435812553740327
20230612093032440,6.44,6.43,6.435812553740327
20230612093032450,6.44,6.43,6.435425361155699
20230612093032480,6.44,6.43,6.435425361155699
20230612093032630,6.44,6.43,6.435425361155699
20230612093032680,6.44,6.43,6.435425361155699
20230612093034560,6.44,6.43,6.435382165605096
20230612093035240,6.44,6.43,6.435382165605096
20230612093035260,6.44,6.43,6.435382165605096
20230612093035300,6.44,6.43,6.435382165605096
20230612093035400,6.44,6.43,6.435382165605096
20230612093035410,6.44,6.43,6.435382165605096
20230612093037130,6.44,6.43,6.435382165605096
20230612093037170,6.44,6.43,6.435382165605096
20230612093037390,6.44,6.43,6.435382165605096
20230612093037740,6.44,6.43,6.435382165605096
20230612093039580,6.44,6.43,6.435382165605096
20230612093039980,6.44,6.43,6.435382165605096
20230612093040090,6.44,6.43,6.435382165605096
20230612093040360,6.44,6.43,6.435868945868946
20230612093040370,6.44,6.44,6.435868945868946
20230612093040410,6.44,6.44,6.435868945868946
20230612093040450,6.44,6.44,6.435868945868946
20230612093040570,6.44,6.44,6.435868945868946
20230612093040580,6.44,6.44,6.435868945868946
20230612093042500,6.44,6.43,6.435519439133206
20230612093042520,6.44,6.43,6.435519439133206
20230612093042770,6.44,6.44,6.435519439133206
20230612093042810,6.44,6.44,6.435519439133206
20230612093042860,6.44,6.44,6.435225225225225
20230612093043080,6.44,6.44,6.435225225225225
20230612093043120,6.44,6.44,6.43523381294964
20230612093045200,6.44,6.44,6.43523381294964
20230612093045410,6.44,6.44,6.43523381294964
20230612093045600,6.44,6.43,6.43523381294964
20230612093045780,6.44,6.43,6.43523381294964
20230612093045910,6.44,6.43,6.43523381294964
20230612093046090,6.44,6.44,6.43523381294964
20230612093046100,6.44,6.44,6.435140515222482
20230612093046200,6.44,6.44,6.435140515222482
20230612093047660,6.44,6.44,6.435140515222482
20230612093047830,6.44,6.44,6.435140515222482
20230612093048270,6.44,6.44,6.435140515222482
20230612093048290,6.44,6.44,6.435140515222482
20230612093048320,6.44,6.44,6.435140515222482
20230612093048490,6.44,6.44,6.435140515222482
20230612093050540,6.44,6.44,6.435140515222482
20230612093050660,6.44,6.43,6.435140515222482
20230612093050780,6.44,6.43,6.435140515222482
20230612093050940,6.44,6.43,6.435140515222482
20230612093051330,6.44,6.43,6.435140515222482
20230612093051340,6.44,6.43,6.435140515222482
20230612093051370,6.44,6.44,6.435140515222482
20230612093051410,6.44,6.43,6.435140515222482
20230612093053110,6.44,6.43,6.435140515222482
20230612093053480,6.44,6.43,6.435140515222482
20230612093053820,6.44,6.43,6.435140515222482
20230612093055850,6.44,6.43,6.435140515222482
20230612093055910,6.44,6.43,6.435140515222482
20230612093056220,6.44,6.43,6.435140515222482
20230612093056400,6.44,6.43,6.435140515222482
20230612093058530,6.44,6.43,6.435140515222482
20230612093059000,6.44,6.43,6.435140515222482
20230612093059180,6.44,6.44,6.435140515222482
20230612093059300,6.44,6.44,6.435140515222482
20230612093101460,6.44,6.44,6.435140515222482
20230612093101690,6.44,6.44,6.435140515222482
20230612093101860,6.44,6.44,6.435140515222482
20230612093101970,6.44,6.44,6.435140515222482
20230612093102020,6.44,6.44,6.435140515222482
20230612093102030,6.44,6.44,6.435140515222482
20230612093102110,6.44,6.44,6.435140515222482
20230612093103930,6.44,6.44,6.435140515222482
20230612093104250,6.44,6.44,6.435140515222482
20230612093104350,6.44,6.44,6.435140515222482
20230612093104430,6.44,6.44,6.435140515222482
20230612093104510,6.44,6.44,6.435140515222482
20230612093104620,6.44,6.44,6.435140515222482
20230612093104670,6.44,6.44,6.435140515222482
20230612093106600,6.44,6.44,6.435140515222482
20230612093106820,6.44,6.44,6.435140515222482
20230612093107090,6.44,6.44,6.435140515222482
20230612093107720,6.44,6.44,6.435140515222482
20230612093107730,6.44,6.44,6.435140515222482
20230612093109500,6.44,6.44,6.435140515222482
20230612093109700,6.44,6.44,6.435140515222482
20230612093109930,6.44,6.44,6.435140515222482
20230612093110350,6.44,6.44,6.435140515222482
20230612093112020,6.45,6.44,6.436493765586035
20230612093112170,6.45,6.45,6.436493765586035
20230612093112290,6.45,6.45,6.436764418377321
20230612093112380,6.45,6.45,6.436764418377321
20230612093112390,6.45,6.45,6.436764418377321
20230612093112450,6.45,6.45,6.436764418377321
20230612093112520,6.45,6.45,6.437190160832545
20230612093112760,6.45,6.45,6.437190160832545
20230612093112790,6.45,6.45,6.437190160832545
20230612093112800,6.45,6.45,6.437190160832545
20230612093112970,6.45,6.45,6.437774266365689
20230612093113050,6.45,6.45,6.437774266365689
20230612093113080,6.45,6.45,6.437774266365689
20230612093113090,6.45,6.45,6.437774266365689
20230612093113100,6.45,6.45,6.437774266365689
20230612093113110,6.45,6.45,6.437774266365689
20230612093113120,6.45,6.45,6.437774266365689
20230612093114980,6.45,6.45,6.437774266365689
20230612093115070,6.45,6.45,6.437883668903803
20230612093115090,6.45,6.45,6.437883668903803
20230612093115250,6.45,6.45,6.437883668903803
20230612093115370,6.46,6.45,6.438711963318049
20230612093115400,6.46,6.45,6.438711963318049
20230612093115420,6.46,6.45,6.438711963318049
20230612093115580,6.46,6.45,6.439135902636917
20230612093115790,6.46,6.45,6.439135902636917
20230612093115810,6.46,6.45,6.439135902636917
20230612093115860,6.46,6.45,6.439135902636917
20230612093117660,6.46,6.45,6.439270455461507
20230612093117840,6.46,6.45,6.439270455461507
20230612093118340,6.46,6.45,6.439270455461507
20230612093118440,6.46,6.45,6.439270455461507
20230612093120050,6.46,6.45,6.439270455461507
20230612093120780,6.46,6.45,6.439270455461507
20230612093120850,6.46,6.44,6.439552590266876
20230612093123040,6.46,6.44,6.439552590266876
20230612093123510,6.46,6.45,6.439552590266876
20230612093123550,6.46,6.45,6.439552590266876
20230612093123660,6.46,6.45,6.439552590266876
20230612093126300,6.46,6.45,6.439552590266876
20230612093126530,6.46,6.45,6.439552590266876
20230612093126560,6.46,6.45,6.439552590266876
20230612093126700,6.46,6.45,6.439552590266876
20230612093128150,6.46,6.45,6.439552590266876
20230612093128230,6.46,6.45,6.439552590266876
20230612093128460,6.46,6.45,6.439552590266876
20230612093128720,6.46,6.45,6.439552590266876
20230612093128800,6.46,6.45,6.439552590266876
20230612093131430,6.46,6.45,6.439552590266876
20230612093131550,6.46,6.45,6.439552590266876
20230612093131770,6.46,6.45,6.439552590266876
20230612093131870,6.46,6.45,6.439552590266876
20230612093131890,6.46,6.45,6.439792227779916
20230612093134130,6.46,6.45,6.439792227779916
20230612093134170,6.46,6.45,6.4401211203633615
20230612093136430,6.46,6.45,6.4401211203633615
20230612093136900,6.46,6.45,6.4413692798864846
20230612093136980,6.46,6.45,6.4413692798864846
20230612093139670,6.46,6.45,6.4413692798864846
20230612093140130,6.46,6.45,6.4413692798864846
20230612093141840,6.46,6.45,6.4413692798864846
20230612093142500,6.46,6.45,6.4413692798864846
20230612093142640,6.46,6.45,6.4413692798864846
20230612093142780,6.46,6.45,6.441458773784356
20230612093142790,6.46,6.45,6.441458773784356
20230612093144840,6.46,6.45,6.441458773784356
20230612093145020,6.46,6.45,6.441458773784356
20230612093145600,6.46,6.45,6.441458773784356
20230612093147300,6.46,6.45,6.441458773784356
20230612093147600,6.46,6.45,6.441458773784356
20230612093147640,6.46,6.45,6.441458773784356
20230612093148120,6.46,6.45,6.441458773784356
20230612093148250,6.46,6.45,6.441458773784356
20230612093149780,6.46,6.45,6.441458773784356
20230612093150050,6.46,6.45,6.441458773784356
20230612093151010,6.46,6.45,6.441458773784356
20230612093152560,6.46,6.45,6.441458773784356
20230612093153430,6.46,6.45,6.441458773784356
20230612093155170,6.46,6.45,6.441458773784356
20230612093155230,6.46,6.45,6.441458773784356
20230612093155310,6.46,6.45,6.44203949608444
20230612093155380,6.46,6.45,6.44220310391363
20230612093155570,6.46,6.45,6.442357804232804
20230612093155590,6.46,6.45,6.442357804232804
20230612093155950,6.46,6.45,6.442430396331477
20230612093158010,6.46,6.45,6.442430396331477
20230612093158080,6.46,6.45,6.442471470492338
20230612093158160,6.46,6.45,6.442471470492338
20230612093158240,6.46,6.45,6.442471470492338
20230612093158640,6.46,6.45,6.442471470492338
20230612093158690,6.46,6.45,6.442471470492338
20230612093201100,6.46,6.45,6.442471470492338
20230612093201210,6.46,6.45,6.442471470492338
20230612093201420,6.46,6.45,6.442471470492338
20230612093201670,6.46,6.45,6.443057043807123
20230612093203250,6.46,6.45,6.443057043807123
20230612093203650,6.46,6.45,6.443057043807123
20230612093203670,6.46,6.45,6.44363387978142
20230612093204190,6.46,6.45,6.44363387978142
20230612093204230,6.46,6.45,6.44363387978142
20230612093204300,6.46,6.45,6.44363387978142
20230612093204410,6.46,6.45,6.44363387978142
20230612093204420,6.46,6.45,6.44363387978142
20230612093206470,6.46,6.45,6.44363387978142
20230612093206490,6.46,6.45,6.44363387978142
20230612093206730,6.46,6.45,6.4442088423502035
20230612093206990,6.46,6.45,6.4442088423502035
20230612093208730,6.46,6.46,6.4444029850746265
20230612093208870,6.46,6.46,6.4444029850746265
20230612093209110,6.46,6.46,6.4444029850746265
20230612093209290,6.46,6.46,6.44448670288819
20230612093209360,6.46,6.46,6.44448670288819
20230612093209400,6.46,6.46,6.44448670288819
20230612093209420,6.46,6.46,6.444491137793024
20230612093209850,6.46,6.46,6.444513274336283
20230612093211340,6.46,6.46,6.444513274336283
20230612093211600,6.46,6.46,6.444513274336283
20230612093212400,6.46,6.46,6.444513274336283
20230612093212490,6.46,6.46,6.444513274336283
20230612093214570,6.46,6.46,6.444513274336283
20230612093214750,6.46,6.46,6.444513274336283
20230612093214970,6.46,6.46,6.444513274336283
20230612093216810,6.46,6.46,6.444513274336283
20230612093216960,6.46,6.46,6.444583688547883
20230612093217040,6.46,6.46,6.444583688547883
20230612093217090,6.46,6.46,6.444583688547883
20230612093219520,6.46,6.46,6.444583688547883
20230612093220060,6.46,6.46,6.444583688547883
20230612093220070,6.46,6.46,6.444583688547883
20230612093220280,6.46,6.46,6.4446125461254615
20230612093222160,6.46,6.46,6.4446125461254615
20230612093222260,6.46,6.46,6.4446125461254615
20230612093222420,6.46,6.46,6.444753729242893
20230612093222620,6.46,6.47,6.445635775862069
20230612093222700,6.47,6.47,6.446099365750529
20230612093222760,6.47,6.47,6.446099365750529
20230612093222770,6.47,6.47,6.446099365750529
20230612093222790,6.47,6.47,6.447547169811321
20230612093222840,6.48,6.47,6.448275282248378
20230612093222900,6.48,6.47,6.448275282248378
20230612093223100,6.48,6.47,6.4486647794291105
20230612093223280,6.48,6.47,6.4486647794291105
20230612093223360,6.48,6.46,6.4486647794291105
20230612093225310,6.48,6.46,6.4486647794291105
20230612093225350,6.48,6.46,6.4486647794291105
20230612093225750,6.48,6.46,6.4486647794291105
20230612093226060,6.48,6.46,6.4486647794291105
20230612093227820,6.48,6.46,6.4486647794291105
20230612093227860,6.48,6.46,6.4486647794291105
20230612093228420,6.48,6.46,6.4486647794291105
20230612093228670,6.48,6.47,6.4486647794291105
20230612093228710,6.48,6.47,6.4486647794291105
20230612093230430,6.48,6.47,6.4486647794291105
20230612093230570,6.48,6.47,6.4486647794291105
20230612093230660,6.48,6.47,6.4486647794291105
20230612093230970,6.48,6.47,6.4486647794291105
20230612093231050,6.48,6.47,6.4486647794291105
20230612093231190,6.48,6.47,6.4486647794291105
20230612093231490,6.48,6.47,6.4486647794291105
20230612093233270,6.48,6.47,6.4486647794291105
20230612093233540,6.48,6.47,6.4486647794291105
20230612093233560,6.48,6.46,6.450464813205908
20230612093234140,6.48,6.46,6.4507450224791265
20230612093234170,6.48,6.46,6.4507450224791265
20230612093235750,6.48,6.48,6.4507450224791265
20230612093235770,6.48,6.48,6.4507450224791265
20230612093235960,6.48,6.48,6.4507450224791265
20230612093236040,6.48,6.48,6.4507450224791265
20230612093238470,6.48,6.48,6.4507450224791265
20230612093239360,6.48,6.48,6.4507450224791265
20230612093241460,6.48,6.48,6.4507450224791265
20230612093241520,6.48,6.48,6.4509577404969205
20230612093242120,6.48,6.48,6.4509577404969205
20230612093242180,6.48,6.48,6.451202358391241
20230612093243750,6.48,6.48,6.451845102505695
20230612093243920,6.48,6.48,6.451845102505695
20230612093243950,6.48,6.48,6.452313356514624
20230612093244060,6.49,6.48,6.452428629690049
20230612093244090,6.49,6.48,6.452428629690049
20230612093244200,6.49,6.48,6.452428629690049
20230612093244300,6.49,6.48,6.452428629690049
20230612093244520,6.49,6.48,6.452428629690049
20230612093244790,6.5,6.48,6.452428629690049
20230612093246480,6.5,6.48,6.452428629690049
20230612093246490,6.5,6.48,6.452428629690049
20230612093246780,6.5,6.48,6.452428629690049
20230612093247040,6.5,6.48,6.452428629690049
20230612093247090,6.5,6.48,6.452428629690049
20230612093247340,6.5,6.48,6.452428629690049
20230612093247380,6.5,6.48,6.452428629690049
20230612093247470,6.5,6.48,6.452428629690049
20230612093249210,6.5,6.49,6.452428629690049
20230612093249230,6.5,6.49,6.45573368049098
20230612093249260,6.5,6.49,6.45573368049098
20230612093249270,6.5,6.49,6.45573368049098
20230612093249320,6.5,6.49,6.45573368049098
20230612093249540,6.5,6.49,6.45573368049098
20230612093250040,6.5,6.47,6.456189258312021
20230612093250100,6.5,6.49,6.456189258312021
20230612093250230,6.5,6.49,6.456189258312021
20230612093251890,6.5,6.49,6.456189258312021
20230612093251970,6.5,6.49,6.456189258312021
20230612093252080,6.5,6.49,6.456189258312021
20230612093252090,6.5,6.49,6.456189258312021
20230612093252180,6.5,6.49,6.456189258312021
20230612093252190,6.5,6.49,6.456189258312021
20230612093252440,6.5,6.49,6.456189258312021
20230612093252630,6.5,6.49,6.456189258312021
20230612093252790,6.5,6.49,6.456189258312021
20230612093252850,6.5,6.49,6.456189258312021
20230612093253090,6.5,6.49,6.456189258312021
20230612093254690,6.5,6.49,6.456189258312021
20230612093255400,6.5,6.49,6.456189258312021
20230612093255550,6.5,6.49,6.456189258312021
20230612093255690,6.5,6.49,6.456189258312021
20230612093257260,6.5,6.49,6.456189258312021
20230612093257560,6.5,6.49,6.456189258312021
20230612093257720,6.5,6.49,6.456189258312021
20230612093257740,6.5,6.49,6.456189258312021
20230612093257850,6.5,6.49,6.456189258312021
20230612093258110,6.5,6.49,6.456189258312021
20230612093258190,6.5,6.49,6.456189258312021
20230612093258210,6.5,6.49,6.456189258312021
20230612093258320,6.5,6.49,6.456615495755824
20230612093258340,6.5,6.49,6.456615495755824
20230612093258360,6.5,6.49,6.456615495755824
20230612093258380,6.5,6.49,6.456615495755824
20230612093258390,6.5,6.49,6.456615495755824
20230612093258430,6.5,6.49,6.456615495755824
20230612093300260,6.5,6.49,6.456744688512783
20230612093300270,6.5,6.49,6.456750675067506
20230612093300280,6.5,6.49,6.456750675067506
20230612093300410,6.5,6.49,6.456750675067506
20230612093300470,6.5,6.49,6.456750675067506
20230612093300590,6.5,6.49,6.456999463231347
20230612093300600,6.5,6.49,6.456999463231347
20230612093302720,6.5,6.49,6.456999463231347
20230612093302800,6.5,6.49,6.456999463231347
20230612093302930,6.5,6.49,6.457176198111527
20230612093303490,6.5,6.49,6.457176198111527
20230612093305350,6.5,6.49,6.457176198111527
20230612093305470,6.5,6.49,6.457176198111527
20230612093305740,6.5,6.49,6.457176198111527
20230612093305920,6.5,6.49,6.457176198111527
20230612093306030,6.5,6.48,6.457934877241859
20230612093306070,6.5,6.48,6.457934877241859
20230612093306090,6.5,6.48,6.457934877241859
20230612093306110,6.5,6.48,6.457996176572819
20230612093308060,6.5,6.48,6.457996176572819
20230612093308090,6.5,6.48,6.457996176572819
20230612093308170,6.5,6.48,6.457996176572819
20230612093308240,6.5,6.48,6.457996176572819
20230612093308330,6.5,6.48,6.457996176572819
20230612093308370,6.5,6.48,6.457996176572819
20230612093308520,6.5,6.48,6.457996176572819
20230612093308540,6.5,6.48,6.457996176572819
20230612093308560,6.5,6.48,6.457996176572819
20230612093308620,6.5,6.48,6.457996176572819
20230612093308640,6.5,6.48,6.457996176572819
20230612093308730,6.5,6.48,6.457996176572819
20230612093308760,6.5,6.48,6.457996176572819
20230612093308850,6.5,6.48,6.457996176572819
20230612093308910,6.5,6.48,6.457996176572819
20230612093309100,6.5,6.48,6.457996176572819
20230612093309160,6.5,6.48,6.457996176572819
20230612093309260,6.5,6.48,6.457996176572819
20230612093309270,6.5,6.48,6.457996176572819
20230612093310840,6.5,6.48,6.457996176572819
20230612093311000,6.5,6.49,6.457996176572819
20230612093311070,6.5,6.49,6.457996176572819
20230612093311230,6.5,6.49,6.457996176572819
20230612093311260,6.5,6.49,6.457996176572819
20230612093311550,6.5,6.49,6.457996176572819
20230612093311590,6.5,6.49,6.457996176572819
20230612093311650,6.5,6.49,6.457996176572819
20230612093311730,6.5,6.49,6.458145649541602
20230612093311790,6.5,6.49,6.458145649541602
20230612093313470,6.5,6.49,6.458145649541602
20230612093313520,6.5,6.49,6.458145649541602
20230612093313570,6.5,6.49,6.458145649541602
20230612093313670,6.5,6.49,6.458145649541602
20230612093313730,6.5,6.49,6.458145649541602
20230612093313750,6.5,6.49,6.458530367835757
20230612093313810,6.5,6.49,6.458530367835757
20230612093314060,6.5,6.49,6.458530367835757
20230612093314110,6.5,6.49,6.458541132204549
20230612093314250,6.5,6.49,6.458541132204549
20230612093314260,6.5,6.49,6.458594843776678
20230612093314310,6.5,6.49,6.458594843776678
20230612093314560,6.5,6.49,6.458594843776678
20230612093314710,6.5,6.49,6.458594843776678
20230612093316180,6.5,6.49,6.458594843776678
20230612093316290,6.5,6.49,6.458594843776678
20230612093316750,6.5,6.49,6.458594843776678
20230612093317150,6.5,6.49,6.459761630774289
20230612093317400,6.5,6.49,6.459761630774289
20230612093319070,6.5,6.49,6.459761630774289
20230612093319150,6.5,6.49,6.459761630774289
20230612093319300,6.5,6.49,6.459761630774289
20230612093319430,6.5,6.49,6.459761630774289
20230612093319610,6.5,6.52,6.459761630774289
20230612093319620,6.5,6.52,6.459761630774289
20230612093319820,6.5,6.52,6.459761630774289
20230612093319880,6.5,6.49,6.459761630774289
20230612093319910,6.5,6.49,6.459761630774289
20230612093319920,6.5,6.49,6.459761630774289
20230612093319970,6.5,6.49,6.459761630774289
20230612093320060,6.5,6.49,6.459761630774289
20230612093321600,6.5,6.49,6.459761630774289
20230612093321860,6.5,6.49,6.459761630774289
20230612093321900,6.5,6.49,6.459761630774289
20230612093322160,6.5,6.49,6.459761630774289
20230612093322180,6.5,6.49,6.459761630774289
20230612093322710,6.5,6.49,6.459761630774289
20230612093322770,6.5,6.49,6.459761630774289
20230612093324420,6.5,6.49,6.459761630774289
20230612093324480,6.5,6.49,6.459761630774289
20230612093324760,6.5,6.49,6.459761630774289
20230612093324860,6.5,6.49,6.459761630774289
20230612093324890,6.5,6.49,6.459761630774289
20230612093324950,6.5,6.49,6.459761630774289
20230612093325160,6.5,6.49,6.459761630774289
20230612093325180,6.5,6.49,6.459761630774289
20230612093325250,6.5,6.49,6.459761630774289
20230612093325280,6.5,6.49,6.459761630774289
20230612093325300,6.5,6.49,6.459761630774289
20230612093325470,6.5,6.49,6.461945778466305
20230612093326990,6.49,6.49,6.461945778466305
20230612093327000,6.5,6.49,6.4621956087824355
20230612093327070,6.5,6.49,6.4621956087824355
20230612093327080,6.5,6.49,6.462637329286798
20230612093327150,6.49,6.49,6.462637329286798
20230612093327160,6.49,6.49,6.462691200969257
20230612093327170,6.5,6.49,6.462762175398289
20230612093327220,6.5,6.49,6.462762175398289
20230612093327330,6.5,6.49,6.462762175398289
20230612093327570,6.5,6.49,6.462762175398289
20230612093327580,6.5,6.49,6.462762175398289
20230612093327610,6.5,6.49,6.462840809677517
20230612093327640,6.5,6.49,6.462840809677517
20230612093327830,6.5,6.49,6.462840809677517
20230612093327950,6.5,6.49,6.462840809677517
20230612093328160,6.5,6.49,6.462840809677517
20230612093330070,6.5,6.49,6.462840809677517
20230612093330110,6.5,6.49,6.462840809677517
20230612093330300,6.5,6.49,6.462840809677517
20230612093330360,6.49,6.49,6.46346645320051
20230612093330370,6.49,6.49,6.463478247984828
20230612093330410,6.49,6.49,6.463478247984828
20230612093330560,6.49,6.49,6.463478247984828
20230612093330590,6.49,6.49,6.463669422460208
20230612093332470,6.5,6.49,6.463669422460208
20230612093332850,6.5,6.49,6.463669422460208
20230612093333030,6.49,6.49,6.463669422460208
20230612093333070,6.5,6.49,6.463669422460208
20230612093333600,6.49,6.49,6.463669422460208
20230612093335030,6.49,6.49,6.463669422460208
20230612093335110,6.49,6.49,6.463669422460208
20230612093335160,6.49,6.49,6.463669422460208
20230612093335200,6.49,6.49,6.463669422460208
20230612093335280,6.49,6.49,6.463669422460208
20230612093335340,6.49,6.49,6.463669422460208
20230612093335400,6.49,6.49,6.463669422460208
20230612093335670,6.49,6.49,6.463669422460208
20230612093335710,6.49,6.49,6.463669422460208
20230612093336040,6.49,6.49,6.464148972997923
20230612093336060,6.49,6.49,6.464210768655214
20230612093336100,6.49,6.49,6.464210768655214
20230612093336200,6.49,6.49,6.464210768655214
20230612093337800,6.49,6.49,6.464210768655214
20230612093338050,6.49,6.49,6.464210768655214
20230612093338140,6.49,6.49,6.464210768655214
20230612093338180,6.49,6.49,6.464210768655214
20230612093338650,6.49,6.49,6.464210768655214
20230612093340940,6.49,6.49,6.464210768655214
20230612093341130,6.49,6.49,6.464210768655214
20230612093341220,6.49,6.49,6.464210768655214
20230612093341350,6.49,6.49,6.464210768655214
20230612093341540,6.49,6.49,6.464210768655214
20230612093343160,6.49,6.49,6.464210768655214
20230612093343220,6.49,6.49,6.464210768655214
20230612093343620,6.49,6.49,6.464210768655214
20230612093343980,6.49,6.49,6.464210768655214
20230612093344010,6.49,6.49,6.464210768655214
20230612093344140,6.49,6.49,6.464210768655214
20230612093344240,6.49,6.49,6.464210768655214
20230612093344270,6.49,6.49,6.464210768655214
20230612093345850,6.49,6.49,6.464210768655214
20230612093346020,6.49,6.49,6.464210768655214
20230612093346110,6.49,6.49,6.464210768655214
20230612093346190,6.49,6.49,6.464210768655214
20230612093346210,6.49,6.49,6.464210768655214
20230612093346230,6.49,6.49,6.464210768655214
20230612093346400,6.49,6.49,6.464210768655214
20230612093346600,6.49,6.49,6.464210768655214
20230612093346770,6.49,6.49,6.464210768655214
20230612093346820,6.49,6.49,6.464210768655214
20230612093348770,6.49,6.49,6.464210768655214
20230612093348810,6.49,6.49,6.464210768655214
20230612093348840,6.49,6.49,6.464210768655214
20230612093349230,6.49,6.49,6.464210768655214
20230612093349240,6.49,6.49,6.464210768655214
20230612093349320,6.49,6.49,6.464210768655214
20230612093349470,6.49,6.49,6.464210768655214
20230612093351310,6.49,6.49,6.464210768655214
20230612093351320,6.49,6.49,6.464210768655214
20230612093351450,6.49,6.49,6.464392712550608
20230612093351590,6.49,6.49,6.464392712550608
20230612093351610,6.49,6.49,6.464392712550608
20230612093351620,6.49,6.49,6.464392712550608
20230612093351700,6.49,6.49,6.464392712550608
20230612093352050,6.49,6.49,6.464392712550608
20230612093352060,6.49,6.49,6.464392712550608
20230612093352110,6.49,6.49,6.464392712550608
20230612093354060,6.49,6.49,6.464392712550608
20230612093354240,6.49,6.49,6.464392712550608
20230612093354580,6.49,6.49,6.464392712550608
20230612093354720,6.49,6.49,6.464392712550608
20230612093354780,6.49,6.49,6.464392712550608
20230612093356690,6.49,6.49,6.464392712550608
20230612093356730,6.49,6.49,6.464392712550608
20230612093356940,6.49,6.49,6.465002087450249
20230612093356990,6.49,6.49,6.465002087450249
20230612093357070,6.49,6.49,6.465005565759448
20230612093357080,6.49,6.49,6.465005565759448
20230612093357120,6.49,6.49,6.465005565759448
20230612093357260,6.49,6.49,6.465019469321912
20230612093357280,6.49,6.49,6.465019469321912
20230612093357450,6.49,6.49,6.465019469321912
20230612093357560,6.49,6.49,6.465019469321912
20230612093357650,6.49,6.49,6.465123255040993
20230612093359540,6.49,6.49,6.465123255040993
20230612093359760,6.49,6.49,6.465154094916941
20230612093359820,6.49,6.49,6.465154094916941
20230612093359960,6.49,6.49,6.465231653331134
20230612093400110,6.49,6.49,6.465231653331134
20230612093400580,6.49,6.49,6.465231653331134
20230612093400590,6.49,6.49,6.465231653331134
20230612093402170,6.49,6.49,6.465233683400231
20230612093402550,6.49,6.49,6.465233683400231
20230612093402610,6.49,6.49,6.465243892385062
20230612093402710,6.49,6.49,6.465243892385062
20230612093402980,6.49,6.49,6.465243892385062
20230612093403000,6.49,6.49,6.465243892385062
20230612093403200,6.49,6.49,6.465243892385062
20230612093404790,6.49,6.49,6.465243892385062
20230612093405100,6.49,6.49,6.465243892385062
20230612093405180,6.49,6.49,6.465243892385062
20230612093405280,6.49,6.49,6.465243892385062
20230612093405330,6.49,6.49,6.465243892385062
20230612093405530,6.49,6.49,6.465243892385062
20230612093405540,6.49,6.49,6.465243892385062
20230612093405690,6.49,6.49,6.465243892385062
20230612093406000,6.49,6.49,6.465243892385062
20230612093407460,6.49,6.49,6.465243892385062
20230612093407820,6.49,6.49,6.465243892385062
20230612093407860,6.49,6.49,6.465243892385062
20230612093408000,6.49,6.49,6.465243892385062
20230612093408250,6.49,6.49,6.465243892385062
20230612093408300,6.49,6.49,6.465243892385062
20230612093408330,6.49,6.49,6.465243892385062
20230612093408480,6.49,6.49,6.465243892385062
20230612093410600,6.48,6.49,6.465243892385062
20230612093410730,6.48,6.49,6.465243892385062
20230612093410790,6.48,6.49,6.465243892385062
20230612093410860,6.48,6.49,6.465243892385062
20230612093411190,6.48,6.49,6.465243892385062
20230612093411210,6.48,6.49,6.465243892385062
20230612093411250,6.48,6.49,6.465243892385062
20230612093411400,6.48,6.49,6.465243892385062
20230612093412860,6.48,6.49,6.465243892385062
20230612093412900,6.48,6.49,6.465243892385062
20230612093413040,6.48,6.49,6.465243892385062
20230612093413220,6.48,6.49,6.465243892385062
20230612093413290,6.48,6.49,6.465243892385062
20230612093413380,6.48,6.49,6.465302603896282
20230612093413540,6.48,6.49,6.465303245546935
20230612093413550,6.48,6.49,6.465303245546935
20230612093413770,6.48,6.49,6.465303245546935
20230612093413820,6.48,6.49,6.465303245546935
20230612093413960,6.48,6.49,6.465303245546935
20230612093414030,6.48,6.49,6.465303245546935
20230612093415630,6.48,6.49,6.465303245546935
20230612093415780,6.48,6.49,6.465303245546935
20230612093415970,6.48,6.49,6.465303245546935
20230612093416020,6.48,6.49,6.465303245546935
20230612093416090,6.48,6.49,6.465303245546935
20230612093416330,6.48,6.49,6.465303245546935
20230612093416450,6.48,6.49,6.465303245546935
20230612093416550,6.48,6.49,6.465303245546935
20230612093416730,6.47,6.49,6.465303245546935
20230612093418260,6.47,6.49,6.465303245546935
20230612093418290,6.47,6.49,6.465303245546935
20230612093418470,6.47,6.49,6.465303245546935
20230612093418760,6.47,6.49,6.465303245546935
20230612093419000,6.47,6.49,6.465303245546935
20230612093419340,6.47,6.49,6.465303245546935
20230612093419460,6.47,6.49,6.465303245546935
20230612093419500,6.47,6.49,6.465303245546935
20230612093421060,6.47,6.49,6.465303245546935
20230612093421140,6.47,6.49,6.465303245546935
20230612093421150,6.47,6.49,6.465303245546935
20230612093421190,6.47,6.49,6.465303245546935
20230612093421500,6.47,6.49,6.465303245546935
20230612093421550,6.47,6.49,6.465303245546935
20230612093421570,6.47,6.49,6.465303245546935
20230612093421930,6.47,6.49,6.465303245546935
20230612093422010,6.47,6.49,6.465303245546935
20230612093423660,6.47,6.49,6.465303245546935
20230612093423680,6.47,6.49,6.465303245546935
20230612093424040,6.47,6.49,6.465303245546935
20230612093424150,6.47,6.49,6.465327410064123
20230612093424270,6.47,6.49,6.465327410064123
20230612093424480,6.47,6.49,6.465327410064123
20230612093426440,6.47,6.49,6.465327410064123
20230612093426490,6.47,6.49,6.465327410064123
20230612093426570,6.47,6.49,6.465327410064123
20230612093426820,6.47,6.49,6.465327410064123
20230612093426950,6.47,6.49,6.465327410064123
20230612093427200,6.47,6.49,6.465327410064123
20230612093427260,6.47,6.49,6.465327410064123
20230612093427550,6.47,6.49,6.465327410064123
20230612093429130,6.47,6.49,6.465327410064123
20230612093429180,6.47,6.49,6.465327410064123
20230612093429290,6.47,6.49,6.465327410064123
20230612093429460,6.47,6.49,6.465327410064123
20230612093429690,6.47,6.49,6.465309760848394
20230612093429760,6.47,6.49,6.465309760848394
20230612093429830,6.47,6.49,6.465309760848394
20230612093429990,6.47,6.49,6.465309760848394
20230612093430170,6.47,6.49,6.465309760848394
20230612093431730,6.47,6.49,6.465309760848394
20230612093432000,6.46,6.49,6.465309760848394
20230612093432030,6.46,6.49,6.465309760848394
20230612093432120,6.46,6.49,6.465290995311743
20230612093432240,6.46,6.49,6.465290995311743
20230612093432410,6.46,6.49,6.465290995311743
20230612093432640,6.46,6.49,6.465290995311743
20230612093432980,6.46,6.49,6.465290995311743
20230612093434990,6.46,6.49,6.465290995311743
20230612093435100,6.46,6.49,6.465290995311743
20230612093435300,6.46,6.49,6.465288145634728
20230612093435370,6.46,6.49,6.465288145634728
20230612093435460,6.46,6.49,6.465288145634728
20230612093435500,6.46,6.49,6.465288145634728
20230612093437220,6.46,6.49,6.465288145634728
20230612093437400,6.46,6.49,6.465288145634728
20230612093437440,6.46,6.49,6.465288145634728
20230612093437540,6.46,6.49,6.465288145634728
20230612093437690,6.46,6.49,6.465288145634728
20230612093437740,6.46,6.49,6.465288145634728
20230612093437780,6.46,6.49,6.465288145634728
20230612093437800,6.46,6.49,6.465288145634728
20230612093437860,6.46,6.49,6.465288145634728
20230612093437930,6.46,6.49,6.465288145634728
20230612093438010,6.46,6.49,6.465288145634728
20230612093439950,6.46,6.49,6.465288145634728
20230612093440030,6.46,6.49,6.465288145634728
20230612093440150,6.46,6.49,6.465288145634728
20230612093440170,6.46,6.49,6.465288145634728
20230612093440250,6.46,6.49,6.465288145634728
20230612093440300,6.46,6.49,6.465288145634728
20230612093440310,6.46,6.49,6.465288145634728
20230612093440440,6.46,6.49,6.465288145634728
20230612093440580,6.46,6.49,6.465288145634728
20230612093440650,6.46,6.46,6.465092260445431
20230612093440690,6.46,6.46,6.465092260445431
20230612093440720,6.46,6.46,6.465092260445431
20230612093440750,6.46,6.46,6.465092260445431
20230612093441000,6.46,6.46,6.465092260445431
20230612093441040,6.46,6.46,6.465092260445431
20230612093441070,6.46,6.46,6.465072623974909
20230612093443010,6.46,6.46,6.465072623974909
20230612093443070,6.46,6.46,6.465072623974909
20230612093443210,6.46,6.46,6.465072623974909
20230612093443350,6.46,6.46,6.465072623974909
20230612093445310,6.46,6.46,6.465072623974909
20230612093445510,6.46,6.46,6.465072623974909
20230612093445590,6.46,6.46,6.465072623974909
20230612093445770,6.46,6.46,6.465072623974909
20230612093446210,6.46,6.46,6.465072623974909
20230612093446390,6.46,6.46,6.465072623974909
20230612093447960,6.47,6.46,6.465072623974909
20230612093448010,6.47,6.46,6.465072623974909
20230612093448050,6.46,6.46,6.465024690420117
20230612093448300,6.46,6.46,6.465024690420117
20230612093448380,6.46,6.46,6.465024690420117
20230612093448820,6.46,6.46,6.465024690420117
20230612093448920,6.47,6.46,6.465022146852616
20230612093449020,6.48,6.46,6.465022146852616
20230612093449040,6.48,6.46,6.465022146852616
20230612093450700,6.48,6.46,6.465022146852616
20230612093451050,6.48,6.46,6.465022146852616
20230612093451130,6.48,6.46,6.465022146852616
20230612093451460,6.48,6.46,6.465022146852616
20230612093451560,6.48,6.46,6.465022146852616
20230612093451740,6.48,6.46,6.465022146852616
20230612093451840,6.48,6.46,6.465022146852616
20230612093453340,6.48,6.46,6.465022146852616
20230612093453790,6.48,6.46,6.465022146852616
20230612093454570,6.48,6.46,6.465022146852616
20230612093456370,6.48,6.46,6.465022146852616
20230612093456410,6.48,6.46,6.465022146852616
20230612093456470,6.48,6.46,6.465022146852616
20230612093456790,6.48,6.47,6.465022146852616
20230612093456820,6.48,6.47,6.465022146852616
20230612093458870,6.48,6.46,6.465022146852616
20230612093458880,6.48,6.46,6.465022146852616
20230612093458960,6.48,6.46,6.465022146852616
20230612093458970,6.48,6.46,6.465022146852616
20230612093459080,6.48,6.46,6.465022146852616
20230612093459170,6.48,6.46,6.465022146852616
20230612093459360,6.48,6.46,6.465022146852616
20230612093459590,6.48,6.46,6.465022146852616
20230612093459650,6.48,6.46,6.465022146852616
20230612093459910,6.48,6.46,6.465022146852616
20230612093501530,6.48,6.47,6.465022146852616
20230612093501710,6.48,6.47,6.465022146852616
20230612093501880,6.48,6.47,6.465022146852616
20230612093501900,6.48,6.47,6.465022146852616
20230612093501970,6.48,6.47,6.465022146852616
20230612093502100,6.48,6.47,6.465022146852616
20230612093502380,6.48,6.47,6.465022146852616
20230612093502500,6.48,6.46,6.465022146852616
20230612093504230,6.48,6.46,6.465022146852616
20230612093504500,6.48,6.46,6.465022146852616
20230612093505200,6.48,6.46,6.465022146852616
20230612093505240,6.48,6.46,6.465022146852616
20230612093505370,6.48,6.46,6.465022146852616
20230612093507020,6.48,6.46,6.465022146852616
20230612093507130,6.48,6.46,6.465022146852616
20230612093507760,6.48,6.46,6.465022146852616
20230612093507770,6.48,6.46,6.465022146852616
20230612093507790,6.48,6.46,6.465022146852616
20230612093508010,6.48,6.46,6.465022146852616
20230612093509540,6.48,6.46,6.465022146852616
20230612093509570,6.48,6.47,6.465022146852616
20230612093509580,6.48,6.47,6.465022146852616
20230612093509600,6.48,6.47,6.465022146852616
20230612093509610,6.48,6.47,6.465022146852616
20230612093509840,6.48,6.47,6.465022146852616
20230612093509900,6.48,6.47,6.465022146852616
20230612093510140,6.48,6.47,6.465022146852616
20230612093510730,6.48,6.47,6.465022146852616
20230612093512400,6.48,6.47,6.465022146852616
20230612093512600,6.48,6.47,6.465022146852616
20230612093512630,6.48,6.47,6.465022146852616
20230612093512780,6.48,6.47,6.465022146852616
20230612093513260,6.48,6.47,6.465022146852616
20230612093515410,6.48,6.47,6.465022146852616
20230612093515600,6.48,6.47,6.465149514567911
20230612093515790,6.48,6.47,6.465149514567911
20230612093516180,6.48,6.47,6.465149514567911
20230612093517770,6.48,6.47,6.465151351705761
20230612093517800,6.48,6.47,6.465151351705761
20230612093518240,6.48,6.47,6.465151351705761
20230612093518820,6.48,6.47,6.465151351705761
20230612093518840,6.48,6.47,6.465151351705761
20230612093518860,6.48,6.47,6.465151351705761
20230612093520370,6.48,6.47,6.465151351705761
20230612093520460,6.48,6.47,6.465151351705761
20230612093520530,6.48,6.47,6.465169698115399
20230612093520580,6.48,6.47,6.465169698115399
20230612093520600,6.48,6.47,6.465169698115399
20230612093520640,6.48,6.47,6.465169698115399
20230612093520800,6.48,6.47,6.4651861711646665
20230612093521140,6.48,6.47,6.4651861711646665
20230612093521280,6.48,6.47,6.4651861711646665
20230612093523040,6.48,6.47,6.4651861711646665
20230612093523210,6.48,6.47,6.4651861711646665
20230612093523220,6.48,6.47,6.4651861711646665
20230612093523440,6.48,6.47,6.465203539365469
20230612093523520,6.48,6.47,6.465203539365469
20230612093523530,6.48,6.47,6.465203539365469
20230612093523920,6.48,6.47,6.465203539365469
20230612093523950,6.48,6.47,6.465203539365469
20230612093524020,6.48,6.47,6.465203539365469
20230612093524110,6.48,6.47,6.465203539365469
20230612093524160,6.48,6.47,6.465203539365469
20230612093524220,6.48,6.47,6.465203539365469
20230612093525830,6.48,6.47,6.465203539365469
20230612093525860,6.48,6.47,6.465203539365469
20230612093525910,6.48,6.47,6.465203539365469
20230612093526370,6.48,6.47,6.465203539365469
20230612093526530,6.48,6.47,6.465203539365469
20230612093526790,6.48,6.47,6.465219914196021
20230612093526990,6.48,6.47,6.465219914196021
20230612093528590,6.48,6.47,6.465219914196021
20230612093529400,6.48,6.47,6.465219914196021
20230612093529460,6.48,6.47,6.465227180270608
20230612093529570,6.48,6.47,6.465227180270608
20230612093529620,6.48,6.47,6.465227180270608
20230612093531360,6.48,6.46,6.465345765718258
20230612093531580,6.48,6.46,6.465345765718258
20230612093531700,6.48,6.46,6.465345765718258
20230612093532330,6.48,6.46,6.465345765718258
20230612093533890,6.48,6.46,6.465345765718258
20230612093534080,6.48,6.46,6.465345765718258
20230612093534090,6.48,6.46,6.4653578331932735
20230612093534160,6.48,6.47,6.4653578331932735
20230612093534200,6.48,6.46,6.465441745926106
20230612093534210,6.48,6.46,6.465441745926106
20230612093534240,6.48,6.46,6.465441745926106
20230612093534730,6.48,6.46,6.465441745926106
20230612093535070,6.48,6.46,6.465448577988594
20230612093536560,6.48,6.46,6.465448577988594
20230612093536570,6.47,6.46,6.465448577988594
20230612093536600,6.47,6.46,6.465448577988594
20230612093536630,6.47,6.46,6.465448577988594
20230612093536680,6.47,6.46,6.465448577988594
20230612093536850,6.47,6.46,6.465448577988594
20230612093537000,6.47,6.46,6.465448577988594
20230612093537020,6.47,6.46,6.465448577988594
20230612093537050,6.47,6.46,6.465448577988594
20230612093537070,6.47,6.46,6.465448577988594
20230612093537080,6.47,6.46,6.465448577988594
20230612093537110,6.47,6.46,6.465448577988594
20230612093537170,6.47,6.46,6.465448577988594
20230612093537310,6.47,6.46,6.465451034809299
20230612093539380,6.47,6.46,6.465451034809299
20230612093539480,6.47,6.46,6.465451034809299
20230612093539600,6.47,6.46,6.465451034809299
20230612093540160,6.47,6.46,6.465451034809299
20230612093540350,6.47,6.46,6.465451034809299
20230612093542050,6.47,6.46,6.465451034809299
20230612093542890,6.47,6.46,6.465449118914087
20230612093543080,6.47,6.46,6.465601596753253
20230612093543110,6.47,6.46,6.465601596753253
20230612093544750,6.47,6.46,6.465601596753253
20230612093544920,6.47,6.46,6.465601596753253
20230612093545040,6.47,6.46,6.465601596753253
20230612093545360,6.47,6.46,6.465601596753253
20230612093545540,6.47,6.46,6.465601596753253
20230612093545820,6.47,6.46,6.465601596753253
20230612093545850,6.47,6.46,6.465601596753253
20230612093547600,6.47,6.46,6.465601596753253
20230612093548100,6.47,6.46,6.465601596753253
20230612093548450,6.47,6.46,6.465601596753253
20230612093548570,6.47,6.46,6.465601596753253
20230612093551050,6.47,6.46,6.465601596753253
20230612093551250,6.47,6.46,6.465601596753253
20230612093551260,6.47,6.46,6.465601596753253
20230612093553010,6.47,6.46,6.465603580363696
20230612093553100,6.47,6.46,6.465603580363696
20230612093553310,6.47,6.46,6.465603580363696
20230612093553860,6.47,6.46,6.465603580363696
20230612093553900,6.47,6.46,6.465603580363696
20230612093555760,6.47,6.46,6.465584690808125
20230612093555850,6.47,6.46,6.465584690808125
20230612093556000,6.47,6.46,6.465584690808125
20230612093556190,6.47,6.46,6.465587665586059
20230612093558430,6.47,6.46,6.465587665586059
20230612093558480,6.47,6.46,6.465587665586059
20230612093558500,6.47,6.46,6.465579520748467
20230612093558600,6.47,6.46,6.465579520748467
20230612093558650,6.47,6.46,6.465569528870702
20230612093559120,6.47,6.46,6.465569528870702
20230612093559170,6.47,6.46,6.4655715115192836
20230612093600930,6.47,6.46,6.4655715115192836
20230612093601030,6.47,6.46,6.4655715115192836
20230612093601100,6.47,6.46,6.4655715115192836
20230612093601770,6.47,6.46,6.465569019367089
20230612093601820,6.47,6.46,6.46556839667736
20230612093601950,6.47,6.46,6.46556839667736
20230612093602040,6.47,6.46,6.46556839667736
20230612093602050,6.47,6.46,6.46556839667736
20230612093602060,6.47,6.46,6.46556839667736
20230612093603630,6.47,6.46,6.46556839667736
20230612093604350,6.47,6.46,6.4655671517155575
20230612093604470,6.47,6.46,6.4655671517155575
20230612093604510,6.47,6.46,6.4655671517155575
20230612093604570,6.47,6.46,6.465565285316293
20230612093604730,6.47,6.46,6.465565285316293
20230612093606250,6.47,6.46,6.465565285316293
20230612093606430,6.47,6.46,6.465565285316293
20230612093606510,6.47,6.46,6.465565285316293
20230612093606570,6.47,6.46,6.465558452545848
20230612093606810,6.47,6.46,6.465558452545848
20230612093606930,6.47,6.46,6.465558452545848
20230612093607100,6.47,6.46,6.465558452545848
20230612093607200,6.46,6.46,6.4655442199212025
20230612093607230,6.46,6.46,6.4655442199212025
20230612093607240,6.46,6.46,6.4655442199212025
20230612093607250,6.46,6.46,6.4655442199212025
20230612093607430,6.46,6.46,6.4655442199212025
20230612093608990,6.46,6.46,6.4655442199212025
20230612093609570,6.46,6.46,6.4655442199212025
20230612093609770,6.46,6.46,6.4655442199212025
20230612093609810,6.46,6.46,6.4655442199212025
20230612093609890,6.46,6.46,6.4655442199212025
20230612093609970,6.46,6.46,6.4655442199212025
20230612093610030,6.46,6.46,6.4655442199212025
20230612093610060,6.46,6.46,6.4655442199212025
20230612093610170,6.46,6.46,6.4655442199212025
20230612093611770,6.46,6.46,6.4655442199212025
20230612093612020,6.46,6.46,6.4655442199212025
20230612093612050,6.46,6.46,6.4655442199212025
20230612093612070,6.46,6.46,6.4655442199212025
20230612093612090,6.46,6.46,6.4655442199212025
20230612093612280,6.46,6.46,6.4655442199212025
20230612093612450,6.46,6.46,6.4655442199212025
20230612093612640,6.46,6.46,6.4655442199212025
20230612093612700,6.46,6.46,6.4655442199212025
20230612093614950,6.46,6.46,6.4655442199212025
20230612093617340,6.46,6.46,6.4655442199212025
20230612093617360,6.46,6.46,6.4655442199212025
20230612093617500,6.46,6.46,6.4655442199212025
20230612093617960,6.46,6.46,6.4655442199212025
20230612093618200,6.46,6.46,6.4655442199212025
20230612093619740,6.46,6.46,6.4655442199212025
20230612093619810,6.46,6.46,6.4655442199212025
20230612093619890,6.46,6.46,6.4655442199212025
20230612093620310,6.46,6.46,6.4655442199212025
20230612093620890,6.46,6.46,6.4655442199212025
20230612093622430,6.46,6.46,6.4655442199212025
20230612093622450,6.46,6.46,6.4655442199212025
20230612093622520,6.46,6.46,6.4655442199212025
20230612093622750,6.46,6.46,6.4655442199212025
20230612093625220,6.46,6.46,6.4655442199212025
20230612093625310,6.46,6.46,6.4655442199212025
20230612093625630,6.46,6.46,6.4655442199212025
20230612093625690,6.46,6.46,6.4655442199212025
20230612093625860,6.46,6.46,6.4655442199212025
20230612093626280,6.46,6.46,6.4655442199212025
20230612093627970,6.46,6.46,6.4655442199212025
20230612093628170,6.46,6.46,6.4655442199212025
20230612093628530,6.46,6.46,6.4655442199212025
20230612093628670,6.46,6.46,6.4655442199212025
20230612093630710,6.46,6.46,6.4655442199212025
20230612093630800,6.46,6.46,6.4655442199212025
20230612093630820,6.46,6.46,6.4655442199212025
20230612093631060,6.46,6.46,6.4655442199212025
20230612093631180,6.46,6.46,6.4655442199212025
20230612093631190,6.46,6.46,6.4655442199212025
20230612093631220,6.46,6.46,6.4655442199212025
20230612093631660,6.46,6.46,6.4655442199212025
20230612093633240,6.46,6.46,6.4655442199212025
20230612093633300,6.46,6.46,6.465418677783056
20230612093633310,6.46,6.46,6.465418677783056
20230612093634060,6.46,6.46,6.465418677783056
20230612093634300,6.46,6.46,6.465418677783056
20230612093636130,6.46,6.46,6.465418677783056
20230612093636570,6.46,6.46,6.465418677783056
20230612093636580,6.46,6.46,6.465270558670988
20230612093636790,6.46,6.46,6.465270558670988
20230612093636910,6.46,6.46,6.465270558670988
20230612093637080,6.46,6.46,6.465270558670988
20230612093639020,6.46,6.46,6.465270558670988
20230612093639250,6.46,6.46,6.465270558670988
20230612093639400,6.46,6.46,6.465270558670988
20230612093639680,6.46,6.46,6.465270558670988
20230612093639810,6.46,6.46,6.465270558670988
20230612093641880,6.46,6.46,6.465270558670988
20230612093642520,6.46,6.46,6.465270558670988
20230612093644330,6.46,6.46,6.465270558670988
20230612093644540,6.46,6.46,6.465270558670988
20230612093644600,6.46,6.46,6.465270558670988
20230612093644620,6.46,6.46,6.465270558670988
20230612093644710,6.46,6.46,6.465270558670988
20230612093646880,6.46,6.46,6.465270558670988
20230612093646960,6.46,6.46,6.465270558670988
20230612093647030,6.46,6.46,6.465270558670988
20230612093647240,6.46,6.46,6.465270558670988
20230612093647310,6.46,6.46,6.465270558670988
20230612093647800,6.46,6.46,6.465270558670988
20230612093647950,6.46,6.46,6.465270558670988
20230612093649500,6.46,6.46,6.465270558670988
20230612093650040,6.46,6.46,6.465270558670988
20230612093650100,6.46,6.46,6.465270558670988
20230612093652330,6.46,6.46,6.465270558670988
20230612093653290,6.46,6.46,6.465270558670988
20230612093655120,6.46,6.46,6.465270558670988
20230612093655470,6.46,6.46,6.465270558670988
20230612093658050,6.46,6.46,6.465270558670988
20230612093700600,6.46,6.46,6.465270558670988
20230612093700620,6.46,6.46,6.465270558670988
20230612093700670,6.46,6.46,6.465270558670988
20230612093700780,6.46,6.46,6.465270558670988
20230612093700860,6.46,6.46,6.465270558670988
20230612093701110,6.46,6.46,6.465270558670988
20230612093702980,6.46,6.46,6.465270558670988
20230612093703120,6.46,6.46,6.465270558670988
20230612093703190,6.46,6.46,6.465270558670988
20230612093703200,6.46,6.46,6.465270558670988
20230612093703380,6.46,6.46,6.465270558670988
20230612093703620,6.46,6.46,6.465270558670988
20230612093703750,6.46,6.46,6.465270558670988
20230612093703860,6.46,6.46,6.465270558670988
20230612093705930,6.46,6.46,6.465079399042416
20230612093706380,6.46,6.46,6.465079399042416
20230612093706540,6.46,6.46,6.465071296621671
20230612093706660,6.46,6.46,6.4645717643220575
20230612093706690,6.45,6.46,6.4645325056033425
20230612093706710,6.45,6.46,6.4645325056033425
20230612093708530,6.45,6.46,6.4645325056033425
20230612093708610,6.45,6.46,6.4645325056033425
20230612093708850,6.45,6.46,6.4645325056033425
20230612093708960,6.45,6.46,6.4645325056033425
20230612093709010,6.46,6.45,6.4644382503096205
20230612093711190,6.46,6.45,6.4644382503096205
20230612093711310,6.46,6.45,6.4644382503096205
20230612093713740,6.46,6.45,6.4644382503096205
20230612093714340,6.46,6.45,6.4644382503096205
20230612093717120,6.46,6.45,6.4644382503096205
20230612093717350,6.45,6.45,6.4644382503096205
20230612093719170,6.45,6.45,6.4644382503096205
20230612093719250,6.46,6.45,6.4644382503096205
20230612093720110,6.46,6.45,6.4644382503096205
20230612093720150,6.46,6.44,6.4644382503096205
20230612093720160,6.46,6.44,6.4644382503096205
20230612093720230,6.46,6.44,6.4644382503096205
20230612093720310,6.46,6.44,6.463506925360822
20230612093720320,6.46,6.44,6.463370867092625
20230612093721830,6.46,6.44,6.463370867092625
20230612093721860,6.46,6.44,6.463370867092625
20230612093722160,6.45,6.44,6.463370867092625
20230612093722330,6.45,6.44,6.463370867092625
20230612093723030,6.45,6.44,6.4633594090889925
20230612093725080,6.45,6.44,6.4633594090889925
20230612093725330,6.45,6.44,6.4633594090889925
20230612093725610,6.45,6.44,6.4633594090889925
20230612093727560,6.45,6.44,6.4633594090889925
20230612093728050,6.45,6.44,6.4633594090889925
20230612093728180,6.45,6.44,6.4633594090889925
20230612093728210,6.45,6.44,6.4633594090889925
20230612093728230,6.44,6.44,6.4633594090889925
20230612093728280,6.44,6.44,6.4633594090889925
20230612093728290,6.44,6.44,6.4633594090889925
20230612093728370,6.44,6.44,6.4633594090889925
20230612093730100,6.44,6.44,6.4633594090889925
20230612093730200,6.44,6.44,6.4633594090889925
20230612093730310,6.44,6.44,6.4633594090889925
20230612093730440,6.44,6.44,6.4633594090889925
20230612093730460,6.44,6.44,6.4633594090889925
20230612093730570,6.44,6.44,6.4633594090889925
20230612093730820,6.44,6.44,6.4633594090889925
20230612093731130,6.44,6.44,6.4633594090889925
20230612093732740,6.44,6.44,6.4633594090889925
20230612093732970,6.44,6.44,6.4633594090889925
20230612093733020,6.44,6.44,6.4633594090889925
20230612093733640,6.44,6.44,6.4633594090889925
20230612093733650,6.44,6.44,6.4633594090889925
20230612093735420,6.44,6.44,6.4633594090889925
20230612093735500,6.44,6.44,6.4633594090889925
20230612093735530,6.44,6.44,6.4633594090889925
20230612093735700,6.44,6.44,6.4633594090889925
20230612093735970,6.44,6.44,6.4633594090889925
20230612093736040,6.44,6.44,6.4633594090889925
20230612093736250,6.44,6.44,6.4633594090889925
20230612093736360,6.44,6.44,6.4633594090889925
20230612093736540,6.44,6.44,6.4633594090889925
20230612093738480,6.44,6.44,6.4633594090889925
20230612093738620,6.44,6.44,6.4633594090889925
20230612093740790,6.44,6.44,6.4633594090889925
20230612093741110,6.44,6.44,6.4633594090889925
20230612093741450,6.44,6.44,6.4633594090889925
20230612093743620,6.44,6.44,6.4633594090889925
20230612093743720,6.44,6.44,6.463117820721099
20230612093743780,6.44,6.44,6.463117820721099
20230612093743830,6.44,6.44,6.4630117818966495
20230612093744020,6.44,6.44,6.4630117818966495
20230612093744410,6.44,6.44,6.4630117818966495
20230612093744420,6.44,6.44,6.462735452672779
20230612093744430,6.44,6.44,6.462729154662262
20230612093744440,6.44,6.44,6.462726006565678
20230612093744550,6.44,6.44,6.4627197121889814
20230612093744560,6.44,6.44,6.462631844465395
20230612093744570,6.44,6.44,6.462603701407408
20230612093744580,6.44,6.44,6.462575606851076
20230612093744610,6.44,6.44,6.4625631359172475
20230612093744650,6.44,6.44,6.462488510373369
20230612093746150,6.44,6.44,6.462432765295043
20230612093746520,6.44,6.44,6.462404964431606
20230612093746780,6.44,6.44,6.462404964431606
20230612093747370,6.44,6.44,6.4622911709687
20230612093749230,6.44,6.44,6.4622911709687
20230612093749250,6.44,6.44,6.4622911709687
20230612093749400,6.44,6.44,6.4622911709687
20230612093749410,6.44,6.44,6.4622911709687
20230612093749650,6.44,6.44,6.4622911709687
20230612093751570,6.44,6.44,6.4622911709687
20230612093751630,6.44,6.44,6.4622911709687
20230612093751740,6.44,6.44,6.46227891682455
20230612093752160,6.44,6.44,6.46227891682455
20230612093752200,6.44,6.44,6.4618737101257295
20230612093752240,6.44,6.44,6.461618969024645
20230612093752250,6.44,6.44,6.461050505179562
20230612093752270,6.44,6.44,6.461050505179562
20230612093754330,6.44,6.44,6.460831036954408
20230612093754570,6.44,6.44,6.460831036954408
20230612093754700,6.44,6.44,6.460831036954408
20230612093755320,6.44,6.44,6.460831036954408
20230612093755400,6.43,6.44,6.4607224621630435
20230612093757040,6.43,6.44,6.4607224621630435
20230612093757210,6.43,6.44,6.4607224621630435
20230612093757590,6.43,6.44,6.4607224621630435
20230612093758070,6.43,6.44,6.4607224621630435
20230612093759630,6.43,6.44,6.460611894922754
20230612093800100,6.43,6.44,6.460611894922754
20230612093800150,6.43,6.44,6.460611894922754
20230612093800330,6.43,6.44,6.460611894922754
20230612093800490,6.43,6.44,6.460611894922754
20230612093800680,6.43,6.44,6.460611894922754
20230612093800830,6.43,6.44,6.460611894922754
20230612093802360,6.43,6.44,6.460604588318795
20230612093802440,6.43,6.44,6.460604588318795
20230612093802620,6.43,6.44,6.460604588318795
20230612093803260,6.43,6.44,6.460604588318795
20230612093803280,6.43,6.44,6.460604588318795
20230612093803520,6.43,6.44,6.460604588318795
20230612093805220,6.43,6.44,6.460604588318795
20230612093805350,6.43,6.44,6.460604588318795
20230612093805660,6.43,6.44,6.460604588318795
20230612093805840,6.43,6.44,6.460556959228418
20230612093807840,6.43,6.44,6.460556959228418
20230612093807960,6.43,6.44,6.460556959228418
20230612093808010,6.43,6.44,6.460556959228418
20230612093808110,6.43,6.44,6.460556959228418
20230612093808400,6.43,6.44,6.4605487276511715
20230612093808590,6.43,6.44,6.4605487276511715
20230612093808640,6.43,6.44,6.4605487276511715
20230612093808650,6.43,6.44,6.4605487276511715
20230612093813370,6.43,6.44,6.4605487276511715
20230612093813920,6.43,6.44,6.4605487276511715
20230612093815900,6.43,6.44,6.4605487276511715
20230612093816160,6.43,6.44,6.4605487276511715
20230612093816310,6.43,6.44,6.4605487276511715
20230612093816320,6.43,6.44,6.4605487276511715
20230612093816340,6.43,6.44,6.4605487276511715
20230612093816800,6.43,6.44,6.4605487276511715
20230612093818700,6.43,6.44,6.4605487276511715
20230612093818740,6.43,6.44,6.4605487276511715
20230612093819650,6.43,6.44,6.4605487276511715
20230612093819760,6.43,6.44,6.4605487276511715
20230612093821880,6.43,6.44,6.4605487276511715
20230612093822090,6.43,6.44,6.4605487276511715
20230612093822160,6.43,6.44,6.4605487276511715
20230612093822270,6.43,6.44,6.4605487276511715
20230612093822280,6.43,6.44,6.4605487276511715
20230612093822310,6.43,6.44,6.4605487276511715
20230612093824480,6.43,6.44,6.4605487276511715
20230612093824620,6.43,6.44,6.4605487276511715
20230612093824880,6.43,6.44,6.4605487276511715
20230612093824890,6.43,6.44,6.4605487276511715
20230612093826770,6.43,6.44,6.459686329205369
20230612093826800,6.43,6.44,6.459686329205369
20230612093827020,6.43,6.44,6.459686329205369
20230612093827440,6.43,6.44,6.459686329205369
20230612093827530,6.43,6.44,6.459686329205369
20230612093827720,6.43,6.44,6.459686329205369
20230612093827800,6.43,6.44,6.459686329205369
20230612093827830,6.43,6.44,6.459686329205369
20230612093829430,6.43,6.44,6.459686329205369
20230612093830050,6.43,6.44,6.459488558115296
20230612093832790,6.43,6.44,6.459488558115296
20230612093833100,6.43,6.44,6.459488558115296
20230612093833180,6.43,6.44,6.459488558115296
20230612093835150,6.43,6.44,6.459488558115296
20230612093835210,6.43,6.44,6.459488558115296
20230612093835810,6.43,6.44,6.459488558115296
20230612093835950,6.43,6.44,6.459488558115296
20230612093837930,6.43,6.44,6.459488558115296
20230612093837950,6.43,6.44,6.459488558115296
20230612093838050,6.43,6.44,6.459488558115296
20230612093838180,6.43,6.44,6.459488558115296
20230612093840320,6.43,6.44,6.459488558115296
20230612093840700,6.43,6.44,6.459488558115296
20230612093840940,6.43,6.44,6.4592253470474
20230612093841290,6.43,6.44,6.4592253470474
20230612093842990,6.43,6.44,6.459123634663239
20230612093845510,6.43,6.44,6.459120253334128
20230612093845520,6.43,6.44,6.459120253334128
20230612093846000,6.43,6.44,6.459120253334128
20230612093848210,6.43,6.44,6.459120253334128
20230612093848570,6.43,6.44,6.459120253334128
20230612093848800,6.43,6.44,6.459120253334128
20230612093848990,6.43,6.44,6.459120253334128
20230612093849230,6.43,6.44,6.458785046728972
20230612093849270,6.43,6.44,6.458785046728972
20230612093849310,6.43,6.44,6.458785046728972
20230612093851160,6.43,6.44,6.458760403031037
20230612093851430,6.43,6.44,6.458760403031037
20230612093851510,6.43,6.44,6.458760403031037
20230612093851720,6.43,6.44,6.458755479354145
20230612093851980,6.43,6.42,6.458112789353752
20230612093852000,6.43,6.42,6.458112789353752
20230612093852090,6.43,6.42,6.458112789353752
20230612093853690,6.43,6.42,6.458112789353752
20230612093853700,6.43,6.42,6.457853723811044
20230612093853840,6.43,6.42,6.457853723811044
20230612093854370,6.43,6.42,6.457853723811044
20230612093854420,6.43,6.42,6.457853723811044
20230612093856400,6.43,6.42,6.457853723811044
20230612093856450,6.43,6.42,6.457853723811044
20230612093856470,6.43,6.42,6.457853723811044
20230612093859720,6.43,6.42,6.457853723811044
20230612093900170,6.43,6.42,6.457853723811044
20230612093901740,6.43,6.42,6.4575088720103295
20230612093902090,6.43,6.42,6.4575088720103295
20230612093902130,6.43,6.42,6.457428277697845
20230612093905100,6.43,6.42,6.457428277697845
20230612093907350,6.43,6.42,6.4574159093030765
20230612093907400,6.43,6.42,6.4574159093030765
20230612093907630,6.43,6.42,6.4574159093030765
20230612093907900,6.43,6.42,6.4573819383285365
20230612093908080,6.43,6.42,6.4573819383285365
20230612093908120,6.43,6.42,6.4573819383285365
20230612093912760,6.43,6.42,6.457372684220559
20230612093912780,6.43,6.42,6.4573665173602715
20230612093912790,6.43,6.42,6.4573541897432385
20230612093912820,6.43,6.42,6.457348028984479
20230612093912830,6.43,6.42,6.457348028984479
20230612093912930,6.43,6.42,6.457335713561447
20230612093912950,6.43,6.42,6.457335713561447
20230612093913460,6.43,6.42,6.457335713561447
20230612093913580,6.43,6.42,6.457331207361391
20230612093915250,6.43,6.42,6.457297391441834
20230612093915280,6.43,6.42,6.457297391441834
20230612093916190,6.43,6.42,6.457297391441834
20230612093918200,6.43,6.42,6.457297391441834
20230612093918290,6.43,6.42,6.457297391441834
20230612093918640,6.43,6.42,6.4568052706116354
20230612093918720,6.43,6.42,6.4568052706116354
20230612093920600,6.43,6.42,6.4568052706116354
20230612093920640,6.43,6.42,6.4568052706116354
20230612093920810,6.43,6.42,6.4568052706116354
20230612093920860,6.43,6.42,6.4568052706116354
20230612093921010,6.43,6.42,6.4568052706116354
20230612093921290,6.43,6.42,6.4568052706116354
20230612093923430,6.43,6.42,6.4568052706116354
20230612093926040,6.43,6.42,6.456707925866326
20230612093926850,6.43,6.42,6.456707925866326
20230612093927010,6.43,6.42,6.456707925866326
20230612093929610,6.43,6.42,6.456707925866326
20230612093929710,6.43,6.42,6.456707925866326
20230612093932060,6.43,6.42,6.456707925866326
20230612093934110,6.43,6.42,6.456707925866326
20230612093934350,6.43,6.42,6.456707925866326
20230612093934380,6.43,6.42,6.456707925866326
20230612093934570,6.43,6.42,6.456707925866326
20230612093935180,6.43,6.42,6.456689814721094
20230612093937100,6.43,6.42,6.456689814721094
20230612093937330,6.43,6.42,6.456689814721094
20230612093937360,6.43,6.42,6.456689814721094
20230612093937610,6.43,6.42,6.456689814721094
20230612093938000,6.43,6.42,6.456689814721094
20230612093938030,6.43,6.42,6.456689814721094
20230612093939860,6.43,6.42,6.456689814721094
20230612093940700,6.43,6.42,6.456689814721094
20230612093940740,6.43,6.42,6.456689814721094
20230612093942380,6.43,6.42,6.456689814721094
20230612093942390,6.43,6.42,6.456689814721094
20230612093942460,6.43,6.42,6.456689814721094
20230612093943170,6.43,6.42,6.456689814721094
20230612093943180,6.43,6.42,6.456689814721094
20230612093943260,6.43,6.42,6.456689814721094
20230612093945110,6.43,6.42,6.456689814721094
20230612093945270,6.43,6.42,6.456689814721094
20230612093945570,6.43,6.42,6.456689814721094
20230612093945880,6.43,6.42,6.456689814721094
20230612093945950,6.43,6.42,6.456689814721094
20230612093946000,6.43,6.42,6.456689814721094
20230612093946130,6.43,6.42,6.456689814721094
20230612093947610,6.43,6.42,6.456689814721094
20230612093947860,6.43,6.42,6.456689814721094
20230612093948480,6.43,6.42,6.456689814721094
20230612093950450,6.43,6.42,6.456689814721094
20230612093951000,6.43,6.42,6.456689814721094
20230612093951500,6.43,6.42,6.456689814721094
20230612093956050,6.43,6.42,6.456689814721094
20230612093956340,6.43,6.42,6.456689814721094
20230612093956410,6.43,6.42,6.456689814721094
20230612093956570,6.43,6.42,6.456689814721094
20230612093956950,6.43,6.42,6.456689814721094
20230612093958890,6.43,6.42,6.456689814721094
20230612093958940,6.43,6.42,6.456689814721094
20230612093959050,6.43,6.42,6.456689814721094
20230612094001130,6.43,6.42,6.456689814721094
20230612094001320,6.43,6.42,6.456689814721094
20230612094001990,6.43,6.42,6.456689814721094
20230612094002070,6.43,6.42,6.456689814721094
20230612094002230,6.43,6.42,6.456689814721094
20230612094003880,6.43,6.42,6.456689814721094
20230612094003970,6.43,6.42,6.456689814721094
20230612094004440,6.43,6.42,6.456689814721094
20230612094004530,6.43,6.42,6.456689814721094
20230612094004590,6.43,6.42,6.456689814721094
20230612094004690,6.43,6.42,6.456689814721094
20230612094007620,6.43,6.42,6.456491354205832
20230612094009500,6.43,6.42,6.456491354205832
20230612094010170,6.43,6.42,6.456491354205832
20230612094012530,6.43,6.42,6.45648547915917
20230612094012620,6.43,6.42,6.45648547915917
20230612094012660,6.43,6.42,6.45648547915917
20230612094012670,6.43,6.42,6.456482542345186
20230612094013050,6.43,6.42,6.456482542345186
20230612094013110,6.43,6.42,6.456482542345186
20230612094014920,6.43,6.42,6.456482542345186
20230612094014990,6.43,6.42,6.456482542345186
20230612094015120,6.43,6.42,6.456482542345186
20230612094017600,6.43,6.42,6.456482542345186
20230612094017650,6.43,6.42,6.456482542345186
20230612094018000,6.43,6.42,6.456482542345186
20230612094018270,6.43,6.42,6.456482542345186
20230612094020060,6.43,6.42,6.456482542345186
20230612094020250,6.43,6.42,6.456403102927734
20230612094020620,6.43,6.42,6.456403102927734
20230612094021120,6.43,6.42,6.456403102927734
20230612094022900,6.43,6.42,6.456403102927734
20230612094023100,6.43,6.42,6.456403102927734
20230612094023790,6.43,6.42,6.456403102927734
20230612094025800,6.43,6.42,6.456403102927734
20230612094025830,6.43,6.42,6.456403102927734
20230612094025900,6.43,6.42,6.456403102927734
20230612094026100,6.43,6.42,6.456403102927734
20230612094026430,6.43,6.42,6.456304303838368
20230612094028200,6.43,6.42,6.456304303838368
20230612094028440,6.43,6.42,6.456304303838368
20230612094031060,6.43,6.42,6.456304303838368
20230612094031270,6.43,6.42,6.456304303838368
20230612094031530,6.43,6.42,6.456304303838368
20230612094031630,6.43,6.42,6.456304303838368
20230612094031710,6.43,6.42,6.456304303838368
20230612094031780,6.43,6.42,6.456304303838368
20230612094032000,6.43,6.42,6.456304303838368
20230612094033910,6.43,6.42,6.456304303838368
20230612094034010,6.43,6.42,6.456304303838368
20230612094034550,6.43,6.42,6.456304303838368
20230612094036250,6.43,6.42,6.456304303838368
20230612094036280,6.43,6.42,6.456304303838368
20230612094036330,6.43,6.42,6.456304303838368
20230612094036790,6.43,6.42,6.456304303838368
20230612094036830,6.43,6.42,6.4562562068395595
20230612094036870,6.43,6.42,6.4562562068395595
20230612094037250,6.43,6.42,6.4562562068395595
20230612094039930,6.43,6.42,6.4562562068395595
20230612094039960,6.43,6.42,6.456140782475055
20230612094041830,6.43,6.42,6.456140782475055
20230612094041910,6.43,6.42,6.456140782475055
20230612094042350,6.43,6.42,6.456140782475055
20230612094042420,6.43,6.42,6.456140782475055
20230612094042430,6.43,6.42,6.456140782475055
20230612094042790,6.43,6.42,6.456120658728599
20230612094044350,6.43,6.42,6.456120658728599
20230612094044370,6.43,6.42,6.456120658728599
20230612094047350,6.43,6.42,6.456120658728599
20230612094048230,6.43,6.42,6.456120658728599
20230612094052940,6.43,6.42,6.456120658728599
20230612094053060,6.43,6.42,6.456120658728599
20230612094053550,6.43,6.42,6.456120658728599
20230612094055680,6.43,6.42,6.456120658728599
20230612094056350,6.43,6.42,6.456120658728599
20230612094058190,6.43,6.42,6.456120658728599
20230612094100880,6.43,6.42,6.456120658728599
20230612094101130,6.43,6.42,6.4561177857369545
20230612094101220,6.43,6.42,6.4561177857369545
20230612094101290,6.43,6.42,6.4561177857369545
20230612094101450,6.43,6.42,6.4561177857369545
20230612094103560,6.43,6.42,6.4561177857369545
20230612094104100,6.43,6.42,6.455829948972225
20230612094104130,6.43,6.42,6.455829948972225
20230612094106480,6.43,6.42,6.455829948972225
20230612094106940,6.43,6.42,6.455829948972225
20230612094108990,6.43,6.42,6.455829948972225
20230612094109030,6.43,6.42,6.455829948972225
20230612094109080,6.43,6.42,6.455829948972225
20230612094109090,6.43,6.42,6.455829948972225
20230612094111660,6.43,6.42,6.455829948972225
20230612094111960,6.43,6.42,6.455829948972225
20230612094112400,6.43,6.42,6.455801242304578
20230612094114010,6.43,6.42,6.455801242304578
20230612094114520,6.43,6.42,6.455799208386905
20230612094116710,6.43,6.42,6.455799208386905
20230612094116950,6.43,6.42,6.455799208386905
20230612094117330,6.43,6.42,6.455799208386905
20230612094117860,6.43,6.42,6.455795141513412
20230612094120120,6.43,6.42,6.455792320441597
20230612094120190,6.43,6.42,6.455778221749889
20230612094120610,6.43,6.42,6.4557669507910616
20230612094122160,6.43,6.42,6.4557669507910616
20230612094122640,6.43,6.42,6.4557669507910616
20230612094122950,6.43,6.42,6.4557669507910616
20230612094123230,6.43,6.42,6.4557669507910616
20230612094125400,6.43,6.42,6.455761317974186
20230612094125480,6.43,6.42,6.4557556869312185
20230612094125520,6.43,6.42,6.4557556869312185
20230612094127670,6.43,6.42,6.4557556869312185
20230612094127730,6.43,6.42,6.4557556869312185
20230612094127990,6.43,6.42,6.4557556869312185
20230612094128070,6.43,6.42,6.4557556869312185
20230612094128080,6.43,6.42,6.455733180481672
20230612094128200,6.43,6.42,6.455721037883715
20230612094128210,6.43,6.42,6.455708906739698
20230612094128520,6.43,6.42,6.455708906739698
20230612094130250,6.43,6.42,6.455708906739698
20230612094130340,6.43,6.42,6.455708906739698
20230612094130350,6.43,6.42,6.455708906739698
20230612094133410,6.43,6.42,6.455708906739698
20230612094135590,6.43,6.42,6.455708906739698
20230612094135810,6.43,6.42,6.455708906739698
20230612094135850,6.43,6.42,6.455708906739698
20230612094136030,6.43,6.42,6.455708906739698
20230612094136160,6.43,6.42,6.455708906739698
20230612094138360,6.43,6.42,6.455708906739698
20230612094138500,6.43,6.42,6.455708906739698
20230612094138580,6.43,6.42,6.455708906739698
20230612094141050,6.43,6.42,6.455708906739698
20230612094141060,6.43,6.42,6.455708906739698
20230612094143810,6.43,6.42,6.455708906739698
20230612094144490,6.43,6.42,6.455122714198412
20230612094144560,6.43,6.42,6.455122714198412
20230612094146850,6.43,6.42,6.455122714198412
20230612094146860,6.43,6.42,6.455122714198412
20230612094146940,6.43,6.42,6.455122714198412
20230612094147610,6.43,6.42,6.455122714198412
20230612094149090,6.43,6.42,6.455122714198412
20230612094149290,6.43,6.42,6.455122714198412
20230612094149640,6.43,6.42,6.455122714198412
20230612094149700,6.43,6.42,6.455122714198412
20230612094149880,6.43,6.42,6.455122714198412
20230612094150040,6.43,6.42,6.455122714198412
20230612094150060,6.43,6.42,6.455122714198412
20230612094152200,6.43,6.42,6.455122714198412
20230612094152240,6.43,6.42,6.455122714198412
20230612094152260,6.43,6.42,6.455122714198412
20230612094152370,6.43,6.42,6.455122714198412
20230612094152450,6.43,6.42,6.455122714198412
20230612094154990,6.43,6.42,6.455122714198412
20230612094155050,6.43,6.42,6.455122714198412
20230612094155130,6.43,6.42,6.455122714198412
20230612094157440,6.43,6.42,6.455122714198412
20230612094157800,6.43,6.42,6.455122714198412
20230612094158040,6.43,6.42,6.455122714198412
20230612094159950,6.43,6.42,6.455122714198412
20230612094200250,6.43,6.42,6.455122714198412
20230612094200330,6.43,6.42,6.455122714198412
20230612094202830,6.43,6.42,6.455122714198412
20230612094203040,6.43,6.42,6.455122714198412
20230612094203240,6.43,6.42,6.455122714198412
20230612094205470,6.43,6.42,6.455122714198412
20230612094205480,6.43,6.42,6.455122714198412
20230612094206030,6.43,6.42,6.455122714198412
20230612094206140,6.43,6.42,6.455122714198412
20230612094206150,6.43,6.42,6.455122714198412
20230612094206160,6.43,6.42,6.455122714198412
20230612094206250,6.43,6.42,6.455122714198412
20230612094206510,6.43,6.42,6.4541278501988755
20230612094208050,6.43,6.42,6.4541278501988755
20230612094208420,6.43,6.42,6.4541278501988755
20230612094208760,6.43,6.42,6.4541278501988755
20230612094213610,6.43,6.42,6.4541278501988755
20230612094214550,6.43,6.42,6.4541278501988755
20230612094216710,6.43,6.42,6.4541278501988755
20230612094216910,6.43,6.42,6.4541278501988755
20230612094217110,6.43,6.42,6.4541278501988755
20230612094217160,6.43,6.42,6.4541278501988755
20230612094218940,6.43,6.42,6.4541278501988755
20230612094219390,6.43,6.42,6.4541278501988755
20230612094219660,6.43,6.42,6.4541278501988755
20230612094219900,6.43,6.42,6.4541278501988755
20230612094221620,6.43,6.42,6.4541278501988755
20230612094221910,6.43,6.42,6.4541278501988755
20230612094222090,6.43,6.42,6.4541278501988755
20230612094222270,6.43,6.42,6.4541278501988755
20230612094222630,6.43,6.42,6.4541278501988755
20230612094222640,6.43,6.42,6.4541278501988755
20230612094224450,6.43,6.42,6.4541278501988755
20230612094224850,6.43,6.42,6.4541278501988755
20230612094225000,6.43,6.42,6.4541278501988755
20230612094225080,6.43,6.42,6.4541278501988755
20230612094225360,6.43,6.42,6.4541278501988755
20230612094226990,6.43,6.42,6.4541278501988755
20230612094227010,6.43,6.42,6.4541278501988755
20230612094227440,6.43,6.42,6.4541278501988755
20230612094227530,6.43,6.42,6.4541278501988755
20230612094227640,6.43,6.42,6.4541278501988755
20230612094227650,6.43,6.42,6.4541278501988755
20230612094227730,6.43,6.42,6.4541278501988755
20230612094227750,6.43,6.42,6.4541278501988755
20230612094230290,6.43,6.42,6.4541278501988755
20230612094230840,6.43,6.42,6.4541278501988755
20230612094232890,6.43,6.42,6.4541278501988755
20230612094233230,6.43,6.42,6.4541278501988755
20230612094233540,6.43,6.42,6.4541278501988755
20230612094235010,6.43,6.42,6.4541278501988755
20230612094237980,6.43,6.42,6.4541278501988755
20230612094238090,6.43,6.42,6.4541278501988755
20230612094238300,6.43,6.42,6.4541278501988755
20230612094238310,6.43,6.42,6.4541278501988755
20230612094240530,6.43,6.42,6.4541278501988755
20230612094240900,6.43,6.42,6.4541278501988755
20230612094241410,6.43,6.42,6.4541278501988755
20230612094243330,6.43,6.42,6.4541278501988755
20230612094246060,6.43,6.42,6.4541278501988755
20230612094246110,6.43,6.42,6.4541278501988755
20230612094246200,6.43,6.42,6.4541278501988755
20230612094246320,6.43,6.42,6.4541278501988755
20230612094246580,6.43,6.42,6.4541278501988755
20230612094249110,6.43,6.42,6.4541278501988755
20230612094249280,6.43,6.42,6.4541278501988755
20230612094249540,6.43,6.42,6.4541278501988755
20230612094251490,6.43,6.42,6.4541278501988755
20230612094252150,6.43,6.42,6.4541278501988755
20230612094253880,6.43,6.42,6.4541278501988755
20230612094254520,6.43,6.42,6.4541278501988755
20230612094256650,6.43,6.42,6.4541278501988755
20230612094256910,6.43,6.42,6.4541278501988755
20230612094257080,6.43,6.42,6.4541278501988755
20230612094259540,6.43,6.42,6.4541278501988755
20230612094259770,6.43,6.42,6.4541278501988755
20230612094300230,6.43,6.42,6.4541278501988755
20230612094303160,6.43,6.42,6.4541278501988755
20230612094307680,6.43,6.42,6.4541278501988755
20230612094308080,6.43,6.42,6.4541278501988755
20230612094308110,6.43,6.42,6.4541278501988755
20230612094308170,6.44,6.42,6.4541278501988755
20230612094310090,6.44,6.42,6.452866766579618
20230612094310300,6.44,6.42,6.452866766579618
20230612094310830,6.44,6.42,6.452866766579618
20230612094311250,6.44,6.42,6.4528432491454675
20230612094311340,6.43,6.42,6.4528432491454675
20230612094312860,6.44,6.43,6.451691579202703
20230612094312880,6.44,6.43,6.451691579202703
20230612094312890,6.44,6.43,6.451691579202703
20230612094312970,6.44,6.43,6.451691579202703
20230612094313080,6.44,6.43,6.451691579202703
20230612094313090,6.44,6.43,6.451691579202703
20230612094313100,6.44,6.43,6.451691579202703
20230612094313130,6.44,6.43,6.451691579202703
20230612094313140,6.44,6.43,6.451691579202703
20230612094313930,6.43,6.43,6.451691579202703
20230612094315590,6.44,6.43,6.451691579202703
20230612094316080,6.43,6.43,6.451691579202703
20230612094316560,6.43,6.43,6.451691579202703
20230612094318200,6.43,6.43,6.451691579202703
20230612094318390,6.43,6.43,6.451691579202703
20230612094318780,6.43,6.43,6.451691579202703
20230612094319230,6.43,6.42,6.451300881028667
20230612094321760,6.43,6.42,6.451300881028667
20230612094321780,6.44,6.42,6.451300881028667
20230612094321980,6.44,6.42,6.451300881028667
20230612094323880,6.44,6.42,6.451300881028667
20230612094324030,6.43,6.42,6.451300881028667
20230612094324070,6.43,6.42,6.451300881028667
20230612094324570,6.43,6.42,6.451300881028667
20230612094326320,6.43,6.42,6.451300881028667
20230612094326550,6.43,6.42,6.451300881028667
20230612094326710,6.43,6.42,6.451300881028667
20230612094326980,6.43,6.43,6.451300881028667
20230612094327520,6.43,6.43,6.451300881028667
20230612094330190,6.44,6.43,6.451300881028667
20230612094332840,6.44,6.43,6.451300881028667
20230612094335040,6.44,6.42,6.451300881028667
20230612094335060,6.44,6.42,6.451300881028667
20230612094335290,6.44,6.43,6.451300881028667
20230612094335320,6.44,6.43,6.451300881028667
20230612094337070,6.44,6.43,6.451300881028667
20230612094337190,6.44,6.43,6.451300881028667
20230612094337470,6.44,6.43,6.451300881028667
20230612094338170,6.44,6.43,6.451300881028667
20230612094340380,6.44,6.43,6.451300881028667
20230612094340430,6.44,6.43,6.451300881028667
20230612094340890,6.44,6.43,6.451300881028667
20230612094342720,6.45,6.43,6.451300881028667
20230612094343380,6.44,6.43,6.451300881028667
20230612094343400,6.44,6.43,6.451300881028667
20230612094345270,6.44,6.43,6.451300881028667
20230612094345290,6.44,6.43,6.451300881028667
20230612094345690,6.44,6.43,6.451300881028667
20230612094346230,6.44,6.43,6.451300881028667
20230612094348600,6.44,6.43,6.451300881028667
20230612094351600,6.44,6.43,6.451300881028667
20230612094351620,6.44,6.43,6.451300881028667
20230612094351830,6.44,6.43,6.451300881028667
20230612094353670,6.44,6.43,6.451300881028667
20230612094354350,6.44,6.43,6.451300881028667
20230612094357080,6.44,6.43,6.451300881028667
20230612094359300,6.44,6.43,6.451300881028667
20230612094359550,6.44,6.43,6.451300881028667
20230612094359780,6.44,6.43,6.451300881028667
20230612094401480,6.44,6.43,6.451300881028667
20230612094401490,6.44,6.43,6.451300881028667
20230612094401710,6.44,6.43,6.451300881028667
20230612094401800,6.44,6.43,6.451300881028667
20230612094402520,6.44,6.43,6.451300881028667
20230612094404100,6.44,6.43,6.451300881028667
20230612094404680,6.44,6.43,6.451300881028667
20230612094404890,6.44,6.43,6.451300881028667
20230612094405260,6.44,6.43,6.451300881028667
20230612094407600,6.44,6.43,6.451300881028667
20230612094409600,6.44,6.43,6.451300881028667
20230612094409830,6.44,6.43,6.451300881028667
20230612094409860,6.44,6.43,6.451300881028667
20230612094410600,6.44,6.43,6.451300881028667
20230612094412700,6.44,6.43,6.451300881028667
20230612094413090,6.44,6.43,6.451300881028667
20230612094415370,6.44,6.43,6.451300881028667
20230612094417790,6.44,6.43,6.451300881028667
20230612094418140,6.44,6.43,6.451300881028667
20230612094418350,6.44,6.43,6.451300881028667
20230612094418390,6.44,6.43,6.451300881028667
20230612094418530,6.44,6.43,6.451300881028667
20230612094418620,6.44,6.43,6.451300881028667
20230612094420750,6.44,6.43,6.451300881028667
20230612094421170,6.44,6.43,6.450700594674842
20230612094421220,6.44,6.43,6.450696471790959
20230612094421240,6.44,6.43,6.450692352082903
20230612094421280,6.44,6.43,6.450688235547008
20230612094421320,6.44,6.43,6.450688235547008
20230612094423200,6.44,6.43,6.450688235547008
20230612094423400,6.44,6.43,6.450686178467476
20230612094423710,6.44,6.43,6.450686178467476
20230612094428790,6.44,6.43,6.450686178467476
20230612094429260,6.44,6.43,6.450686178467476
20230612094432310,6.44,6.43,6.450686178467476
20230612094433870,6.44,6.43,6.450686178467476
20230612094434280,6.44,6.43,6.450686178467476
20230612094434940,6.44,6.43,6.450686178467476
20230612094436510,6.44,6.43,6.450686178467476
20230612094436530,6.44,6.43,6.450686178467476
20230612094437130,6.44,6.43,6.450686178467476
20230612094437200,6.44,6.43,6.450686178467476
20230612094437440,6.44,6.43,6.450686178467476
20230612094439600,6.44,6.43,6.450686178467476
20230612094440120,6.44,6.43,6.450686178467476
20230612094440350,6.44,6.43,6.450686178467476
20230612094441870,6.44,6.44,6.450686178467476
20230612094442240,6.44,6.44,6.450686178467476
20230612094442410,6.44,6.44,6.450686178467476
20230612094442510,6.44,6.43,6.450686178467476
20230612094442530,6.44,6.43,6.450686178467476
20230612094442790,6.44,6.43,6.450686178467476
20230612094442800,6.44,6.44,6.450686178467476
20230612094442880,6.44,6.44,6.450626228965883
20230612094445020,6.44,6.44,6.450626228965883
20230612094445030,6.44,6.44,6.450626228965883
20230612094445190,6.44,6.44,6.450626228965883
20230612094445580,6.44,6.44,6.450626228965883
20230612094445750,6.44,6.44,6.450626228965883
20230612094445770,6.44,6.44,6.450626228965883
20230612094447350,6.44,6.44,6.450626228965883
20230612094447410,6.44,6.44,6.450626228965883
20230612094448280,6.44,6.44,6.450626228965883
20230612094450210,6.44,6.44,6.450626228965883
20230612094450280,6.44,6.44,6.450626228965883
20230612094450300,6.44,6.44,6.450626228965883
20230612094450840,6.44,6.44,6.450626228965883
20230612094451220,6.44,6.44,6.450626228965883
20230612094453320,6.44,6.44,6.450626228965883
20230612094453340,6.44,6.44,6.450626228965883
20230612094455470,6.44,6.44,6.450626228965883
20230612094455830,6.44,6.44,6.450626228965883
20230612094458100,6.44,6.44,6.450626228965883
20230612094458550,6.44,6.44,6.450626228965883
20230612094458880,6.44,6.43,6.450626228965883
20230612094458910,6.44,6.43,6.450626228965883
20230612094458980,6.44,6.43,6.450626228965883
20230612094501170,6.44,6.43,6.450626228965883
20230612094501260,6.44,6.43,6.450626228965883
20230612094501740,6.44,6.43,6.450626228965883
20230612094503460,6.44,6.43,6.450626228965883
20230612094503550,6.44,6.43,6.450626228965883
20230612094503640,6.44,6.43,6.450626228965883
20230612094503900,6.44,6.43,6.450626228965883
20230612094504170,6.44,6.43,6.450626228965883
20230612094506250,6.44,6.43,6.450626228965883
20230612094506300,6.44,6.43,6.450626228965883
20230612094506460,6.44,6.43,6.450626228965883
20230612094506600,6.44,6.43,6.450626228965883
20230612094507000,6.44,6.43,6.450626228965883
20230612094509260,6.44,6.43,6.450626228965883
20230612094512140,6.44,6.43,6.450626228965883
20230612094514540,6.44,6.43,6.450626228965883
20230612094515060,6.44,6.43,6.450626228965883
20230612094515360,6.44,6.43,6.450626228965883
20230612094515380,6.44,6.43,6.450626228965883
20230612094517470,6.44,6.43,6.450626228965883
20230612094517610,6.44,6.43,6.450626228965883
20230612094518170,6.44,6.43,6.450626228965883
20230612094519820,6.44,6.43,6.450626228965883
20230612094520090,6.44,6.43,6.450626228965883
20230612094520660,6.44,6.43,6.450626228965883
20230612094523100,6.44,6.43,6.450626228965883
20230612094523270,6.44,6.43,6.450626228965883
20230612094528100,6.44,6.43,6.450626228965883
20230612094528450,6.44,6.43,6.450626228965883
20230612094528600,6.44,6.43,6.450626228965883
20230612094530970,6.44,6.43,6.450626228965883
20230612094531290,6.44,6.43,6.450626228965883
20230612094531450,6.44,6.43,6.450626228965883
20230612094531540,6.44,6.43,6.450626228965883
20230612094533170,6.44,6.43,6.450626228965883
20230612094533410,6.44,6.43,6.450626228965883
20230612094533540,6.44,6.43,6.450626228965883
20230612094533680,6.44,6.43,6.450626228965883
20230612094537030,6.44,6.43,6.450626228965883
20230612094539050,6.44,6.43,6.450626228965883
20230612094541410,6.44,6.43,6.450626228965883
20230612094542370,6.44,6.43,6.450626228965883
20230612094542430,6.44,6.43,6.450626228965883
20230612094544100,6.44,6.43,6.450626228965883
20230612094544420,6.44,6.43,6.450626228965883
20230612094544820,6.44,6.43,6.450626228965883
20230612094544870,6.44,6.43,6.450626228965883
20230612094547060,6.44,6.43,6.450626228965883
20230612094547220,6.44,6.43,6.450626228965883
20230612094547240,6.44,6.43,6.450626228965883
20230612094547380,6.44,6.43,6.45044685998728
20230612094552060,6.44,6.43,6.45044685998728
20230612094552160,6.44,6.43,6.45044685998728
20230612094552220,6.44,6.43,6.450440266616344
20230612094555030,6.44,6.43,6.450440266616344
20230612094555040,6.44,6.43,6.450440266616344
20230612094555780,6.44,6.43,6.450440266616344
20230612094557460,6.44,6.43,6.450403496999148
20230612094557550,6.44,6.43,6.450403496999148
20230612094557650,6.44,6.43,6.45040088050607
20230612094557660,6.44,6.44,6.450328149301126
20230612094557670,6.44,6.44,6.450328149301126
20230612094557680,6.44,6.44,6.450328149301126
20230612094557700,6.44,6.44,6.450328149301126
20230612094557740,6.44,6.44,6.450328149301126
20230612094557910,6.44,6.44,6.450328149301126
20230612094558050,6.44,6.44,6.450328149301126
20230612094558410,6.44,6.44,6.450326859772675
20230612094600600,6.44,6.44,6.4503249260836535
20230612094600750,6.44,6.44,6.4503249260836535
20230612094601320,6.44,6.44,6.4503249260836535
20230612094603630,6.44,6.44,6.4503249260836535
20230612094603940,6.44,6.44,6.4503249260836535
20230612094606020,6.44,6.44,6.4503249260836535
20230612094606130,6.44,6.44,6.4503249260836535
20230612094606380,6.44,6.44,6.4503249260836535
20230612094606640,6.44,6.44,6.4503249260836535
20230612094608390,6.44,6.44,6.4503249260836535
20230612094608720,6.44,6.44,6.4503249260836535
20230612094608880,6.44,6.44,6.4503249260836535
20230612094609150,6.44,6.44,6.4503249260836535
20230612094609290,6.44,6.44,6.45031848568037
20230612094609310,6.44,6.44,6.45031848568037
20230612094611200,6.44,6.44,6.45031848568037
20230612094611270,6.44,6.44,6.45031848568037
20230612094611380,6.44,6.44,6.45031848568037
20230612094612130,6.44,6.44,6.45031848568037
20230612094613910,6.44,6.44,6.45031848568037
20230612094614900,6.44,6.44,6.45031848568037
20230612094616360,6.44,6.44,6.45031848568037
20230612094616610,6.44,6.44,6.45031848568037
20230612094616720,6.44,6.44,6.45031848568037
20230612094616850,6.44,6.44,6.45031848568037
20230612094616990,6.44,6.43,6.4502423519989796
20230612094617210,6.44,6.43,6.4502423519989796
20230612094617330,6.44,6.43,6.4502423519989796
20230612094619090,6.44,6.43,6.4502423519989796
20230612094619580,6.44,6.43,6.4502423519989796
20230612094619980,6.44,6.43,6.4502423519989796
20230612094620030,6.44,6.43,6.4502423519989796
20230612094620070,6.44,6.43,6.4502423519989796
20230612094620080,6.44,6.43,6.4502423519989796
20230612094620090,6.44,6.43,6.4502423519989796
20230612094620160,6.44,6.43,6.4502423519989796
20230612094620260,6.44,6.43,6.4502423519989796
20230612094620280,6.44,6.43,6.4502423519989796
20230612094622050,6.44,6.43,6.4502423519989796
20230612094622060,6.44,6.44,6.4502423519989796
20230612094622880,6.44,6.44,6.4502423519989796
20230612094627500,6.44,6.44,6.4502423519989796
20230612094629950,6.44,6.44,6.4502423519989796
20230612094630230,6.44,6.44,6.4502423519989796
20230612094630380,6.44,6.44,6.4502423519989796
20230612094630620,6.44,6.44,6.4502423519989796
20230612094631000,6.44,6.44,6.4502423519989796
20230612094632960,6.44,6.44,6.4502423519989796
20230612094633020,6.44,6.44,6.4502423519989796
20230612094633180,6.44,6.44,6.4502423519989796
20230612094633340,6.44,6.44,6.4502423519989796
20230612094635490,6.44,6.44,6.4502423519989796
20230612094635570,6.44,6.44,6.4502423519989796
20230612094635630,6.44,6.44,6.4502423519989796
20230612094636470,6.44,6.44,6.4502423519989796
20230612094638080,6.44,6.44,6.4502423519989796
20230612094638540,6.44,6.44,6.4502423519989796
20230612094641000,6.44,6.44,6.4502423519989796
20230612094641010,6.44,6.44,6.4502423519989796
20230612094641200,6.44,6.44,6.4502423519989796
20230612094641390,6.44,6.44,6.4502423519989796
20230612094641430,6.44,6.44,6.4502423519989796
20230612094641890,6.44,6.44,6.4502423519989796
20230612094643450,6.44,6.44,6.4502423519989796
20230612094643720,6.44,6.44,6.4502423519989796
20230612094644200,6.44,6.44,6.4502423519989796
20230612094644210,6.44,6.43,6.4502423519989796
20230612094644220,6.44,6.43,6.4502423519989796
20230612094646100,6.44,6.43,6.4502423519989796
20230612094646150,6.44,6.43,6.4502423519989796
20230612094646250,6.44,6.43,6.4502423519989796
20230612094649040,6.44,6.43,6.4502423519989796
20230612094649140,6.44,6.44,6.4502423519989796
20230612094649550,6.44,6.44,6.4502423519989796
20230612094651450,6.44,6.44,6.4502423519989796
20230612094651990,6.44,6.44,6.4502423519989796
20230612094652090,6.44,6.44,6.4502423519989796
20230612094652500,6.44,6.44,6.4502423519989796
20230612094654180,6.44,6.44,6.4502423519989796
20230612094655100,6.44,6.44,6.4502423519989796
20230612094655320,6.44,6.44,6.4502423519989796
20230612094656950,6.44,6.44,6.450200301578209
20230612094657170,6.44,6.44,6.450200301578209
20230612094657350,6.44,6.44,6.450200301578209
20230612094657420,6.44,6.44,6.450200301578209
20230612094658070,6.44,6.44,6.450200301578209
20230612094700010,6.44,6.44,6.450200301578209
20230612094700030,6.44,6.44,6.450200301578209
20230612094700510,6.44,6.44,6.450200301578209
20230612094703150,6.44,6.44,6.450200301578209
20230612094703440,6.44,6.44,6.450200301578209
20230612094705100,6.44,6.44,6.450200301578209
20230612094705270,6.44,6.44,6.450200301578209
20230612094705390,6.44,6.44,6.450200301578209
20230612094705570,6.44,6.44,6.450200301578209
20230612094705980,6.44,6.44,6.450200301578209
20230612094708010,6.44,6.44,6.450200301578209
20230612094708640,6.44,6.44,6.450200301578209
20230612094708860,6.44,6.44,6.450200301578209
20230612094711060,6.44,6.43,6.450200301578209
20230612094711280,6.44,6.43,6.450200301578209
20230612094711550,6.44,6.43,6.450200301578209
20230612094713090,6.44,6.43,6.450200301578209
20230612094713570,6.44,6.44,6.450200301578209
20230612094713770,6.44,6.44,6.450200301578209
20230612094713960,6.44,6.44,6.450200301578209
20230612094715810,6.44,6.44,6.450200301578209
20230612094715920,6.44,6.44,6.450200301578209
20230612094716830,6.44,6.44,6.450200301578209
20230612094718480,6.44,6.44,6.450200301578209
20230612094719070,6.44,6.44,6.450200301578209
20230612094719120,6.44,6.44,6.450200301578209
20230612094719420,6.44,6.44,6.450200301578209
20230612094719470,6.44,6.44,6.450200301578209
20230612094721530,6.44,6.44,6.450200301578209
20230612094721590,6.44,6.44,6.450200301578209
20230612094721760,6.44,6.44,6.450200301578209
20230612094724920,6.44,6.44,6.450200301578209
20230612094727000,6.44,6.44,6.450200301578209
20230612094727090,6.44,6.44,6.450200301578209
20230612094727480,6.44,6.44,6.450200301578209
20230612094727500,6.44,6.44,6.450200301578209
20230612094727570,6.44,6.44,6.450200301578209
20230612094729560,6.44,6.44,6.450200301578209
20230612094729580,6.44,6.44,6.450200301578209
20230612094732280,6.44,6.44,6.450200301578209
20230612094734960,6.44,6.44,6.450200301578209
20230612094735110,6.44,6.44,6.450200301578209
20230612094735130,6.44,6.44,6.450200301578209
20230612094735140,6.44,6.44,6.450200301578209
20230612094735450,6.44,6.44,6.450200301578209
20230612094738460,6.44,6.44,6.450200301578209
20230612094740160,6.44,6.44,6.450200301578209
20230612094740170,6.44,6.44,6.450200301578209
20230612094740450,6.44,6.44,6.450200301578209
20230612094740710,6.44,6.44,6.450200301578209
20230612094740880,6.44,6.44,6.450200301578209
20230612094741300,6.44,6.44,6.450200301578209
20230612094743440,6.44,6.44,6.450200301578209
20230612094743540,6.44,6.44,6.450200301578209
20230612094743650,6.44,6.44,6.450200301578209
20230612094745640,6.44,6.44,6.450200301578209
20230612094746580,6.44,6.44,6.450200301578209
20230612094748260,6.44,6.44,6.450200301578209
20230612094748520,6.44,6.44,6.450200301578209
20230612094749070,6.44,6.44,6.450200301578209
20230612094749290,6.44,6.44,6.450200301578209
20230612094750840,6.44,6.44,6.450200301578209
20230612094753750,6.44,6.44,6.450200301578209
20230612094754020,6.44,6.44,6.450200301578209
20230612094754340,6.44,6.44,6.450200301578209
20230612094754480,6.44,6.44,6.450200301578209
20230612094759220,6.44,6.44,6.450200301578209
20230612094759380,6.44,6.44,6.450200301578209
20230612094759890,6.44,6.44,6.450200301578209
20230612094800120,6.44,6.44,6.450200301578209
20230612094801870,6.44,6.44,6.450200301578209
20230612094802010,6.44,6.44,6.450200301578209
20230612094802050,6.44,6.44,6.450200301578209
20230612094802260,6.44,6.44,6.450200301578209
20230612094802640,6.44,6.44,6.450019607028921
20230612094804800,6.44,6.44,6.450019607028921
20230612094805070,6.44,6.44,6.450019607028921
20230612094805210,6.44,6.44,6.450019607028921
20230612094805270,6.44,6.44,6.450019607028921
20230612094807050,6.44,6.44,6.450019607028921
20230612094807060,6.44,6.44,6.450019607028921
20230612094807270,6.44,6.44,6.450019607028921
20230612094808010,6.44,6.44,6.450019607028921
20230612094808020,6.44,6.44,6.450019607028921
20230612094808030,6.44,6.44,6.450019607028921
20230612094808050,6.44,6.44,6.450019607028921
20230612094808110,6.44,6.44,6.450019607028921
20230612094809880,6.44,6.44,6.450019607028921
20230612094810190,6.44,6.44,6.450019607028921
20230612094810610,6.44,6.44,6.450012376349265
20230612094813450,6.44,6.44,6.450012376349265
20230612094815150,6.44,6.44,6.450012376349265
20230612094818160,6.44,6.44,6.450001548202194
20230612094818250,6.44,6.44,6.450001548202194
20230612094818260,6.44,6.44,6.450001548202194
20230612094818830,6.44,6.44,6.450001548202194
20230612094820930,6.44,6.44,6.450001548202194
20230612094821020,6.44,6.44,6.450001548202194
20230612094821350,6.44,6.44,6.450001548202194
20230612094823400,6.44,6.44,6.450001548202194
20230612094823520,6.44,6.44,6.450001548202194
20230612094823670,6.44,6.44,6.450001548202194
20230612094823900,6.44,6.44,6.450001548202194
20230612094824330,6.44,6.44,6.450001548202194
20230612094826520,6.44,6.44,6.450001548202194
20230612094826780,6.44,6.44,6.450001548202194
20230612094827190,6.44,6.44,6.449984173471215
20230612094829310,6.44,6.44,6.449984173471215
20230612094834060,6.44,6.44,6.449984173471215
20230612094834130,6.44,6.44,6.449984173471215
20230612094834380,6.44,6.44,6.449984173471215
20230612094834390,6.44,6.44,6.4499835754191945
20230612094835000,6.44,6.44,6.4499835754191945
20230612094835010,6.44,6.44,6.449982977438816
20230612094835130,6.44,6.44,6.449982379530068
20230612094837200,6.44,6.44,6.449982379530068
20230612094837460,6.44,6.44,6.449982379530068
20230612094837520,6.44,6.44,6.449982379530068
20230612094847810,6.44,6.44,6.449982379530068
20230612094848410,6.44,6.44,6.449982379530068
20230612094850360,6.44,6.44,6.449982379530068
20230612094850370,6.44,6.44,6.449982379530068
20230612094850800,6.44,6.44,6.449981781692936
20230612094851110,6.44,6.44,6.449981786056213
20230612094853420,6.44,6.44,6.449981786056213
20230612094856070,6.44,6.44,6.449978798658485
20230612094858470,6.44,6.44,6.449978798658485
20230612094858730,6.44,6.44,6.449978798658485
20230612094859290,6.44,6.44,6.449978798658485
20230612094859300,6.44,6.44,6.449978798658485
20230612094901200,6.44,6.43,6.449698408736966
20230612094901220,6.44,6.44,6.449698408736966
20230612094901240,6.44,6.44,6.449698408736966
20230612094901310,6.44,6.44,6.449698408736966
20230612094901350,6.44,6.44,6.449698408736966
20230612094901510,6.44,6.44,6.449698408736966
20230612094901600,6.44,6.43,6.449651804690579
20230612094901650,6.44,6.43,6.449651804690579
20230612094901720,6.44,6.43,6.449651804690579
20230612094901880,6.44,6.43,6.449651804690579
20230612094902020,6.44,6.43,6.449651804690579
20230612094902120,6.44,6.43,6.449651804690579
20230612094902130,6.44,6.43,6.449651804690579
20230612094902140,6.44,6.43,6.449651804690579
20230612094902240,6.44,6.43,6.449651804690579
20230612094902250,6.44,6.43,6.449651804690579
20230612094902260,6.44,6.43,6.449651804690579
20230612094902270,6.44,6.43,6.449651804690579
20230612094904070,6.44,6.43,6.449648392028243
20230612094904090,6.44,6.43,6.4496478335587835
20230612094904300,6.44,6.43,6.4496478335587835
20230612094904340,6.44,6.43,6.4496478335587835
20230612094904450,6.44,6.43,6.4496478335587835
20230612094904720,6.44,6.43,6.4496478335587835
20230612094904750,6.44,6.43,6.4496478335587835
20230612094904760,6.44,6.43,6.449647275153971
20230612094904780,6.44,6.43,6.449647275153971
20230612094904800,6.44,6.43,6.449647275153971
20230612094906470,6.44,6.43,6.449647275153971
20230612094906630,6.44,6.43,6.449647275153971
20230612094906790,6.44,6.43,6.449647275153971
20230612094907050,6.44,6.43,6.449647275153971
20230612094907130,6.44,6.43,6.449647275153971
20230612094907220,6.44,6.43,6.449647275153971
20230612094907350,6.44,6.43,6.449647275153971
20230612094907490,6.44,6.43,6.449635910129231
20230612094909340,6.44,6.43,6.449635910129231
20230612094909480,6.44,6.43,6.449635910129231
20230612094909650,6.44,6.43,6.449635910129231
20230612094909830,6.44,6.43,6.449635910129231
20230612094910240,6.44,6.43,6.449635910129231
20230612094912120,6.44,6.43,6.449635910129231
20230612094912430,6.44,6.43,6.449635910129231
20230612094912630,6.44,6.43,6.449635910129231
20230612094912820,6.44,6.43,6.449635910129231
20230612094915030,6.44,6.43,6.449471544831013
20230612094915220,6.44,6.43,6.449460249004883
20230612094915290,6.44,6.43,6.449459143904791
20230612094918280,6.44,6.43,6.449459143904791
20230612094920000,6.44,6.43,6.449456995745874
20230612094920190,6.44,6.43,6.449454848562422
20230612094920470,6.44,6.43,6.449454848562422
20230612094920520,6.44,6.43,6.449454311918898
20230612094920690,6.44,6.43,6.449454311918898
20230612094921100,6.44,6.43,6.449400953467253
20230612094921150,6.44,6.43,6.449398301350354
20230612094923020,6.44,6.43,6.449398301350354
20230612094923030,6.44,6.43,6.449398301350354
20230612094923050,6.44,6.43,6.449398301350354
20230612094923100,6.44,6.43,6.449397771106531
20230612094923120,6.44,6.43,6.449397771106531
20230612094923200,6.44,6.43,6.449383477105301
20230612094923680,6.44,6.43,6.449321746414102
20230612094923850,6.44,6.43,6.449321746414102
20230612094928150,6.44,6.43,6.449321746414102
20230612094928220,6.44,6.43,6.449321746414102
20230612094928720,6.44,6.43,6.449321746414102
20230612094929010,6.44,6.43,6.449321746414102
20230612094929020,6.44,6.43,6.449321746414102
20230612094929040,6.44,6.43,6.449321746414102
20230612094929090,6.44,6.43,6.449321746414102
20230612094929190,6.44,6.43,6.449321746414102
20230612094930850,6.44,6.43,6.449321746414102
20230612094931230,6.44,6.44,6.449321746414102
20230612094931240,6.44,6.44,6.449321746414102
20230612094931280,6.44,6.44,6.449321746414102
20230612094931610,6.44,6.44,6.449321746414102
20230612094931700,6.44,6.44,6.449321746414102
20230612094931920,6.44,6.44,6.449321746414102
20230612094934550,6.44,6.44,6.449321746414102
20230612094936420,6.44,6.44,6.449321746414102
20230612094941570,6.44,6.44,6.449321746414102
20230612094942170,6.44,6.44,6.449321746414102
20230612094942450,6.44,6.44,6.449321746414102
