Timestamp,ask1,bid1,VWAP
20230605093000140,6.51,6.49,6.5
20230605093000150,6.51,6.49,6.499962078119075
20230605093000160,6.51,6.48,6.499935824839562
20230605093000170,6.51,6.48,6.499935824839562
20230605093000180,6.49,6.48,6.499690980955803
20230605093000190,6.5,6.48,6.4996736011477765
20230605093000200,6.5,6.48,6.499450704225352
20230605093000210,6.49,6.48,6.499480304534922
20230605093000220,6.49,6.48,6.499480304534922
20230605093000230,6.5,6.48,6.499349935316947
20230605093000240,6.5,6.48,6.499349935316947
20230605093000250,6.5,6.48,6.499349935316947
20230605093000260,6.5,6.48,6.499298809906723
20230605093000270,6.49,6.48,6.499200495816548
20230605093000560,6.49,6.48,6.499200495816548
20230605093000570,6.47,6.46,6.49714489040706
20230605093000580,6.47,6.46,6.49714489040706
20230605093000600,6.47,6.46,6.49714489040706
20230605093000610,6.47,6.46,6.49714489040706
20230605093000620,6.47,6.46,6.49714489040706
20230605093000630,6.47,6.46,6.49714489040706
20230605093000640,6.47,6.46,6.49714489040706
20230605093000650,6.47,6.46,6.49708321499574
20230605093000660,6.47,6.46,6.49708321499574
20230605093000670,6.47,6.46,6.49708321499574
20230605093000680,6.47,6.46,6.49708321499574
20230605093000690,6.47,6.46,6.49708321499574
20230605093000700,6.47,6.46,6.49708321499574
20230605093000710,6.47,6.46,6.49708321499574
20230605093000720,6.47,6.46,6.49708321499574
20230605093000730,6.47,6.46,6.49708321499574
20230605093000740,6.47,6.46,6.49708321499574
20230605093000770,6.47,6.46,6.496930245693307
20230605093000780,6.47,6.46,6.496930245693307
20230605093000790,6.47,6.46,6.4966965285554314
20230605093000800,6.47,6.46,6.496644314054205
20230605093000810,6.47,6.46,6.496277211352989
20230605093000820,6.47,6.46,6.496277211352989
20230605093000830,6.47,6.46,6.496277211352989
20230605093000840,6.47,6.46,6.496277211352989
20230605093000850,6.47,6.46,6.496277211352989
20230605093000860,6.47,6.46,6.496277211352989
20230605093000870,6.47,6.46,6.496277211352989
20230605093000880,6.47,6.46,6.496277211352989
20230605093000890,6.47,6.46,6.496277211352989
20230605093000900,6.47,6.46,6.496277211352989
20230605093000910,6.47,6.46,6.496277211352989
20230605093000920,6.47,6.46,6.496277211352989
20230605093000930,6.47,6.46,6.496140350877193
20230605093000940,6.47,6.46,6.496140350877193
20230605093001570,6.47,6.46,6.496140350877193
20230605093001580,6.47,6.46,6.496140350877193
20230605093001590,6.47,6.46,6.496140350877193
20230605093001600,6.47,6.46,6.496140350877193
20230605093001610,6.47,6.46,6.496140350877193
20230605093001620,6.47,6.46,6.496140350877193
20230605093001630,6.47,6.46,6.495148958607962
20230605093001640,6.47,6.46,6.495148958607962
20230605093001650,6.47,6.46,6.495148958607962
20230605093001660,6.47,6.46,6.495109124375493
20230605093001670,6.47,6.46,6.495109124375493
20230605093001680,6.47,6.46,6.495109124375493
20230605093001690,6.48,6.46,6.494979144942649
20230605093001700,6.48,6.46,6.494979144942649
20230605093001740,6.48,6.46,6.494979144942649
20230605093001760,6.48,6.46,6.494979144942649
20230605093001770,6.48,6.46,6.494979144942649
20230605093001790,6.48,6.46,6.494979144942649
20230605093001800,6.48,6.46,6.494979144942649
20230605093001810,6.48,6.46,6.494979144942649
20230605093001820,6.48,6.46,6.494979144942649
20230605093001830,6.49,6.46,6.494979144942649
20230605093001840,6.49,6.46,6.494979144942649
20230605093001850,6.49,6.46,6.494979144942649
20230605093001860,6.49,6.46,6.494979144942649
20230605093001880,6.49,6.46,6.494979144942649
20230605093001890,6.49,6.46,6.494979144942649
20230605093001900,6.49,6.46,6.494979144942649
20230605093001910,6.49,6.46,6.494979144942649
20230605093001920,6.49,6.46,6.494979144942649
20230605093001940,6.49,6.46,6.494979144942649
20230605093001950,6.49,6.46,6.494979144942649
20230605093001960,6.49,6.46,6.494979144942649
20230605093001970,6.49,6.46,6.494979144942649
20230605093001990,6.49,6.46,6.494979144942649
20230605093002010,6.49,6.46,6.494979144942649
20230605093002020,6.49,6.46,6.494979144942649
20230605093002040,6.49,6.46,6.494979144942649
20230605093002050,6.49,6.46,6.494979144942649
20230605093002060,6.49,6.46,6.494979144942649
20230605093002070,6.49,6.46,6.494979144942649
20230605093002080,6.49,6.46,6.494979144942649
20230605093002090,6.49,6.46,6.494979144942649
20230605093002110,6.49,6.46,6.494979144942649
20230605093002120,6.49,6.46,6.494979144942649
20230605093002140,6.49,6.46,6.494979144942649
20230605093002150,6.49,6.46,6.494979144942649
20230605093002160,6.49,6.46,6.494979144942649
20230605093002170,6.48,6.46,6.494979144942649
20230605093002190,6.48,6.46,6.494979144942649
20230605093002220,6.48,6.46,6.494979144942649
20230605093002230,6.48,6.46,6.494979144942649
20230605093003240,6.48,6.46,6.494979144942649
20230605093003250,6.48,6.46,6.494979144942649
20230605093003260,6.48,6.46,6.494979144942649
20230605093003270,6.48,6.46,6.494979144942649
20230605093003280,6.48,6.46,6.494979144942649
20230605093003300,6.48,6.46,6.494979144942649
20230605093003390,6.48,6.46,6.494979144942649
20230605093003410,6.48,6.46,6.494979144942649
20230605093003430,6.48,6.46,6.494979144942649
20230605093003440,6.48,6.46,6.494979144942649
20230605093003460,6.48,6.46,6.494979144942649
20230605093003480,6.48,6.46,6.494979144942649
20230605093003490,6.48,6.46,6.494979144942649
20230605093003510,6.48,6.46,6.494979144942649
20230605093003520,6.48,6.46,6.494979144942649
20230605093003530,6.48,6.46,6.494979144942649
20230605093003540,6.48,6.46,6.494979144942649
20230605093003550,6.48,6.46,6.494979144942649
20230605093003570,6.48,6.46,6.494979144942649
20230605093003580,6.48,6.46,6.4939184796199045
20230605093003590,6.48,6.46,6.4939184796199045
20230605093003600,6.48,6.46,6.4939184796199045
20230605093003610,6.48,6.48,6.4939184796199045
20230605093003620,6.48,6.48,6.4939184796199045
20230605093003630,6.49,6.48,6.4939184796199045
20230605093003640,6.49,6.48,6.4939184796199045
20230605093003650,6.49,6.48,6.4939184796199045
20230605093003660,6.49,6.48,6.4939184796199045
20230605093003670,6.49,6.48,6.4937555775904805
20230605093003680,6.49,6.48,6.4937555775904805
20230605093003690,6.49,6.46,6.4937444279346215
20230605093003700,6.49,6.46,6.4937444279346215
20230605093003720,6.49,6.46,6.4937444279346215
20230605093003730,6.48,6.46,6.4937444279346215
20230605093003750,6.48,6.46,6.4937444279346215
20230605093003760,6.48,6.46,6.4937444279346215
20230605093003770,6.48,6.46,6.4937444279346215
20230605093003810,6.48,6.46,6.4937444279346215
20230605093003820,6.48,6.46,6.4937444279346215
20230605093003860,6.48,6.46,6.4937444279346215
20230605093003870,6.48,6.46,6.4937444279346215
20230605093003890,6.48,6.46,6.4937444279346215
20230605093003920,6.48,6.46,6.4937444279346215
20230605093003930,6.48,6.46,6.4937444279346215
20230605093003950,6.48,6.46,6.4937444279346215
20230605093003960,6.49,6.46,6.493739173471913
20230605093003970,6.49,6.46,6.493739173471913
20230605093003980,6.49,6.46,6.493739173471913
20230605093003990,6.49,6.46,6.493739173471913
20230605093004010,6.49,6.46,6.493739173471913
20230605093004020,6.49,6.46,6.493739173471913
20230605093004040,6.49,6.46,6.493739173471913
20230605093004050,6.49,6.46,6.493739173471913
20230605093004090,6.49,6.48,6.493739173471913
20230605093004110,6.49,6.48,6.493739173471913
20230605093004120,6.49,6.48,6.493739173471913
20230605093004140,6.47,6.46,6.493673119333497
20230605093004150,6.47,6.46,6.493673119333497
20230605093004170,6.47,6.46,6.493673119333497
20230605093004190,6.47,6.46,6.493667319941205
20230605093004200,6.47,6.46,6.493661523389664
20230605093004210,6.47,6.46,6.493655729676788
20230605093004230,6.48,6.46,6.492586678832117
20230605093004250,6.49,6.46,6.492586678832117
20230605093004270,6.49,6.46,6.492586678832117
20230605093004280,6.48,6.46,6.492586678832117
20230605093004290,6.48,6.46,6.492586678832117
20230605093004310,6.49,6.46,6.492583219334246
20230605093004330,6.49,6.46,6.492583219334246
20230605093004340,6.49,6.46,6.492583219334246
20230605093005930,6.49,6.46,6.492583219334246
20230605093005940,6.48,6.46,6.492583219334246
20230605093005980,6.48,6.46,6.492583219334246
20230605093006010,6.48,6.46,6.492583219334246
20230605093006030,6.48,6.46,6.492583219334246
20230605093006090,6.48,6.46,6.492583219334246
20230605093006260,6.48,6.46,6.492583219334246
20230605093006310,6.48,6.46,6.492583219334246
20230605093006330,6.48,6.46,6.492583219334246
20230605093006340,6.48,6.46,6.492583219334246
20230605093006360,6.48,6.46,6.492481372770377
20230605093006400,6.48,6.46,6.492481372770377
20230605093006410,6.48,6.46,6.492481372770377
20230605093006480,6.48,6.46,6.49247855530474
20230605093006520,6.48,6.46,6.49247855530474
20230605093006530,6.48,6.46,6.49247855530474
20230605093006570,6.48,6.46,6.49247855530474
20230605093006580,6.48,6.46,6.49247855530474
20230605093006610,6.48,6.46,6.49247855530474
20230605093006650,6.48,6.46,6.49247855530474
20230605093006680,6.48,6.46,6.49247855530474
20230605093006740,6.48,6.46,6.49247855530474
20230605093006760,6.48,6.46,6.49247855530474
20230605093006790,6.48,6.46,6.49247855530474
20230605093006810,6.48,6.46,6.49247855530474
20230605093006820,6.48,6.46,6.49247855530474
20230605093006830,6.48,6.46,6.49247855530474
20230605093006860,6.48,6.46,6.49247855530474
20230605093006870,6.48,6.46,6.49247855530474
20230605093006880,6.48,6.46,6.49247855530474
20230605093006920,6.48,6.46,6.49247855530474
20230605093007020,6.48,6.46,6.49247855530474
20230605093007030,6.48,6.46,6.49247855530474
20230605093007050,6.48,6.46,6.49247855530474
20230605093007060,6.48,6.46,6.49247855530474
20230605093007120,6.48,6.46,6.49247855530474
20230605093007140,6.48,6.46,6.49247855530474
20230605093007150,6.48,6.46,6.49247855530474
20230605093007160,6.48,6.46,6.49247855530474
20230605093007170,6.48,6.46,6.49247855530474
20230605093007210,6.47,6.46,6.49247855530474
20230605093007220,6.47,6.46,6.49247855530474
20230605093007250,6.47,6.46,6.4920945196361215
20230605093007280,6.47,6.46,6.492050487156776
20230605093007300,6.47,6.46,6.492050487156776
20230605093007340,6.47,6.46,6.492030973451327
20230605093007350,6.48,6.46,6.491962987442168
20230605093007400,6.48,6.46,6.491962987442168
20230605093007410,6.48,6.46,6.491962987442168
20230605093007480,6.47,6.46,6.491943649570768
20230605093007490,6.47,6.46,6.491890645586298
20230605093007560,6.47,6.46,6.491866637420487
20230605093007570,6.47,6.46,6.491842681858019
20230605093007610,6.47,6.46,6.491823555166375
20230605093007630,6.47,6.46,6.491823555166375
20230605093007660,6.47,6.46,6.491804461942257
20230605093007690,6.47,6.46,6.491804461942257
20230605093007710,6.47,6.46,6.491785402097902
20230605093007810,6.47,6.46,6.491785402097902
20230605093007820,6.47,6.46,6.4917378979502836
20230605093007850,6.47,6.46,6.4917378979502836
20230605093007910,6.47,6.46,6.491700043535046
20230605093007920,6.47,6.46,6.491676451402479
20230605093007930,6.47,6.46,6.491652910512598
20230605093007960,6.47,6.46,6.491624728850326
20230605093007970,6.47,6.46,6.491615351257589
20230605093008120,6.47,6.46,6.491591942820013
20230605093008150,6.47,6.46,6.491577922077922
20230605093008210,6.47,6.46,6.4915313174946006
20230605093011520,6.47,6.46,6.4915313174946006
20230605093011710,6.47,6.46,6.4915313174946006
20230605093011720,6.47,6.46,6.4915313174946006
20230605093011870,6.47,6.46,6.4915313174946006
20230605093011960,6.47,6.46,6.4915313174946006
20230605093012110,6.47,6.46,6.4915313174946006
20230605093012200,6.47,6.46,6.490950868276154
20230605093012220,6.47,6.46,6.490950868276154
20230605093012340,6.47,6.46,6.490950868276154
20230605093012480,6.47,6.46,6.490950868276154
20230605093012890,6.47,6.46,6.490950868276154
20230605093012910,6.47,6.46,6.490950868276154
20230605093012930,6.47,6.46,6.490950868276154
20230605093013030,6.47,6.46,6.490950868276154
20230605093013090,6.47,6.46,6.490950868276154
20230605093013100,6.47,6.46,6.49081069698884
20230605093013120,6.46,6.46,6.4907977267943595
20230605093013150,6.46,6.46,6.4907977267943595
20230605093013160,6.46,6.46,6.4907977267943595
20230605093013170,6.46,6.46,6.4907977267943595
20230605093013190,6.46,6.46,6.4907977267943595
20230605093013210,6.46,6.46,6.4907977267943595
20230605093013250,6.46,6.46,6.4907977267943595
20230605093013320,6.46,6.46,6.4907977267943595
20230605093013350,6.46,6.46,6.4907977267943595
20230605093013950,6.47,6.46,6.4907977267943595
20230605093014090,6.47,6.46,6.4907977267943595
20230605093014180,6.47,6.46,6.4907977267943595
20230605093014190,6.47,6.46,6.489987775061125
20230605093014550,6.47,6.46,6.489979633401222
20230605093017160,6.46,6.46,6.489979633401222
20230605093017180,6.47,6.46,6.489979633401222
20230605093017230,6.46,6.46,6.489979633401222
20230605093017260,6.46,6.46,6.489979633401222
20230605093017370,6.46,6.46,6.489979633401222
20230605093017390,6.46,6.46,6.489979633401222
20230605093017430,6.46,6.46,6.489979633401222
20230605093017490,6.46,6.49,6.489979633401222
20230605093017500,6.46,6.49,6.489979633401222
20230605093017510,6.46,6.49,6.489979633401222
20230605093017720,6.46,6.49,6.489979633401222
20230605093017810,6.46,6.49,6.489979633401222
20230605093017870,6.46,6.49,6.489979633401222
20230605093017890,6.46,6.49,6.489979633401222
20230605093017900,6.46,6.49,6.489979633401222
20230605093018020,6.46,6.49,6.489979633401222
20230605093018040,6.46,6.46,6.489979633401222
20230605093018250,6.46,6.46,6.489979633401222
20230605093018270,6.46,6.46,6.489979633401222
20230605093018540,6.46,6.46,6.489979633401222
20230605093018560,6.46,6.46,6.489979633401222
20230605093018580,6.46,6.46,6.489979633401222
20230605093018620,6.46,6.46,6.489979633401222
20230605093018640,6.46,6.46,6.489979633401222
20230605093018660,6.46,6.46,6.489979633401222
20230605093018680,6.46,6.46,6.489979633401222
20230605093018690,6.46,6.46,6.489979633401222
20230605093018730,6.46,6.46,6.489979633401222
20230605093018780,6.46,6.46,6.489979633401222
20230605093018790,6.46,6.46,6.489979633401222
20230605093020570,6.46,6.46,6.489979633401222
20230605093020960,6.46,6.46,6.489979633401222
20230605093020970,6.46,6.46,6.489979633401222
20230605093021050,6.46,6.46,6.489979633401222
20230605093021320,6.46,6.46,6.489979633401222
20230605093021390,6.46,6.46,6.489979633401222
20230605093021420,6.46,6.46,6.489979633401222
20230605093021430,6.46,6.46,6.489979633401222
20230605093021590,6.46,6.46,6.489979633401222
20230605093021600,6.46,6.46,6.489979633401222
20230605093021610,6.46,6.46,6.489979633401222
20230605093021680,6.46,6.46,6.489979633401222
20230605093023220,6.46,6.46,6.489979633401222
20230605093023230,6.46,6.46,6.489979633401222
20230605093023270,6.46,6.46,6.489979633401222
20230605093023850,6.46,6.46,6.489979633401222
20230605093023990,6.46,6.46,6.489979633401222
20230605093024050,6.46,6.46,6.489979633401222
20230605093024100,6.46,6.46,6.488347219531098
20230605093024130,6.46,6.46,6.488347219531098
20230605093024300,6.46,6.45,6.488125602003468
20230605093025980,6.46,6.45,6.488125602003468
20230605093025990,6.46,6.45,6.488125602003468
20230605093026090,6.46,6.43,6.487668443090978
20230605093026170,6.46,6.43,6.485387915623883
20230605093026210,6.46,6.45,6.485387915623883
20230605093026660,6.46,6.45,6.485387915623883
20230605093026720,6.46,6.45,6.485387915623883
20230605093026840,6.46,6.45,6.485387915623883
20230605093026880,6.46,6.45,6.485270462633452
20230605093026960,6.46,6.45,6.485270462633452
20230605093028600,6.46,6.45,6.485270462633452
20230605093028620,6.46,6.45,6.485270462633452
20230605093028680,6.46,6.45,6.485270462633452
20230605093028900,6.46,6.45,6.485270462633452
20230605093029070,6.45,6.45,6.485270462633452
20230605093029150,6.46,6.45,6.485270462633452
20230605093029190,6.46,6.45,6.485270462633452
20230605093029370,6.45,6.45,6.485270462633452
20230605093029520,6.45,6.45,6.485270462633452
20230605093029770,6.45,6.45,6.485270462633452
20230605093031300,6.45,6.45,6.485270462633452
20230605093031360,6.45,6.45,6.485270462633452
20230605093031400,6.45,6.45,6.485270462633452
20230605093031530,6.45,6.45,6.485270462633452
20230605093031540,6.45,6.45,6.485270462633452
20230605093031590,6.45,6.45,6.485270462633452
20230605093031660,6.45,6.45,6.485270462633452
20230605093031670,6.45,6.45,6.485270462633452
20230605093031820,6.45,6.45,6.485270462633452
20230605093031910,6.45,6.45,6.485270462633452
20230605093031930,6.45,6.45,6.485270462633452
20230605093032010,6.45,6.45,6.485270462633452
20230605093032100,6.45,6.45,6.485270462633452
20230605093032110,6.45,6.45,6.484948871650212
20230605093032210,6.45,6.45,6.484948871650212
20230605093032270,6.45,6.45,6.484926898009512
20230605093032390,6.45,6.45,6.484926898009512
20230605093032480,6.45,6.45,6.484926898009512
20230605093032550,6.45,6.45,6.484926898009512
20230605093034090,6.45,6.45,6.484926898009512
20230605093034240,6.45,6.45,6.484926898009512
20230605093034330,6.45,6.45,6.484926898009512
20230605093034340,6.45,6.45,6.484918119387216
20230605093034370,6.45,6.45,6.484918119387216
20230605093034400,6.45,6.45,6.484918119387216
20230605093034410,6.45,6.45,6.484918119387216
20230605093034500,6.45,6.45,6.484918119387216
20230605093034600,6.45,6.45,6.484918119387216
20230605093034710,6.45,6.45,6.484918119387216
20230605093034740,6.45,6.45,6.484918119387216
20230605093034870,6.45,6.45,6.484918119387216
20230605093034880,6.45,6.45,6.484918119387216
20230605093034970,6.45,6.45,6.484918119387216
20230605093034990,6.45,6.45,6.484918119387216
20230605093035140,6.45,6.45,6.484918119387216
20230605093035180,6.45,6.45,6.484918119387216
20230605093035200,6.45,6.45,6.484918119387216
20230605093036770,6.45,6.45,6.484911971830986
20230605093036880,6.45,6.45,6.484911971830986
20230605093036950,6.45,6.45,6.484911971830986
20230605093036960,6.45,6.45,6.484911971830986
20230605093037070,6.45,6.45,6.484911971830986
20230605093037090,6.45,6.45,6.484911971830986
20230605093037100,6.45,6.45,6.484911971830986
20230605093037110,6.45,6.45,6.484911971830986
20230605093037130,6.45,6.45,6.484911971830986
20230605093037180,6.45,6.45,6.484911971830986
20230605093037240,6.45,6.45,6.484911971830986
20230605093037270,6.45,6.45,6.484907586692484
20230605093037400,6.45,6.45,6.484907586692484
20230605093037460,6.45,6.45,6.484907586692484
20230605093037510,6.45,6.45,6.484907586692484
20230605093037570,6.45,6.45,6.484651406604928
20230605093037580,6.45,6.45,6.484651406604928
20230605093037720,6.45,6.45,6.48464535290007
20230605093037740,6.45,6.45,6.48464535290007
20230605093039470,6.45,6.45,6.48464535290007
20230605093039540,6.45,6.45,6.48464535290007
20230605093040250,6.45,6.45,6.48463674467342
20230605093040270,6.45,6.45,6.484630696699843
20230605093040290,6.45,6.45,6.484626396648045
20230605093042080,6.45,6.45,6.4845841325196165
20230605093042120,6.45,6.45,6.4845841325196165
20230605093042330,6.45,6.45,6.4845841325196165
20230605093042430,6.45,6.45,6.48457810320781
20230605093042670,6.45,6.45,6.48457810320781
20230605093042840,6.45,6.45,6.48457810320781
20230605093043220,6.45,6.45,6.484565255270953
20230605093044830,6.45,6.45,6.484565255270953
20230605093044910,6.45,6.45,6.484565255270953
20230605093044930,6.45,6.45,6.484565255270953
20230605093044940,6.45,6.45,6.484565255270953
20230605093044990,6.45,6.45,6.484565255270953
20230605093045200,6.45,6.45,6.484565255270953
20230605093045340,6.45,6.45,6.484565255270953
20230605093045590,6.45,6.45,6.484565255270953
20230605093046000,6.45,6.45,6.484565255270953
20230605093047510,6.45,6.45,6.484565255270953
20230605093047520,6.45,6.45,6.484565255270953
20230605093047570,6.45,6.45,6.484565255270953
20230605093047630,6.45,6.45,6.484565255270953
20230605093047790,6.45,6.45,6.484565255270953
20230605093047820,6.45,6.45,6.484565255270953
20230605093047830,6.45,6.45,6.484565255270953
20230605093048000,6.45,6.45,6.484565255270953
20230605093048030,6.45,6.45,6.484565255270953
20230605093048120,6.45,6.45,6.484565255270953
20230605093048140,6.45,6.45,6.484565255270953
20230605093048210,6.45,6.45,6.484565255270953
20230605093048380,6.45,6.45,6.484565255270953
20230605093050190,6.45,6.45,6.484565255270953
20230605093050200,6.45,6.45,6.484349783549783
20230605093050210,6.45,6.45,6.484349783549783
20230605093050320,6.45,6.45,6.484349783549783
20230605093050530,6.45,6.45,6.484343836565097
20230605093050570,6.45,6.45,6.484343836565097
20230605093050630,6.45,6.45,6.484343836565097
20230605093050850,6.45,6.45,6.484343836565097
20230605093051020,6.45,6.45,6.483105015146415
20230605093051030,6.45,6.45,6.483105015146415
20230605093051070,6.45,6.45,6.483105015146415
20230605093051150,6.45,6.45,6.483105015146415
20230605093051180,6.45,6.45,6.483105015146415
20230605093051190,6.45,6.45,6.483105015146415
20230605093051310,6.45,6.45,6.483105015146415
20230605093051340,6.45,6.45,6.482645687645688
20230605093051390,6.45,6.45,6.482640253038122
20230605093051420,6.45,6.45,6.482640253038122
20230605093052980,6.45,6.45,6.482640253038122
20230605093053000,6.44,6.45,6.482640253038122
20230605093053260,6.45,6.45,6.482640253038122
20230605093053400,6.44,6.45,6.482640253038122
20230605093053530,6.44,6.45,6.482400264856812
20230605093053610,6.45,6.45,6.48218785984537
20230605093054120,6.45,6.45,6.48218785984537
20230605093055790,6.45,6.45,6.48218785984537
20230605093055900,6.45,6.45,6.48218785984537
20230605093056030,6.45,6.45,6.48218785984537
20230605093056140,6.45,6.45,6.48218785984537
20230605093056150,6.45,6.45,6.48218785984537
20230605093056190,6.45,6.45,6.48218785984537
20230605093056320,6.45,6.45,6.48218785984537
20230605093056410,6.45,6.45,6.48218785984537
20230605093056460,6.45,6.45,6.48218785984537
20230605093056820,6.45,6.45,6.482051155927201
20230605093056840,6.44,6.45,6.482051155927201
20230605093058280,6.44,6.45,6.482051155927201
20230605093058390,6.45,6.45,6.482030149106997
20230605093058500,6.45,6.45,6.482030149106997
20230605093058510,6.45,6.45,6.482030149106997
20230605093058580,6.45,6.45,6.481845024469821
20230605093058920,6.45,6.45,6.481845024469821
20230605093059030,6.45,6.45,6.481845024469821
20230605093059070,6.45,6.45,6.481845024469821
20230605093059380,6.45,6.45,6.4818190709046455
20230605093059480,6.45,6.45,6.4818190709046455
20230605093101070,6.45,6.45,6.4817986314760505
20230605093101140,6.45,6.45,6.481764610125346
20230605093101150,6.45,6.45,6.481759440104167
20230605093101160,6.45,6.45,6.481754271765663
20230605093101190,6.45,6.45,6.481754271765663
20230605093101210,6.45,6.45,6.481580483060464
20230605093101220,6.45,6.45,6.481580483060464
20230605093101290,6.45,6.45,6.481580483060464
20230605093101350,6.45,6.45,6.481580483060464
20230605093102070,6.45,6.45,6.481580483060464
20230605093102110,6.45,6.45,6.481580483060464
20230605093102130,6.45,6.45,6.4815293736850625
20230605093102140,6.45,6.45,6.4815293736850625
20230605093102160,6.45,6.45,6.4815293736850625
20230605093103790,6.45,6.45,6.4815293736850625
20230605093103900,6.44,6.45,6.4815293736850625
20230605093103920,6.44,6.45,6.4815293736850625
20230605093104000,6.44,6.45,6.4815293736850625
20230605093104050,6.44,6.45,6.48150922031705
20230605093104230,6.44,6.45,6.48150922031705
20230605093104410,6.44,6.45,6.48150922031705
20230605093104430,6.44,6.45,6.481415429309232
20230605093104620,6.44,6.45,6.481415429309232
20230605093104890,6.44,6.45,6.481415429309232
20230605093104920,6.44,6.45,6.481415429309232
20230605093106390,6.44,6.45,6.481415429309232
20230605093106440,6.44,6.45,6.481415429309232
20230605093106480,6.44,6.45,6.481415429309232
20230605093106570,6.44,6.45,6.481415429309232
20230605093106960,6.44,6.45,6.481415429309232
20230605093106980,6.44,6.45,6.481415429309232
20230605093107120,6.44,6.45,6.4813620245003225
20230605093107290,6.44,6.45,6.4813620245003225
20230605093107360,6.44,6.45,6.4813620245003225
20230605093107440,6.44,6.45,6.480482802145787
20230605093107610,6.44,6.45,6.480450890745704
20230605093109090,6.44,6.45,6.480450890745704
20230605093109140,6.44,6.45,6.480450890745704
20230605093109150,6.44,6.45,6.480450890745704
20230605093109170,6.44,6.45,6.480450890745704
20230605093109510,6.44,6.45,6.480450890745704
20230605093109840,6.44,6.45,6.480450890745704
20230605093109880,6.44,6.45,6.480450890745704
20230605093109900,6.44,6.45,6.480450890745704
20230605093109920,6.44,6.45,6.480450890745704
20230605093109930,6.44,6.45,6.480450890745704
20230605093109950,6.44,6.45,6.480450890745704
20230605093110070,6.45,6.44,6.48032374666038
20230605093110080,6.45,6.44,6.48032374666038
20230605093110110,6.45,6.44,6.48032374666038
20230605093110160,6.45,6.44,6.48032374666038
20230605093110170,6.45,6.44,6.48032374666038
20230605093110200,6.45,6.44,6.48032374666038
20230605093110210,6.45,6.44,6.48032374666038
20230605093110230,6.45,6.44,6.480285669439648
20230605093110260,6.45,6.44,6.480285669439648
20230605093110270,6.45,6.44,6.48028091650973
20230605093111790,6.45,6.44,6.48028091650973
20230605093111950,6.45,6.44,6.480255646173149
20230605093111980,6.45,6.44,6.480255646173149
20230605093112020,6.45,6.44,6.480255646173149
20230605093112050,6.45,6.44,6.480255646173149
20230605093112080,6.45,6.44,6.480255646173149
20230605093112100,6.45,6.44,6.480255646173149
20230605093112280,6.45,6.44,6.480255646173149
20230605093112290,6.45,6.44,6.480255646173149
20230605093112310,6.45,6.44,6.480255646173149
20230605093112580,6.45,6.44,6.480255646173149
20230605093112700,6.45,6.44,6.480255646173149
20230605093112810,6.45,6.44,6.480255646173149
20230605093114570,6.45,6.44,6.480255646173149
20230605093114640,6.45,6.43,6.47918027782018
20230605093114960,6.45,6.43,6.47918027782018
20230605093115090,6.45,6.43,6.47918027782018
20230605093115100,6.45,6.43,6.47918027782018
20230605093115140,6.45,6.44,6.47918027782018
20230605093115160,6.45,6.43,6.479144425804484
20230605093115220,6.44,6.43,6.478678420735383
20230605093115240,6.44,6.43,6.478678420735383
20230605093115260,6.44,6.43,6.478678420735383
20230605093115330,6.44,6.43,6.478678420735383
20230605093115510,6.44,6.43,6.47862022269034
20230605093115610,6.44,6.43,6.47862022269034
20230605093115650,6.44,6.43,6.47862022269034
20230605093115750,6.44,6.43,6.478452434456929
20230605093117190,6.44,6.43,6.478452434456929
20230605093117420,6.44,6.43,6.478452434456929
20230605093117730,6.44,6.43,6.478452434456929
20230605093117760,6.44,6.43,6.478452434456929
20230605093117800,6.44,6.43,6.478452434456929
20230605093118280,6.44,6.43,6.478452434456929
20230605093118370,6.44,6.43,6.478452434456929
20230605093119880,6.44,6.43,6.478452434456929
20230605093119910,6.44,6.43,6.478452434456929
20230605093119950,6.44,6.43,6.478452434456929
20230605093120070,6.44,6.43,6.478452434456929
20230605093120380,6.44,6.43,6.478452434456929
20230605093122730,6.44,6.43,6.478452434456929
20230605093122870,6.44,6.43,6.478452434456929
20230605093123000,6.44,6.43,6.478452434456929
20230605093123040,6.44,6.43,6.478452434456929
20230605093123180,6.44,6.43,6.478452434456929
20230605093123410,6.44,6.43,6.478452434456929
20230605093123510,6.44,6.43,6.478452434456929
20230605093123520,6.44,6.43,6.478452434456929
20230605093123540,6.44,6.43,6.478452434456929
20230605093125330,6.44,6.43,6.478452434456929
20230605093125620,6.44,6.43,6.478452434456929
20230605093125650,6.44,6.43,6.478452434456929
20230605093125680,6.44,6.43,6.478452434456929
20230605093126060,6.44,6.43,6.478452434456929
20230605093126120,6.44,6.43,6.478452434456929
20230605093126150,6.44,6.43,6.478452434456929
20230605093126220,6.44,6.43,6.478452434456929
20230605093126250,6.44,6.43,6.478452434456929
20230605093126410,6.44,6.43,6.478452434456929
20230605093128050,6.44,6.43,6.478452434456929
20230605093128220,6.44,6.43,6.478452434456929
20230605093128280,6.44,6.43,6.478452434456929
20230605093128420,6.44,6.43,6.478452434456929
20230605093128730,6.44,6.43,6.478452434456929
20230605093128760,6.44,6.43,6.478452434456929
20230605093129030,6.44,6.43,6.478452434456929
20230605093129100,6.44,6.43,6.478452434456929
20230605093129230,6.44,6.43,6.478452434456929
20230605093130720,6.44,6.43,6.478452434456929
20230605093131150,6.44,6.43,6.478452434456929
20230605093131180,6.44,6.43,6.47761198413864
20230605093131230,6.44,6.43,6.47761198413864
20230605093131240,6.44,6.43,6.47757553534761
20230605093131390,6.44,6.43,6.47757553534761
20230605093131540,6.44,6.44,6.47757553534761
20230605093131590,6.44,6.44,6.477571491421029
20230605093131850,6.44,6.43,6.4775439624853455
20230605093133430,6.44,6.43,6.4775439624853455
20230605093133460,6.44,6.43,6.4775439624853455
20230605093133590,6.44,6.43,6.4775439624853455
20230605093133650,6.44,6.43,6.4775439624853455
20230605093133750,6.44,6.43,6.4775439624853455
20230605093133800,6.44,6.42,6.4775439624853455
20230605093133920,6.44,6.43,6.4775439624853455
20230605093133980,6.44,6.42,6.4775439624853455
20230605093134040,6.44,6.42,6.475760225669958
20230605093134320,6.44,6.43,6.475760225669958
20230605093134470,6.44,6.43,6.475760225669958
20230605093136170,6.44,6.43,6.475760225669958
20230605093136270,6.44,6.43,6.475760225669958
20230605093136330,6.44,6.43,6.475760225669958
20230605093136340,6.44,6.43,6.475760225669958
20230605093136490,6.44,6.42,6.475727977448908
20230605093137010,6.44,6.42,6.475727977448908
20230605093137210,6.44,6.42,6.475727977448908
20230605093137250,6.44,6.42,6.475727977448908
20230605093139080,6.44,6.43,6.475631504922644
20230605093139120,6.44,6.43,6.475631504922644
20230605093139150,6.44,6.43,6.475631504922644
20230605093139200,6.44,6.43,6.475631504922644
20230605093139320,6.44,6.43,6.475631504922644
20230605093139480,6.44,6.43,6.475631504922644
20230605093139600,6.44,6.43,6.475631504922644
20230605093139730,6.44,6.43,6.475631504922644
20230605093139770,6.44,6.43,6.475631504922644
20230605093139820,6.44,6.43,6.475631504922644
20230605093141560,6.44,6.43,6.475631504922644
20230605093141790,6.44,6.42,6.475497125227879
20230605093141840,6.44,6.43,6.475497125227879
20230605093141850,6.44,6.43,6.475497125227879
20230605093141880,6.44,6.43,6.475497125227879
20230605093142030,6.44,6.43,6.475497125227879
20230605093142250,6.44,6.43,6.475497125227879
20230605093142400,6.44,6.43,6.475497125227879
20230605093144440,6.44,6.43,6.475497125227879
20230605093144520,6.44,6.43,6.475497125227879
20230605093144670,6.44,6.43,6.474992372763833
20230605093144830,6.44,6.43,6.474498697023728
20230605093144930,6.44,6.43,6.474498697023728
20230605093145060,6.44,6.43,6.474498697023728
20230605093145080,6.44,6.43,6.474498697023728
20230605093145120,6.44,6.43,6.474498697023728
20230605093145220,6.44,6.43,6.474498697023728
20230605093145330,6.44,6.43,6.474498697023728
20230605093146970,6.44,6.43,6.474498697023728
20230605093147150,6.44,6.43,6.474498697023728
20230605093147210,6.44,6.43,6.474443835616438
20230605093147270,6.44,6.43,6.474443835616438
20230605093147340,6.44,6.43,6.474401259066648
20230605093147380,6.44,6.43,6.474401259066648
20230605093147490,6.44,6.43,6.474401259066648
20230605093147520,6.44,6.43,6.474401259066648
20230605093147610,6.43,6.42,6.473578240429819
20230605093147620,6.43,6.42,6.473578240429819
20230605093148070,6.43,6.42,6.473578240429819
20230605093148110,6.43,6.42,6.473287525016678
20230605093148120,6.43,6.42,6.473287525016678
20230605093149660,6.43,6.42,6.473287525016678
20230605093149920,6.43,6.42,6.473229846768821
20230605093149940,6.43,6.42,6.473063445712769
20230605093150180,6.43,6.42,6.4730348852632975
20230605093150200,6.43,6.42,6.473029177718833
20230605093150220,6.43,6.42,6.473029177718833
20230605093150300,6.43,6.42,6.473029177718833
20230605093150440,6.43,6.42,6.473029177718833
20230605093150530,6.43,6.42,6.473029177718833
20230605093150560,6.43,6.42,6.473029177718833
20230605093150580,6.43,6.42,6.473029177718833
20230605093150600,6.43,6.42,6.473023471688105
20230605093150660,6.43,6.42,6.473023471688105
20230605093150680,6.43,6.42,6.472723202528312
20230605093150690,6.43,6.42,6.472723202528312
20230605093150720,6.43,6.42,6.472723202528312
20230605093152360,6.43,6.42,6.472723202528312
20230605093152560,6.43,6.42,6.472723202528312
20230605093152710,6.43,6.42,6.471879437201498
20230605093152910,6.43,6.42,6.471879437201498
20230605093152950,6.43,6.42,6.470692336636147
20230605093152960,6.43,6.42,6.470692336636147
20230605093152970,6.43,6.43,6.468995192307692
20230605093152980,6.43,6.43,6.468995192307692
20230605093153020,6.43,6.43,6.468995192307692
20230605093153110,6.43,6.43,6.468995192307692
20230605093153150,6.43,6.43,6.468995192307692
20230605093153160,6.43,6.43,6.468995192307692
20230605093153300,6.43,6.43,6.468995192307692
20230605093153420,6.43,6.43,6.468995192307692
20230605093153430,6.43,6.43,6.468995192307692
20230605093155050,6.43,6.43,6.468995192307692
20230605093155120,6.43,6.43,6.468995192307692
20230605093155170,6.43,6.43,6.468995192307692
20230605093155180,6.43,6.43,6.4685235614492065
20230605093155230,6.43,6.43,6.4684830929297705
20230605093155440,6.43,6.43,6.468455812854442
20230605093155530,6.43,6.43,6.468455812854442
20230605093155830,6.43,6.43,6.468455812854442
20230605093156110,6.43,6.43,6.468455812854442
20230605093156180,6.43,6.43,6.4684155261916
20230605093156240,6.43,6.43,6.4684155261916
20230605093157780,6.43,6.43,6.4684155261916
20230605093157800,6.43,6.43,6.4684155261916
20230605093157840,6.43,6.43,6.4684155261916
20230605093157900,6.43,6.43,6.468190241613887
20230605093157960,6.43,6.43,6.468190241613887
20230605093158150,6.43,6.43,6.467813262106608
20230605093158190,6.43,6.43,6.467813262106608
20230605093158230,6.43,6.43,6.467810032512773
20230605093158260,6.43,6.43,6.467810032512773
20230605093158340,6.43,6.43,6.467810032512773
20230605093158370,6.43,6.43,6.467810032512773
20230605093158580,6.43,6.43,6.467810032512773
20230605093158690,6.43,6.43,6.467810032512773
20230605093200520,6.43,6.43,6.467810032512773
20230605093200730,6.43,6.43,6.467810032512773
20230605093200890,6.44,6.43,6.46762399077278
20230605093201160,6.44,6.43,6.46762399077278
20230605093201260,6.44,6.43,6.46762399077278
20230605093201270,6.44,6.43,6.46762399077278
20230605093201350,6.44,6.43,6.46762399077278
20230605093201550,6.44,6.43,6.46762399077278
20230605093201590,6.44,6.43,6.46762399077278
20230605093203420,6.44,6.43,6.46762399077278
20230605093203460,6.44,6.43,6.46762399077278
20230605093203470,6.44,6.43,6.46762399077278
20230605093203590,6.44,6.43,6.46762399077278
20230605093204030,6.44,6.43,6.4676109765940275
20230605093204080,6.44,6.43,6.4676109765940275
20230605093204290,6.44,6.43,6.4676109765940275
20230605093204330,6.44,6.43,6.4676109765940275
20230605093206030,6.44,6.43,6.467050017012589
20230605093206070,6.44,6.43,6.467050017012589
20230605093206130,6.44,6.43,6.467050017012589
20230605093206410,6.44,6.43,6.466995469988675
20230605093206460,6.44,6.43,6.466995469988675
20230605093206780,6.44,6.43,6.466995469988675
20230605093206810,6.44,6.43,6.466995469988675
20230605093206840,6.44,6.43,6.466995469988675
20230605093206880,6.44,6.43,6.466995469988675
20230605093208690,6.44,6.43,6.466995469988675
20230605093208720,6.44,6.43,6.466995469988675
20230605093208830,6.44,6.43,6.466995469988675
20230605093208870,6.44,6.43,6.466995469988675
20230605093208890,6.44,6.43,6.466995469988675
20230605093208900,6.44,6.43,6.466995469988675
20230605093208920,6.44,6.43,6.466995469988675
20230605093208940,6.44,6.43,6.466995469988675
20230605093209130,6.44,6.43,6.466995469988675
20230605093209160,6.44,6.43,6.466995469988675
20230605093209190,6.44,6.43,6.466995469988675
20230605093209200,6.44,6.43,6.466995469988675
20230605093209230,6.44,6.43,6.466995469988675
20230605093209240,6.44,6.43,6.466995469988675
20230605093209250,6.44,6.43,6.466995469988675
20230605093209270,6.44,6.43,6.466541587796459
20230605093209310,6.44,6.43,6.466541587796459
20230605093209320,6.44,6.43,6.466541587796459
20230605093209350,6.44,6.43,6.466541587796459
20230605093209380,6.44,6.43,6.466541587796459
20230605093209400,6.44,6.43,6.466541587796459
20230605093209500,6.44,6.43,6.466541587796459
20230605093209540,6.44,6.43,6.466541587796459
20230605093209570,6.44,6.43,6.466541587796459
20230605093209660,6.44,6.43,6.466541587796459
20230605093209690,6.44,6.43,6.466541587796459
20230605093211470,6.44,6.43,6.466541587796459
20230605093211490,6.44,6.43,6.466541587796459
20230605093211640,6.44,6.44,6.466541587796459
20230605093211820,6.44,6.44,6.466541587796459
20230605093211890,6.44,6.44,6.466541587796459
20230605093211980,6.44,6.44,6.466541587796459
20230605093212010,6.44,6.44,6.466541587796459
20230605093212040,6.44,6.44,6.466541587796459
20230605093212080,6.44,6.44,6.466541587796459
20230605093212170,6.44,6.44,6.466541587796459
20230605093212220,6.44,6.43,6.4664901764901765
20230605093212240,6.44,6.43,6.4664901764901765
20230605093212340,6.44,6.43,6.4664901764901765
20230605093213900,6.44,6.43,6.4664901764901765
20230605093213910,6.44,6.43,6.4664901764901765
20230605093213950,6.44,6.43,6.4664901764901765
20230605093213970,6.44,6.43,6.4664901764901765
20230605093214160,6.44,6.44,6.4664901764901765
20230605093214180,6.44,6.44,6.466193923439728
20230605093214260,6.44,6.44,6.466193923439728
20230605093214300,6.44,6.44,6.466193923439728
20230605093214430,6.44,6.44,6.466193923439728
20230605093214520,6.44,6.44,6.466181499342394
20230605093214690,6.44,6.44,6.466181499342394
20230605093215080,6.44,6.44,6.46617795310103
20230605093216730,6.44,6.44,6.46617795310103
20230605093217020,6.44,6.44,6.46617795310103
20230605093217090,6.44,6.44,6.466172636652426
20230605093217410,6.44,6.44,6.466172636652426
20230605093219450,6.44,6.44,6.466172636652426
20230605093219530,6.44,6.44,6.466172636652426
20230605093219610,6.44,6.44,6.466172636652426
20230605093219830,6.44,6.44,6.466172636652426
20230605093219870,6.44,6.44,6.466008046976946
20230605093219930,6.44,6.44,6.466008046976946
20230605093219950,6.44,6.44,6.466008046976946
20230605093220170,6.44,6.44,6.466004566210046
20230605093220340,6.44,6.44,6.466004566210046
20230605093220350,6.44,6.44,6.466004566210046
20230605093222020,6.44,6.44,6.466004566210046
20230605093222220,6.44,6.44,6.4659871850564725
20230605093222300,6.44,6.44,6.465976774473627
20230605093222410,6.44,6.44,6.465976774473627
20230605093222810,6.44,6.44,6.465976774473627
20230605093222870,6.44,6.44,6.465976774473627
20230605093222880,6.44,6.44,6.465976774473627
20230605093222970,6.44,6.44,6.465914594594595
20230605093224900,6.44,6.44,6.465914594594595
20230605093224950,6.44,6.44,6.465914594594595
20230605093225020,6.44,6.44,6.465887114180877
20230605093225080,6.44,6.44,6.465887114180877
20230605093225090,6.44,6.44,6.465887114180877
20230605093225220,6.44,6.44,6.465887114180877
20230605093225520,6.44,6.44,6.465887114180877
20230605093225700,6.44,6.44,6.465887114180877
20230605093225750,6.44,6.44,6.465852896833944
20230605093225870,6.44,6.44,6.465852896833944
20230605093225880,6.44,6.44,6.465852896833944
20230605093225910,6.44,6.44,6.465852896833944
20230605093227420,6.44,6.44,6.465852896833944
20230605093227460,6.44,6.44,6.465852896833944
20230605093227490,6.44,6.44,6.465852896833944
20230605093227820,6.44,6.44,6.465730975348339
20230605093228090,6.44,6.44,6.465730975348339
20230605093228200,6.44,6.44,6.465666025229848
20230605093228430,6.44,6.44,6.465666025229848
20230605093228460,6.44,6.44,6.465666025229848
20230605093228520,6.44,6.44,6.465666025229848
20230605093230190,6.44,6.44,6.465666025229848
20230605093230340,6.44,6.44,6.465666025229848
20230605093230650,6.44,6.44,6.465666025229848
20230605093230680,6.45,6.44,6.465407422983914
20230605093230930,6.45,6.45,6.465365418894831
20230605093230990,6.45,6.45,6.465365418894831
20230605093231020,6.45,6.45,6.465365418894831
20230605093232820,6.45,6.45,6.465365418894831
20230605093232860,6.45,6.45,6.465365418894831
20230605093232880,6.45,6.45,6.465365418894831
20230605093232890,6.45,6.45,6.465293258192444
20230605093233050,6.45,6.45,6.465288471570162
20230605093233150,6.45,6.45,6.465288471570162
20230605093233190,6.45,6.45,6.465288471570162
20230605093233220,6.45,6.45,6.465288471570162
20230605093233460,6.45,6.45,6.465288471570162
20230605093233490,6.45,6.45,6.465288471570162
20230605093233590,6.45,6.45,6.465255048927753
20230605093233740,6.45,6.45,6.465255048927753
20230605093235630,6.45,6.45,6.465255048927753
20230605093235670,6.45,6.45,6.465255048927753
20230605093235760,6.45,6.45,6.465255048927753
20230605093235790,6.45,6.45,6.465255048927753
20230605093235970,6.45,6.46,6.465255048927753
20230605093235980,6.45,6.46,6.465255048927753
20230605093236020,6.45,6.46,6.465255048927753
20230605093236030,6.45,6.46,6.465255048927753
20230605093236060,6.45,6.47,6.465341570509548
20230605093236070,6.45,6.47,6.465342046150704
20230605093236100,6.45,6.47,6.465342046150704
20230605093236120,6.45,6.47,6.465342521694742
20230605093236200,6.45,6.47,6.465342521694742
20230605093236280,6.45,6.47,6.465394245330641
20230605093236310,6.45,6.47,6.465394245330641
20230605093236320,6.45,6.47,6.465394245330641
20230605093236420,6.45,6.47,6.465462502486573
20230605093236530,6.45,6.47,6.465462502486573
20230605093236540,6.45,6.47,6.465462502486573
20230605093236570,6.45,6.47,6.465462502486573
20230605093236620,6.45,6.47,6.465462502486573
20230605093238920,6.45,6.47,6.465462502486573
20230605093238940,6.45,6.47,6.465462502486573
20230605093238950,6.45,6.47,6.465462502486573
20230605093239170,6.45,6.47,6.465462502486573
20230605093239190,6.45,6.47,6.465462502486573
20230605093239200,6.45,6.47,6.465462502486573
20230605093239210,6.45,6.47,6.465462502486573
20230605093239220,6.45,6.47,6.465462502486573
20230605093239230,6.45,6.47,6.465462502486573
20230605093239250,6.45,6.47,6.465462502486573
20230605093239270,6.45,6.47,6.465462502486573
20230605093239280,6.45,6.47,6.465462502486573
20230605093239290,6.45,6.47,6.465462502486573
20230605093239300,6.45,6.47,6.465462502486573
20230605093239310,6.45,6.47,6.465462502486573
20230605093239370,6.45,6.47,6.465462502486573
20230605093239400,6.45,6.47,6.465462502486573
20230605093239430,6.45,6.47,6.465462502486573
20230605093241110,6.45,6.47,6.465462502486573
20230605093241290,6.45,6.47,6.465462502486573
20230605093241310,6.45,6.47,6.465462502486573
20230605093241830,6.45,6.47,6.465462502486573
20230605093241880,6.45,6.47,6.465462502486573
20230605093242080,6.45,6.47,6.465462502486573
20230605093243690,6.45,6.47,6.465462502486573
20230605093243800,6.45,6.47,6.465462502486573
20230605093243850,6.45,6.46,6.465462502486573
20230605093243860,6.45,6.46,6.465462502486573
20230605093243930,6.45,6.46,6.465462502486573
20230605093243960,6.45,6.46,6.465462502486573
20230605093244320,6.45,6.46,6.465462502486573
20230605093244550,6.45,6.46,6.465462502486573
20230605093244710,6.45,6.46,6.465462502486573
20230605093246310,6.45,6.46,6.465462502486573
20230605093246370,6.45,6.46,6.465462502486573
20230605093247160,6.45,6.46,6.46564696794129
20230605093247250,6.45,6.46,6.46564696794129
20230605093247410,6.45,6.46,6.46564696794129
20230605093247530,6.45,6.46,6.46564696794129
20230605093249040,6.45,6.46,6.46564696794129
20230605093249110,6.45,6.47,6.46564696794129
20230605093249170,6.45,6.47,6.46564696794129
20230605093249200,6.45,6.47,6.46564696794129
20230605093249210,6.45,6.47,6.46564696794129
20230605093249580,6.45,6.47,6.46564696794129
20230605093249620,6.45,6.47,6.46564696794129
20230605093249670,6.45,6.47,6.46564696794129
20230605093249740,6.45,6.47,6.46564696794129
20230605093249910,6.45,6.47,6.46564696794129
20230605093252120,6.45,6.47,6.46564696794129
20230605093252160,6.45,6.47,6.46564696794129
20230605093252250,6.45,6.47,6.465651124625929
20230605093252550,6.45,6.47,6.465651124625929
20230605093252580,6.45,6.47,6.465651124625929
20230605093252620,6.45,6.47,6.465651124625929
20230605093252850,6.45,6.47,6.465651124625929
20230605093252860,6.45,6.47,6.465651124625929
20230605093252890,6.45,6.47,6.465651124625929
20230605093254780,6.45,6.47,6.465651124625929
20230605093254810,6.45,6.47,6.465651124625929
20230605093255030,6.45,6.47,6.465651124625929
20230605093255080,6.48,6.47,6.465892179195141
20230605093255090,6.48,6.47,6.465892179195141
20230605093255120,6.48,6.47,6.465892179195141
20230605093255130,6.48,6.47,6.465892179195141
20230605093255370,6.49,6.47,6.465894856709053
20230605093255410,6.49,6.47,6.465894856709053
20230605093255450,6.49,6.47,6.465894856709053
20230605093255540,6.49,6.47,6.465894856709053
20230605093257430,6.49,6.47,6.465917014020462
20230605093257520,6.49,6.47,6.465917014020462
20230605093257590,6.49,6.47,6.465917014020462
20230605093257760,6.49,6.47,6.465917014020462
20230605093258110,6.49,6.47,6.465917014020462
20230605093258120,6.49,6.47,6.465917014020462
20230605093258180,6.49,6.47,6.465917014020462
20230605093258200,6.49,6.47,6.465917014020462
20230605093259800,6.49,6.47,6.465917014020462
20230605093300070,6.49,6.47,6.465917014020462
20230605093300090,6.48,6.47,6.465917014020462
20230605093300200,6.48,6.47,6.465917014020462
20230605093300310,6.48,6.47,6.465917014020462
20230605093300420,6.48,6.47,6.465917014020462
20230605093300560,6.48,6.47,6.465917014020462
20230605093300650,6.48,6.47,6.465917014020462
20230605093300950,6.48,6.47,6.465917014020462
20230605093302530,6.48,6.47,6.465917014020462
20230605093302620,6.48,6.47,6.465917014020462
20230605093303510,6.48,6.47,6.465917014020462
20230605093303650,6.48,6.47,6.465917014020462
20230605093305200,6.47,6.47,6.465917014020462
20230605093305220,6.47,6.47,6.465917014020462
20230605093305270,6.47,6.47,6.465917014020462
20230605093305330,6.47,6.47,6.465917014020462
20230605093305340,6.47,6.47,6.4659515310914895
20230605093305690,6.47,6.47,6.4659515310914895
20230605093305730,6.47,6.47,6.465918176723333
20230605093305830,6.47,6.47,6.465918176723333
20230605093305980,6.47,6.47,6.465918176723333
20230605093306100,6.47,6.47,6.4659420559011975
20230605093306280,6.47,6.47,6.465943562610229
20230605093306400,6.47,6.47,6.465943562610229
20230605093307910,6.47,6.47,6.465943562610229
20230605093307940,6.47,6.47,6.465943562610229
20230605093308080,6.47,6.47,6.465943562610229
20230605093308090,6.47,6.47,6.465943562610229
20230605093308170,6.47,6.47,6.465943562610229
20230605093308350,6.47,6.47,6.465943562610229
20230605093308570,6.47,6.47,6.4659439391126785
20230605093308640,6.47,6.47,6.4659439391126785
20230605093308670,6.47,6.47,6.4659439391126785
20230605093308750,6.47,6.47,6.4659439391126785
20230605093308810,6.47,6.47,6.4659439391126785
20230605093308900,6.47,6.47,6.4659439391126785
20230605093308950,6.47,6.47,6.4659439391126785
20230605093309070,6.47,6.47,6.4659439391126785
20230605093309110,6.47,6.47,6.4659439391126785
20230605093310720,6.47,6.47,6.4659439391126785
20230605093310920,6.47,6.47,6.4659439391126785
20230605093310930,6.47,6.47,6.4659439391126785
20230605093311190,6.47,6.47,6.465945820577048
20230605093311260,6.47,6.47,6.465945820577048
20230605093311270,6.47,6.47,6.465945820577048
20230605093311420,6.47,6.47,6.465945820577048
20230605093311430,6.47,6.47,6.465945820577048
20230605093311450,6.47,6.47,6.465945820577048
20230605093311570,6.47,6.47,6.465945820577048
20230605093311780,6.47,6.47,6.465945820577048
20230605093311820,6.47,6.47,6.465945820577048
20230605093313540,6.47,6.47,6.465945820577048
20230605093313690,6.47,6.47,6.465945820577048
20230605093313750,6.47,6.47,6.465945820577048
20230605093313800,6.47,6.47,6.465945820577048
20230605093313830,6.47,6.47,6.465945820577048
20230605093314530,6.47,6.47,6.465953152485881
20230605093316110,6.47,6.47,6.465953152485881
20230605093316120,6.47,6.47,6.465953152485881
20230605093316130,6.47,6.47,6.465953152485881
20230605093316150,6.47,6.47,6.465953152485881
20230605093316270,6.47,6.47,6.465953152485881
20230605093316360,6.47,6.47,6.465965494971861
20230605093316380,6.47,6.47,6.465965494971861
20230605093316510,6.47,6.47,6.465965494971861
20230605093316530,6.47,6.47,6.465965494971861
20230605093316630,6.47,6.47,6.465965494971861
20230605093316950,6.47,6.47,6.465965494971861
20230605093317020,6.47,6.47,6.465965494971861
20230605093317030,6.47,6.47,6.465965494971861
20230605093317150,6.47,6.47,6.465967355219476
20230605093317180,6.47,6.47,6.465967355219476
20230605093317220,6.47,6.47,6.465967355219476
20230605093317230,6.47,6.47,6.465967355219476
20230605093318820,6.47,6.47,6.465970520497467
20230605093318990,6.47,6.47,6.465970520497467
20230605093319090,6.47,6.47,6.465970520497467
20230605093319100,6.47,6.47,6.465970520497467
20230605093319470,6.47,6.47,6.465970520497467
20230605093321490,6.47,6.47,6.465970520497467
20230605093321700,6.47,6.47,6.465970520497467
20230605093321960,6.47,6.47,6.465970520497467
20230605093322110,6.47,6.47,6.465970520497467
20230605093322170,6.47,6.47,6.465970520497467
20230605093322190,6.47,6.47,6.465970520497467
20230605093322220,6.47,6.47,6.465970520497467
20230605093322360,6.47,6.47,6.465970520497467
20230605093322480,6.47,6.47,6.465970520497467
20230605093324270,6.47,6.47,6.465970520497467
20230605093324370,6.47,6.47,6.465970520497467
20230605093324580,6.47,6.47,6.465970520497467
20230605093324610,6.47,6.47,6.465970520497467
20230605093324770,6.47,6.47,6.465970520497467
20230605093324860,6.47,6.47,6.465979636763897
20230605093324870,6.47,6.47,6.465979636763897
20230605093324970,6.47,6.47,6.465979636763897
20230605093325000,6.47,6.47,6.465979636763897
20230605093325250,6.47,6.47,6.465979636763897
20230605093326840,6.47,6.47,6.465954922894425
20230605093326920,6.46,6.46,6.465743201619291
20230605093326940,6.46,6.46,6.465743201619291
20230605093327050,6.46,6.46,6.465743201619291
20230605093327480,6.46,6.46,6.465743201619291
20230605093327500,6.46,6.46,6.465743201619291
20230605093327590,6.46,6.46,6.465743201619291
20230605093327680,6.46,6.45,6.465741685729368
20230605093327700,6.46,6.45,6.465741685729368
20230605093327890,6.46,6.45,6.465710035873655
20230605093329510,6.46,6.45,6.465710035873655
20230605093329610,6.46,6.45,6.465710035873655
20230605093330030,6.46,6.45,6.465710035873655
20230605093330120,6.46,6.45,6.465710035873655
20230605093330140,6.46,6.45,6.465710035873655
20230605093330240,6.46,6.45,6.465710035873655
20230605093330260,6.46,6.45,6.465710035873655
20230605093330320,6.46,6.45,6.465710035873655
20230605093330450,6.46,6.45,6.465688073394495
20230605093330460,6.46,6.45,6.465680628272251
20230605093330530,6.46,6.45,6.465680628272251
20230605093330570,6.46,6.45,6.465680628272251
20230605093330630,6.46,6.45,6.465680628272251
20230605093330720,6.46,6.45,6.465680628272251
20230605093332190,6.46,6.45,6.465680628272251
20230605093332380,6.46,6.45,6.465680628272251
20230605093332450,6.46,6.45,6.465680628272251
20230605093332490,6.46,6.45,6.465680628272251
20230605093332500,6.46,6.45,6.465680628272251
20230605093332520,6.46,6.45,6.465680628272251
20230605093332890,6.46,6.45,6.465680628272251
20230605093332980,6.46,6.45,6.465680628272251
20230605093333050,6.46,6.45,6.465680628272251
20230605093334890,6.46,6.45,6.465680628272251
20230605093334920,6.46,6.45,6.465680628272251
20230605093335420,6.46,6.45,6.465680628272251
20230605093335680,6.46,6.45,6.465680628272251
20230605093335830,6.46,6.45,6.465680628272251
20230605093335940,6.46,6.45,6.465680628272251
20230605093335970,6.46,6.45,6.465680628272251
20230605093335980,6.46,6.45,6.465680628272251
20230605093336030,6.46,6.45,6.465680628272251
20230605093336050,6.46,6.45,6.465680628272251
20230605093336130,6.46,6.45,6.465680628272251
20230605093337650,6.46,6.45,6.465680628272251
20230605093338110,6.46,6.45,6.465680628272251
20230605093338420,6.46,6.45,6.465680628272251
20230605093338500,6.46,6.45,6.465680628272251
20230605093338710,6.46,6.45,6.465680628272251
20230605093338740,6.46,6.45,6.465680628272251
20230605093338750,6.46,6.45,6.465637828007274
20230605093338760,6.46,6.45,6.465636473848285
20230605093338770,6.46,6.45,6.465635119923803
20230605093338780,6.46,6.45,6.465635119923803
20230605093338790,6.46,6.45,6.465635119923803
20230605093338800,6.46,6.45,6.465635119923803
20230605093338830,6.46,6.45,6.465635119923803
20230605093340700,6.46,6.45,6.465635119923803
20230605093340870,6.46,6.45,6.465635119923803
20230605093340880,6.46,6.45,6.465635119923803
20230605093340900,6.46,6.45,6.465635119923803
20230605093340930,6.46,6.45,6.465635119923803
20230605093340940,6.46,6.45,6.465634632034632
20230605093341120,6.46,6.45,6.465634632034632
20230605093341170,6.46,6.45,6.465632681322486
20230605093341190,6.46,6.45,6.465628297154717
20230605093341340,6.46,6.45,6.465628297154717
20230605093341400,6.46,6.45,6.465628297154717
20230605093343180,6.46,6.45,6.465628297154717
20230605093343240,6.46,6.45,6.465628297154717
20230605093343310,6.46,6.45,6.465628297154717
20230605093343370,6.46,6.45,6.465628297154717
20230605093343770,6.46,6.45,6.465617608977126
20230605093343800,6.46,6.45,6.465617608977126
20230605093343880,6.46,6.45,6.465617608977126
20230605093343920,6.46,6.45,6.465617608977126
20230605093344100,6.46,6.45,6.465617608977126
20230605093345690,6.46,6.45,6.465617608977126
20230605093346110,6.46,6.45,6.465614913264866
20230605093346240,6.46,6.45,6.46560041318757
20230605093346340,6.46,6.45,6.46560041318757
20230605093346500,6.46,6.45,6.465599070407988
20230605093346520,6.46,6.45,6.465599070407988
20230605093346530,6.46,6.45,6.465599070407988
20230605093346550,6.46,6.45,6.465584170315048
20230605093346710,6.46,6.45,6.465584170315048
20230605093348460,6.46,6.45,6.465584170315048
20230605093348590,6.46,6.45,6.465584170315048
20230605093348620,6.46,6.45,6.465584170315048
20230605093348790,6.46,6.45,6.465584170315048
20230605093348860,6.46,6.45,6.465535699089439
20230605093348900,6.46,6.45,6.465535699089439
20230605093349040,6.46,6.45,6.465530412590387
20230605093349130,6.46,6.45,6.465530412590387
20230605093349200,6.46,6.45,6.465529942157196
20230605093349420,6.46,6.45,6.4654301893171064
20230605093349610,6.46,6.45,6.4654301893171064
20230605093351250,6.46,6.45,6.4654301893171064
20230605093351430,6.46,6.45,6.4654301893171064
20230605093351930,6.46,6.45,6.4654301893171064
20230605093352110,6.46,6.45,6.4654301893171064
20230605093352160,6.46,6.45,6.4654301893171064
20230605093352170,6.46,6.45,6.465387401044299
20230605093352190,6.46,6.45,6.465387401044299
20230605093352230,6.46,6.45,6.465387401044299
20230605093353940,6.46,6.45,6.465387401044299
20230605093354020,6.46,6.45,6.465387401044299
20230605093354050,6.46,6.45,6.465387401044299
20230605093354140,6.46,6.45,6.4653851334287396
20230605093354310,6.46,6.45,6.4653851334287396
20230605093354400,6.46,6.45,6.4653851334287396
20230605093354670,6.46,6.45,6.4653851334287396
20230605093354700,6.46,6.45,6.4653851334287396
20230605093356510,6.46,6.45,6.4653851334287396
20230605093356530,6.46,6.45,6.4653851334287396
20230605093356620,6.46,6.45,6.465380796095262
20230605093356630,6.46,6.45,6.465380796095262
20230605093356900,6.46,6.45,6.465380796095262
20230605093356960,6.46,6.45,6.465380796095262
20230605093357110,6.46,6.45,6.465380796095262
20230605093357470,6.46,6.45,6.465380796095262
20230605093357480,6.46,6.45,6.465380796095262
20230605093357570,6.46,6.45,6.465380796095262
20230605093357590,6.46,6.45,6.465380796095262
20230605093357600,6.46,6.45,6.4653798906184266
20230605093359530,6.46,6.45,6.4653798906184266
20230605093359650,6.46,6.45,6.4653798906184266
20230605093359930,6.46,6.45,6.4653798906184266
20230605093400380,6.46,6.45,6.4653798906184266
20230605093401990,6.46,6.45,6.4653798906184266
20230605093402020,6.46,6.45,6.4653798906184266
20230605093402050,6.46,6.45,6.4653798906184266
20230605093402380,6.46,6.45,6.4653798906184266
20230605093402440,6.46,6.45,6.4653798906184266
20230605093402480,6.46,6.45,6.4653798906184266
20230605093402520,6.46,6.45,6.4653798906184266
20230605093402800,6.46,6.45,6.4653798906184266
20230605093402820,6.46,6.45,6.4653798906184266
20230605093402890,6.46,6.45,6.4653798906184266
20230605093402950,6.46,6.45,6.4653798906184266
20230605093404620,6.46,6.45,6.4653798906184266
20230605093404780,6.46,6.45,6.4653798906184266
20230605093404860,6.46,6.45,6.4653798906184266
20230605093405010,6.46,6.45,6.4653798906184266
20230605093405160,6.46,6.45,6.465340661184762
20230605093405270,6.46,6.45,6.465340661184762
20230605093405340,6.46,6.45,6.465340661184762
20230605093405670,6.46,6.45,6.465333333333334
20230605093405800,6.46,6.45,6.465333333333334
20230605093407280,6.45,6.45,6.46530509751402
20230605093407320,6.45,6.45,6.46530509751402
20230605093407330,6.45,6.45,6.46530509751402
20230605093407340,6.45,6.45,6.46530509751402
20230605093407380,6.45,6.45,6.46530509751402
20230605093407500,6.45,6.45,6.46530509751402
20230605093407540,6.45,6.45,6.46530509751402
20230605093407780,6.45,6.45,6.465293576446972
20230605093407900,6.45,6.45,6.465293576446972
20230605093408040,6.45,6.45,6.4652871833458745
20230605093408410,6.45,6.45,6.465250208507089
20230605093410110,6.45,6.45,6.4652481027437245
20230605093410170,6.45,6.45,6.4652481027437245
20230605093410210,6.45,6.45,6.4652481027437245
20230605093410220,6.45,6.45,6.465237579193064
20230605093410510,6.45,6.45,6.46522615576843
20230605093410690,6.45,6.45,6.46522615576843
20230605093410760,6.45,6.45,6.46522615576843
20230605093410960,6.45,6.45,6.46522615576843
20230605093411180,6.45,6.45,6.465222351765489
20230605093412700,6.45,6.45,6.465222351765489
20230605093413170,6.45,6.45,6.465222351765489
20230605093413570,6.45,6.45,6.465222351765489
20230605093413610,6.45,6.45,6.465222351765489
20230605093413900,6.45,6.45,6.465222351765489
20230605093415440,6.45,6.45,6.465222351765489
20230605093416150,6.45,6.45,6.465222351765489
20230605093416320,6.45,6.45,6.465222351765489
20230605093416490,6.45,6.45,6.465222351765489
20230605093416630,6.45,6.45,6.465222351765489
20230605093418410,6.45,6.45,6.465222351765489
20230605093418480,6.45,6.45,6.465222351765489
20230605093418510,6.45,6.44,6.464581608635663
20230605093418670,6.45,6.44,6.464581608635663
20230605093418820,6.45,6.44,6.464581608635663
20230605093418830,6.45,6.44,6.464581608635663
20230605093418970,6.45,6.44,6.464581608635663
20230605093418980,6.45,6.44,6.464581608635663
20230605093419130,6.45,6.44,6.464581608635663
20230605093419170,6.45,6.44,6.464581608635663
20230605093419180,6.45,6.44,6.464581608635663
20230605093419320,6.45,6.44,6.464581608635663
20230605093420830,6.45,6.44,6.464581608635663
20230605093421180,6.45,6.44,6.464581608635663
20230605093421310,6.45,6.44,6.464581608635663
20230605093421460,6.45,6.44,6.464581608635663
20230605093421560,6.45,6.44,6.464581608635663
20230605093421590,6.45,6.44,6.464581608635663
20230605093421600,6.45,6.44,6.464581608635663
20230605093421840,6.45,6.44,6.464581608635663
20230605093423750,6.45,6.44,6.464376104062952
20230605093424040,6.45,6.44,6.464376104062952
20230605093424080,6.45,6.44,6.464376104062952
20230605093426230,6.45,6.44,6.464376104062952
20230605093426240,6.45,6.44,6.464376104062952
20230605093426430,6.45,6.44,6.464376104062952
20230605093426460,6.45,6.44,6.464376104062952
20230605093426570,6.45,6.44,6.464342875471093
20230605093426660,6.45,6.44,6.464342875471093
20230605093426680,6.45,6.44,6.464342875471093
20230605093426860,6.45,6.44,6.464342875471093
20230605093426920,6.45,6.44,6.464342875471093
20230605093427120,6.45,6.44,6.464342875471093
20230605093427290,6.45,6.44,6.464342875471093
20230605093427330,6.45,6.44,6.464342875471093
20230605093429190,6.45,6.44,6.464342875471093
20230605093429380,6.45,6.44,6.464342875471093
20230605093429660,6.45,6.44,6.464342875471093
20230605093431590,6.45,6.44,6.464342875471093
20230605093431630,6.45,6.44,6.464342875471093
20230605093431880,6.45,6.44,6.464342875471093
20230605093431910,6.45,6.44,6.464342875471093
20230605093432070,6.45,6.44,6.464030202925908
20230605093432130,6.45,6.44,6.464030202925908
20230605093432590,6.45,6.44,6.464030202925908
20230605093432710,6.45,6.44,6.464030202925908
20230605093434470,6.45,6.44,6.464030202925908
20230605093434520,6.45,6.44,6.464030202925908
20230605093434570,6.45,6.44,6.464030202925908
20230605093434760,6.45,6.44,6.464030202925908
20230605093434840,6.45,6.44,6.464030202925908
20230605093434890,6.45,6.44,6.464030202925908
20230605093435180,6.45,6.44,6.463989478643216
20230605093435470,6.45,6.44,6.463989478643216
20230605093437160,6.45,6.44,6.463989478643216
20230605093437610,6.45,6.44,6.463989478643216
20230605093437630,6.45,6.44,6.463989478643216
20230605093437660,6.45,6.44,6.463989478643216
20230605093437920,6.45,6.44,6.463989478643216
20230605093438000,6.45,6.44,6.463989478643216
20230605093438150,6.45,6.44,6.463989478643216
20230605093438190,6.45,6.44,6.463989478643216
20230605093440080,6.46,6.44,6.463916269624307
20230605093440160,6.46,6.44,6.463877105427324
20230605093440280,6.46,6.44,6.463877105427324
20230605093440310,6.45,6.44,6.463877105427324
20230605093440350,6.45,6.44,6.463877105427324
20230605093440530,6.45,6.44,6.46370703004026
20230605093442740,6.45,6.44,6.46370703004026
20230605093443170,6.45,6.44,6.46363909890449
20230605093443350,6.45,6.44,6.46363909890449
20230605093443400,6.45,6.44,6.46363909890449
20230605093443580,6.45,6.44,6.463599230769231
20230605093443590,6.46,6.44,6.463568961547318
20230605093443600,6.46,6.44,6.463568961547318
20230605093445290,6.46,6.44,6.463568961547318
20230605093445500,6.46,6.44,6.463568961547318
20230605093445510,6.46,6.44,6.463568961547318
20230605093445750,6.46,6.44,6.463568961547318
20230605093445760,6.46,6.44,6.463568961547318
20230605093445920,6.46,6.44,6.463568961547318
20230605093447890,6.46,6.44,6.463527428746552
20230605093448070,6.46,6.44,6.463527428746552
20230605093448290,6.46,6.44,6.463527428746552
20230605093448550,6.46,6.44,6.463527428746552
20230605093448570,6.46,6.45,6.463509832427882
20230605093448580,6.45,6.44,6.463478891518436
20230605093448590,6.45,6.44,6.463478891518436
20230605093448600,6.46,6.44,6.463478891518436
20230605093448610,6.46,6.45,6.463478891518436
20230605093448680,6.46,6.45,6.463478891518436
20230605093448820,6.46,6.45,6.463478891518436
20230605093448860,6.46,6.45,6.46347786259542
20230605093448950,6.46,6.45,6.46347786259542
20230605093450510,6.46,6.45,6.46347786259542
20230605093450600,6.46,6.45,6.46347786259542
20230605093450800,6.46,6.45,6.46347786259542
20230605093451070,6.46,6.45,6.463451165625476
20230605093451360,6.46,6.45,6.463418751425747
20230605093451410,6.46,6.45,6.463418751425747
20230605093451420,6.46,6.45,6.463418751425747
20230605093451520,6.46,6.45,6.463418751425747
20230605093451720,6.46,6.45,6.463418751425747
20230605093453210,6.46,6.44,6.463381382292694
20230605093453360,6.46,6.44,6.463381382292694
20230605093453480,6.46,6.45,6.463381382292694
20230605093453530,6.46,6.45,6.463381382292694
20230605093453550,6.46,6.44,6.4632389700346335
20230605093453630,6.46,6.44,6.4632389700346335
20230605093453710,6.46,6.44,6.4632389700346335
20230605093453890,6.46,6.45,6.4632389700346335
20230605093453940,6.46,6.45,6.4632389700346335
20230605093453960,6.46,6.45,6.4632389700346335
20230605093453970,6.46,6.45,6.46321409784324
20230605093454090,6.46,6.45,6.46321409784324
20230605093455890,6.45,6.45,6.46321409784324
20230605093456070,6.45,6.45,6.46321409784324
20230605093456150,6.45,6.45,6.46321409784324
20230605093456200,6.46,6.45,6.46321409784324
20230605093456230,6.46,6.44,6.46312032325651
20230605093456430,6.46,6.44,6.46312032325651
20230605093456780,6.45,6.44,6.46312032325651
20230605093456890,6.45,6.44,6.46312032325651
20230605093457120,6.45,6.44,6.46312032325651
20230605093458580,6.45,6.44,6.46312032325651
20230605093458910,6.45,6.44,6.46312032325651
20230605093459150,6.45,6.44,6.46312032325651
20230605093459190,6.45,6.44,6.46312032325651
20230605093459330,6.45,6.44,6.46312032325651
20230605093459500,6.45,6.44,6.46312032325651
20230605093459710,6.45,6.45,6.46312032325651
20230605093502170,6.45,6.45,6.46312032325651
20230605093502190,6.45,6.45,6.46312032325651
20230605093502330,6.45,6.45,6.46312032325651
20230605093502400,6.45,6.45,6.46312032325651
20230605093503990,6.45,6.45,6.463090881935629
20230605093504000,6.45,6.45,6.463090881935629
20230605093504130,6.45,6.45,6.463090881935629
20230605093504380,6.45,6.45,6.463090881935629
20230605093504400,6.45,6.45,6.463090881935629
20230605093504490,6.45,6.45,6.463090881935629
20230605093504500,6.45,6.45,6.463090881935629
20230605093504860,6.44,6.45,6.463085249328158
20230605093506800,6.44,6.45,6.463085249328158
20230605093507090,6.45,6.45,6.463077439570277
20230605093507250,6.45,6.45,6.463077439570277
20230605093507270,6.46,6.45,6.463077439570277
20230605093507570,6.46,6.45,6.463077439570277
20230605093507760,6.46,6.45,6.463077439570277
20230605093509500,6.46,6.45,6.463077439570277
20230605093509580,6.46,6.45,6.463077439570277
20230605093509820,6.44,6.44,6.462650672908134
20230605093509880,6.44,6.44,6.462650672908134
20230605093509910,6.44,6.44,6.462650672908134
20230605093509930,6.44,6.44,6.462601080134287
20230605093509970,6.44,6.44,6.462601080134287
20230605093510120,6.44,6.44,6.462601080134287
20230605093510240,6.44,6.44,6.462601080134287
20230605093510270,6.44,6.44,6.462601080134287
20230605093510550,6.44,6.44,6.462601080134287
20230605093510580,6.44,6.44,6.462601080134287
20230605093510620,6.44,6.44,6.46259283577734
20230605093510630,6.44,6.44,6.46259283577734
20230605093512450,6.44,6.44,6.46259283577734
20230605093512970,6.44,6.44,6.46259283577734
20230605093513160,6.44,6.44,6.46259283577734
20230605093513210,6.44,6.44,6.46259283577734
20230605093514980,6.44,6.44,6.46259283577734
20230605093515310,6.44,6.44,6.46259283577734
20230605093515360,6.44,6.44,6.46259283577734
20230605093515400,6.44,6.44,6.46259283577734
20230605093515600,6.44,6.44,6.46259283577734
20230605093515640,6.44,6.44,6.46259283577734
20230605093515650,6.44,6.44,6.46259283577734
20230605093515680,6.44,6.44,6.46259283577734
20230605093515940,6.44,6.44,6.46259283577734
20230605093517480,6.44,6.44,6.46259283577734
20230605093517510,6.44,6.44,6.46259283577734
20230605093517600,6.44,6.44,6.46259283577734
20230605093517710,6.44,6.44,6.46259283577734
20230605093517760,6.44,6.44,6.46259283577734
20230605093518050,6.44,6.44,6.46259283577734
20230605093518120,6.44,6.44,6.46259283577734
20230605093518520,6.44,6.44,6.46259283577734
20230605093520190,6.44,6.44,6.46259283577734
20230605093520210,6.44,6.44,6.46259283577734
20230605093520330,6.44,6.44,6.46259283577734
20230605093520910,6.44,6.44,6.46259283577734
20230605093521050,6.44,6.44,6.46259283577734
20230605093521340,6.44,6.44,6.46259283577734
20230605093521420,6.44,6.44,6.46259283577734
20230605093521430,6.44,6.44,6.462363322048549
20230605093522880,6.44,6.44,6.462363322048549
20230605093523010,6.44,6.44,6.462363322048549
20230605093523190,6.44,6.44,6.462363322048549
20230605093523250,6.44,6.44,6.462363322048549
20230605093523290,6.44,6.44,6.462363322048549
20230605093523380,6.44,6.44,6.462363322048549
20230605093523540,6.44,6.44,6.462355270737327
20230605093523600,6.44,6.44,6.462355270737327
20230605093523660,6.44,6.44,6.462355270737327
20230605093523900,6.44,6.44,6.462355270737327
20230605093525640,6.44,6.44,6.462347225221334
20230605093525690,6.44,6.44,6.462347225221334
20230605093525700,6.44,6.44,6.462347225221334
20230605093525790,6.44,6.44,6.462347225221334
20230605093525890,6.44,6.44,6.462347225221334
20230605093526000,6.44,6.44,6.462347225221334
20230605093526160,6.44,6.44,6.462347225221334
20230605093526180,6.44,6.44,6.462347225221334
20230605093526500,6.44,6.44,6.462347225221334
20230605093528380,6.44,6.44,6.462347225221334
20230605093528570,6.44,6.44,6.462347225221334
20230605093528610,6.45,6.44,6.462347225221334
20230605093528650,6.45,6.44,6.462347225221334
20230605093528850,6.45,6.44,6.462347225221334
20230605093528940,6.45,6.44,6.462347225221334
20230605093529040,6.45,6.44,6.462347225221334
20230605093531070,6.45,6.44,6.462347225221334
20230605093531150,6.45,6.44,6.462347225221334
20230605093531400,6.45,6.44,6.462347225221334
20230605093531440,6.45,6.44,6.462347225221334
20230605093531460,6.45,6.44,6.462347225221334
20230605093531560,6.45,6.44,6.462347225221334
20230605093531940,6.46,6.45,6.4622616154395995
20230605093531980,6.46,6.45,6.4622616154395995
20230605093532070,6.46,6.45,6.46226073904653
20230605093532090,6.46,6.45,6.46226073904653
20230605093532110,6.46,6.45,6.46226073904653
20230605093534080,6.46,6.45,6.46226073904653
20230605093534090,6.46,6.45,6.46226073904653
20230605093534200,6.46,6.45,6.46226073904653
20230605093534220,6.46,6.45,6.46226073904653
20230605093534230,6.46,6.45,6.46226073904653
20230605093534760,6.46,6.45,6.46226073904653
20230605093534880,6.46,6.45,6.46226073904653
20230605093534910,6.46,6.45,6.46226073904653
20230605093536540,6.46,6.45,6.46226073904653
20230605093537180,6.46,6.45,6.46226073904653
20230605093537200,6.46,6.45,6.46226073904653
20230605093537320,6.46,6.45,6.46226073904653
20230605093537430,6.46,6.45,6.46226073904653
20230605093537450,6.46,6.45,6.46226073904653
20230605093539280,6.46,6.45,6.46226073904653
20230605093539510,6.46,6.45,6.46226073904653
20230605093539630,6.46,6.45,6.46226073904653
20230605093540180,6.46,6.45,6.46226073904653
20230605093542080,6.46,6.45,6.46226073904653
20230605093542220,6.46,6.45,6.462238182847439
20230605093542280,6.46,6.45,6.462238182847439
20230605093542420,6.46,6.45,6.462230606488011
20230605093542450,6.46,6.45,6.462230606488011
20230605093542530,6.46,6.45,6.462230606488011
20230605093542660,6.46,6.45,6.462227231105163
20230605093542740,6.46,6.45,6.462222066057625
20230605093542920,6.46,6.45,6.462222066057625
20230605093544550,6.46,6.45,6.462222066057625
20230605093544580,6.46,6.45,6.462222066057625
20230605093544700,6.46,6.45,6.462222066057625
20230605093544940,6.46,6.45,6.462222066057625
20230605093545070,6.46,6.45,6.462222066057625
20230605093545170,6.46,6.45,6.462222066057625
20230605093545190,6.46,6.45,6.462222066057625
20230605093545590,6.46,6.45,6.462222066057625
20230605093547310,6.46,6.45,6.462222066057625
20230605093547440,6.46,6.45,6.462211034193413
20230605093547530,6.46,6.45,6.462203330778343
20230605093547560,6.46,6.44,6.462203330778343
20230605093547720,6.46,6.44,6.462203330778343
20230605093547840,6.46,6.44,6.462203330778343
20230605093547850,6.46,6.44,6.462203330778343
20230605093548040,6.46,6.44,6.462203330778343
20230605093548070,6.46,6.44,6.462203330778343
20230605093548190,6.46,6.45,6.462203330778343
20230605093550180,6.46,6.45,6.46214038248337
20230605093550360,6.46,6.45,6.46214038248337
20230605093550430,6.46,6.45,6.46214038248337
20230605093550470,6.46,6.45,6.46214038248337
20230605093550510,6.46,6.45,6.46214038248337
20230605093550530,6.46,6.45,6.46214038248337
20230605093550560,6.46,6.45,6.46214038248337
20230605093550610,6.46,6.45,6.46214038248337
20230605093550710,6.46,6.45,6.462115384615385
20230605093550730,6.47,6.46,6.462061114842176
20230605093550740,6.47,6.46,6.462061114842176
20230605093550770,6.47,6.46,6.462061114842176
20230605093550840,6.47,6.46,6.462061647975287
20230605093550910,6.47,6.46,6.462061647975287
20230605093551010,6.47,6.46,6.4621103917773475
20230605093551020,6.47,6.46,6.462136632741302
20230605093551040,6.47,6.46,6.462136632741302
20230605093551090,6.47,6.47,6.462137678749584
20230605093552770,6.47,6.47,6.462137678749584
20230605093552890,6.47,6.47,6.462137678749584
20230605093553050,6.47,6.47,6.462137678749584
20230605093553170,6.47,6.47,6.462137678749584
20230605093553320,6.47,6.47,6.462137678749584
20230605093553340,6.47,6.47,6.462137678749584
20230605093553580,6.47,6.47,6.462137678749584
20230605093553630,6.47,6.47,6.462137678749584
20230605093553670,6.47,6.47,6.462137678749584
20230605093553820,6.47,6.47,6.462137678749584
20230605093555320,6.47,6.47,6.462137678749584
20230605093555340,6.47,6.47,6.462137678749584
20230605093555350,6.47,6.47,6.462161444503452
20230605093555430,6.47,6.47,6.462161444503452
20230605093555800,6.47,6.47,6.462161444503452
20230605093556030,6.47,6.47,6.462161444503452
20230605093556380,6.47,6.47,6.462161444503452
20230605093558320,6.47,6.47,6.462161444503452
20230605093558390,6.47,6.47,6.462161444503452
20230605093558780,6.47,6.47,6.462161444503452
20230605093558910,6.47,6.47,6.462161444503452
20230605093559020,6.47,6.47,6.462164045391201
20230605093600770,6.47,6.47,6.462164045391201
20230605093600880,6.47,6.47,6.462237129072765
20230605093600980,6.47,6.47,6.462237129072765
20230605093601210,6.47,6.47,6.462237129072765
20230605093601310,6.47,6.47,6.462237129072765
20230605093601360,6.47,6.47,6.462237129072765
20230605093601650,6.47,6.47,6.462237129072765
20230605093601700,6.47,6.47,6.462237129072765
20230605093601760,6.47,6.47,6.462237129072765
20230605093601870,6.47,6.47,6.462237129072765
20230605093603420,6.47,6.47,6.4622394766404545
20230605093603640,6.47,6.47,6.4622394766404545
20230605093603680,6.47,6.47,6.462241823587711
20230605093603750,6.47,6.47,6.462241823587711
20230605093603830,6.47,6.47,6.462241823587711
20230605093603970,6.47,6.47,6.462241823587711
20230605093604030,6.47,6.47,6.462275508190251
20230605093604060,6.47,6.47,6.462275508190251
20230605093604170,6.47,6.47,6.462275508190251
20230605093604250,6.47,6.47,6.462275508190251
20230605093604430,6.47,6.47,6.462275508190251
20230605093604480,6.47,6.47,6.462275508190251
20230605093604500,6.47,6.47,6.462275508190251
20230605093604530,6.47,6.47,6.462275508190251
20230605093606200,6.47,6.47,6.462275508190251
20230605093606330,6.47,6.47,6.462275508190251
20230605093609040,6.47,6.47,6.462275508190251
20230605093609100,6.47,6.47,6.462275508190251
20230605093609180,6.47,6.47,6.462275508190251
20230605093609200,6.47,6.47,6.462296471515868
20230605093609860,6.47,6.47,6.462296471515868
20230605093609980,6.47,6.47,6.462296471515868
20230605093610020,6.47,6.47,6.462296471515868
20230605093611480,6.47,6.47,6.462296471515868
20230605093611850,6.47,6.47,6.462296471515868
20230605093611910,6.47,6.47,6.462296471515868
20230605093612060,6.47,6.47,6.462296471515868
20230605093612160,6.47,6.47,6.462296471515868
20230605093612430,6.47,6.47,6.462296471515868
20230605093612630,6.47,6.47,6.462296471515868
20230605093614190,6.48,6.47,6.462304610534612
20230605093614600,6.48,6.47,6.4623162247309
20230605093614610,6.48,6.47,6.4623162247309
20230605093614680,6.48,6.47,6.4623162247309
20230605093614730,6.48,6.47,6.4623162247309
20230605093614760,6.48,6.47,6.4623162247309
20230605093616880,6.48,6.47,6.4623162247309
20230605093616970,6.48,6.47,6.4623162247309
20230605093617050,6.48,6.47,6.462317737384343
20230605093617060,6.48,6.47,6.462317737384343
20230605093617240,6.48,6.47,6.462317737384343
20230605093617280,6.48,6.47,6.462317737384343
20230605093617290,6.48,6.47,6.462317737384343
20230605093617480,6.48,6.47,6.462324285339627
20230605093617850,6.48,6.47,6.462324285339627
20230605093618000,6.48,6.47,6.462324285339627
20230605093618030,6.48,6.47,6.462324285339627
20230605093619790,6.48,6.47,6.462324285339627
20230605093620000,6.48,6.47,6.462324285339627
20230605093620140,6.48,6.47,6.462324285339627
20230605093620500,6.48,6.47,6.462324285339627
20230605093622320,6.48,6.47,6.462328767123288
20230605093622410,6.48,6.47,6.462331280304023
20230605093623140,6.48,6.47,6.462339575694081
20230605093623170,6.48,6.47,6.462339575694081
20230605093623250,6.48,6.47,6.462339575694081
20230605093623290,6.48,6.47,6.462339575694081
20230605093623310,6.48,6.47,6.462339575694081
20230605093625070,6.48,6.47,6.462339575694081
20230605093625080,6.48,6.47,6.462339575694081
20230605093625290,6.48,6.47,6.462339575694081
20230605093625380,6.48,6.47,6.462339575694081
20230605093625430,6.48,6.47,6.462339575694081
20230605093625750,6.48,6.47,6.462339575694081
20230605093625770,6.48,6.47,6.462358058608059
20230605093626060,6.48,6.47,6.462358058608059
20230605093626160,6.48,6.47,6.4623811079174285
20230605093626190,6.48,6.47,6.4623811079174285
20230605093628020,6.48,6.47,6.4623868608371975
20230605093628060,6.48,6.47,6.4623868608371975
20230605093628300,6.48,6.47,6.462404097077244
20230605093628310,6.48,6.47,6.462404097077244
20230605093628340,6.48,6.47,6.462404097077244
20230605093628440,6.48,6.47,6.462404097077244
20230605093628460,6.48,6.47,6.462404097077244
20230605093628500,6.48,6.47,6.462404097077244
20230605093628530,6.48,6.47,6.462404097077244
20230605093628640,6.48,6.47,6.462404097077244
20230605093630520,6.48,6.47,6.462408687711975
20230605093630550,6.48,6.47,6.462408687711975
20230605093630580,6.48,6.47,6.4624098349964125
20230605093630730,6.48,6.47,6.4624098349964125
20230605093630790,6.48,6.47,6.4624098349964125
20230605093631430,6.48,6.47,6.4624098349964125
20230605093631520,6.48,6.47,6.4624098349964125
20230605093633140,6.48,6.47,6.4624098349964125
20230605093633170,6.48,6.47,6.4624098349964125
20230605093633220,6.48,6.47,6.4624098349964125
20230605093633230,6.48,6.47,6.4624098349964125
20230605093633470,6.48,6.47,6.4624098349964125
20230605093634220,6.48,6.47,6.4624098349964125
20230605093635860,6.48,6.47,6.4624098349964125
20230605093636070,6.48,6.47,6.4624098349964125
20230605093636080,6.48,6.47,6.4624098349964125
20230605093636340,6.48,6.47,6.4624098349964125
20230605093636360,6.48,6.47,6.462441543257989
20230605093636390,6.48,6.47,6.462441543257989
20230605093636400,6.48,6.47,6.462441543257989
20230605093636580,6.48,6.47,6.462441543257989
20230605093638520,6.48,6.47,6.462441543257989
20230605093638560,6.48,6.47,6.462441543257989
20230605093638620,6.48,6.47,6.462467961165048
20230605093638680,6.48,6.47,6.462467961165048
20230605093638710,6.48,6.47,6.462467961165048
20230605093639010,6.48,6.47,6.462467961165048
20230605093639020,6.48,6.47,6.462467961165048
20230605093639400,6.48,6.47,6.462467961165048
20230605093639480,6.48,6.47,6.462467961165048
20230605093639490,6.48,6.47,6.462467961165048
20230605093639600,6.48,6.47,6.462467961165048
20230605093639670,6.48,6.47,6.462467961165048
20230605093641180,6.48,6.47,6.462467961165048
20230605093641320,6.48,6.47,6.462614693615656
20230605093641870,6.48,6.47,6.462614693615656
20230605093641880,6.48,6.47,6.462620238553289
20230605093642030,6.48,6.47,6.462620238553289
20230605093642260,6.48,6.47,6.462620238553289
20230605093642270,6.48,6.47,6.462620238553289
20230605093643970,6.48,6.47,6.462620238553289
20230605093644140,6.48,6.47,6.462620238553289
20230605093644290,6.48,6.47,6.462620238553289
20230605093644420,6.48,6.47,6.462620238553289
20230605093644470,6.48,6.47,6.462620238553289
20230605093644500,6.48,6.47,6.462620238553289
20230605093644580,6.48,6.47,6.462620238553289
20230605093644980,6.48,6.47,6.462620238553289
20230605093646550,6.48,6.47,6.462620238553289
20230605093646580,6.48,6.47,6.462620238553289
20230605093646640,6.48,6.47,6.462620238553289
20230605093646890,6.48,6.47,6.462620238553289
20230605093647100,6.48,6.47,6.462620238553289
20230605093647310,6.48,6.47,6.462620238553289
20230605093647350,6.48,6.47,6.462620238553289
20230605093647380,6.48,6.47,6.462620238553289
20230605093647420,6.48,6.47,6.462620238553289
20230605093647710,6.48,6.47,6.462620238553289
20230605093649410,6.48,6.47,6.462620238553289
20230605093649470,6.48,6.47,6.462620238553289
20230605093649550,6.48,6.47,6.462620238553289
20230605093649890,6.48,6.47,6.462620238553289
20230605093649910,6.48,6.47,6.462620238553289
20230605093650470,6.48,6.47,6.46272363913209
20230605093652020,6.48,6.47,6.46272363913209
20230605093652030,6.48,6.47,6.462731478547436
20230605093652530,6.48,6.47,6.462731478547436
20230605093652690,6.48,6.47,6.462731478547436
20230605093652920,6.48,6.47,6.462731478547436
20230605093653060,6.48,6.47,6.462731478547436
20230605093653200,6.48,6.47,6.462731478547436
20230605093654880,6.48,6.47,6.462731478547436
20230605093655290,6.48,6.47,6.462731478547436
20230605093655300,6.48,6.47,6.46283203125
20230605093655360,6.48,6.47,6.46283203125
20230605093655610,6.48,6.47,6.46283203125
20230605093655760,6.48,6.47,6.46283203125
20230605093655860,6.48,6.47,6.46283203125
20230605093657370,6.48,6.47,6.46283203125
20230605093657480,6.48,6.47,6.46283203125
20230605093657520,6.48,6.47,6.46283203125
20230605093657560,6.48,6.47,6.46283203125
20230605093657590,6.48,6.47,6.46283203125
20230605093657600,6.48,6.47,6.46283203125
20230605093657950,6.48,6.47,6.46283203125
20230605093658240,6.48,6.47,6.46283203125
20230605093700070,6.48,6.47,6.46283203125
20230605093700110,6.48,6.47,6.46283203125
20230605093700340,6.48,6.47,6.46283203125
20230605093700410,6.48,6.47,6.46283203125
20230605093700550,6.48,6.47,6.46283203125
20230605093700560,6.48,6.47,6.46283203125
20230605093700590,6.48,6.47,6.46283203125
20230605093700980,6.48,6.47,6.46283203125
20230605093701130,6.48,6.47,6.46283203125
20230605093701150,6.48,6.47,6.46283203125
20230605093701240,6.48,6.47,6.46283203125
20230605093702780,6.48,6.47,6.46283203125
20230605093702790,6.48,6.47,6.46283203125
20230605093703060,6.48,6.47,6.46283203125
20230605093703420,6.48,6.47,6.46283203125
20230605093703730,6.48,6.47,6.46283203125
20230605093703930,6.48,6.47,6.46283203125
20230605093703950,6.48,6.47,6.46283203125
20230605093703970,6.48,6.47,6.46283203125
20230605093704010,6.48,6.47,6.46283203125
20230605093705660,6.48,6.47,6.4629547016557325
20230605093705670,6.48,6.47,6.4629551418218165
20230605093705990,6.48,6.47,6.4629551418218165
20230605093706020,6.48,6.47,6.462967005551051
20230605093706030,6.48,6.47,6.462970074812968
20230605093706050,6.48,6.47,6.462970074812968
20230605093706060,6.48,6.47,6.4629713893910115
20230605093706160,6.48,6.47,6.462972265503272
20230605093706170,6.48,6.47,6.462975767769264
20230605093706180,6.48,6.47,6.4629797036483625
20230605093706190,6.48,6.47,6.462991049229239
20230605093706200,6.48,6.47,6.463024435508816
20230605093706210,6.48,6.47,6.46304208317907
20230605093706220,6.48,6.47,6.46304208317907
20230605093706230,6.48,6.47,6.46304208317907
20230605093706260,6.48,6.47,6.46304208317907
20230605093706270,6.48,6.47,6.46304208317907
20230605093706320,6.48,6.47,6.46304208317907
20230605093706410,6.48,6.47,6.46304208317907
20230605093706500,6.48,6.47,6.46304208317907
20230605093706700,6.48,6.47,6.46304208317907
20230605093708190,6.48,6.47,6.46304208317907
20230605093708230,6.48,6.47,6.463051515898447
20230605093708630,6.48,6.47,6.463051515898447
20230605093708670,6.48,6.47,6.463051515898447
20230605093708700,6.48,6.47,6.463059214575895
20230605093708920,6.48,6.47,6.463059214575895
20230605093708940,6.48,6.47,6.4630711564458645
20230605093709000,6.48,6.47,6.4630711564458645
20230605093709050,6.48,6.47,6.463072433495116
20230605093709210,6.48,6.47,6.463072433495116
20230605093709350,6.48,6.47,6.463072433495116
20230605093711070,6.48,6.47,6.463072433495116
20230605093711180,6.48,6.47,6.463072433495116
20230605093711270,6.48,6.47,6.463072433495116
20230605093711360,6.48,6.47,6.463072433495116
20230605093711370,6.48,6.47,6.463072433495116
20230605093711580,6.48,6.47,6.4631789088692475
20230605093711630,6.48,6.47,6.4631789088692475
20230605093711640,6.48,6.47,6.463181818181818
20230605093711690,6.48,6.47,6.463181818181818
20230605093711940,6.48,6.47,6.463181818181818
20230605093712080,6.48,6.47,6.463181818181818
20230605093713770,6.48,6.47,6.463194258606009
20230605093713970,6.48,6.47,6.463194258606009
20230605093714060,6.48,6.47,6.463194258606009
20230605093714120,6.48,6.47,6.463194258606009
20230605093714140,6.48,6.47,6.463194258606009
20230605093714190,6.48,6.47,6.463194258606009
20230605093714230,6.48,6.47,6.463194258606009
20230605093714280,6.48,6.47,6.463194258606009
20230605093714420,6.48,6.47,6.463194258606009
20230605093716440,6.48,6.47,6.463194258606009
20230605093716510,6.48,6.47,6.463194258606009
20230605093716660,6.48,6.47,6.463194258606009
20230605093716840,6.48,6.46,6.463243684274145
20230605093716860,6.48,6.46,6.463243684274145
20230605093717050,6.48,6.47,6.463243684274145
20230605093717060,6.48,6.46,6.463243684274145
20230605093717200,6.48,6.46,6.463243684274145
20230605093717360,6.48,6.46,6.463243684274145
20230605093719080,6.48,6.46,6.463243684274145
20230605093719160,6.48,6.46,6.463243684274145
20230605093719170,6.48,6.46,6.463243684274145
20230605093719340,6.48,6.47,6.463243684274145
20230605093719390,6.48,6.47,6.463243684274145
20230605093719430,6.48,6.47,6.463243684274145
20230605093719670,6.48,6.47,6.463243684274145
20230605093719740,6.48,6.47,6.463243684274145
20230605093720180,6.48,6.47,6.463243684274145
20230605093721750,6.48,6.46,6.463372072233149
20230605093722350,6.48,6.46,6.463372072233149
20230605093724560,6.48,6.46,6.463372072233149
20230605093724670,6.48,6.46,6.463372072233149
20230605093724720,6.48,6.46,6.463372072233149
20230605093725110,6.48,6.46,6.463372072233149
20230605093725160,6.48,6.47,6.463372072233149
20230605093725400,6.48,6.47,6.463372072233149
20230605093725590,6.48,6.47,6.463372072233149
20230605093727530,6.48,6.47,6.463372072233149
20230605093727960,6.48,6.47,6.463372072233149
20230605093728150,6.48,6.47,6.463372072233149
20230605093728190,6.48,6.47,6.463372072233149
20230605093729850,6.48,6.47,6.463372072233149
20230605093730160,6.48,6.47,6.463372072233149
20230605093730450,6.48,6.47,6.463372072233149
20230605093730550,6.48,6.47,6.463372072233149
20230605093730570,6.48,6.47,6.463372072233149
20230605093730620,6.48,6.47,6.463372072233149
20230605093730690,6.48,6.47,6.463372072233149
20230605093730890,6.48,6.47,6.463372072233149
20230605093732900,6.48,6.47,6.463372072233149
20230605093733010,6.48,6.47,6.463372072233149
20230605093733230,6.48,6.47,6.463372072233149
20230605093733580,6.48,6.47,6.463372072233149
20230605093733610,6.48,6.47,6.463372072233149
20230605093735160,6.48,6.47,6.463372072233149
20230605093735220,6.48,6.47,6.463372072233149
20230605093735670,6.48,6.47,6.463372072233149
20230605093735810,6.48,6.47,6.463372072233149
20230605093736010,6.48,6.47,6.463469146038138
20230605093736130,6.48,6.47,6.463469146038138
20230605093736300,6.48,6.47,6.463469146038138
20230605093738110,6.48,6.47,6.463469146038138
20230605093738170,6.48,6.47,6.463469146038138
20230605093738180,6.48,6.47,6.463474039429282
20230605093738240,6.48,6.47,6.463474039429282
20230605093738770,6.48,6.47,6.463474039429282
20230605093738840,6.48,6.47,6.463474039429282
20230605093738870,6.48,6.47,6.463474039429282
20230605093739010,6.48,6.47,6.463474039429282
20230605093740740,6.48,6.47,6.463474039429282
20230605093740850,6.48,6.47,6.463567433920057
20230605093741020,6.48,6.47,6.463567433920057
20230605093741420,6.48,6.47,6.463567433920057
20230605093741500,6.48,6.47,6.463567433920057
20230605093743600,6.48,6.47,6.463567433920057
20230605093743850,6.48,6.47,6.463567433920057
20230605093743890,6.48,6.47,6.463567433920057
20230605093743910,6.48,6.47,6.463567433920057
20230605093744010,6.48,6.48,6.463567433920057
20230605093744060,6.48,6.48,6.463567433920057
20230605093744440,6.48,6.48,6.463567433920057
20230605093744480,6.48,6.48,6.463567433920057
20230605093746020,6.48,6.48,6.463567433920057
20230605093746170,6.48,6.48,6.463567433920057
20230605093746230,6.48,6.48,6.463567433920057
20230605093746340,6.48,6.48,6.463567433920057
20230605093746410,6.48,6.48,6.46358096582554
20230605093746490,6.48,6.48,6.46358096582554
20230605093746520,6.48,6.48,6.46358096582554
20230605093746690,6.48,6.48,6.46358096582554
20230605093746770,6.48,6.48,6.46358096582554
20230605093746800,6.48,6.48,6.46358096582554
20230605093747170,6.48,6.48,6.46358096582554
20230605093748790,6.48,6.48,6.463647990613083
20230605093749010,6.48,6.48,6.463647990613083
20230605093749040,6.48,6.48,6.463647990613083
20230605093749130,6.48,6.48,6.463647990613083
20230605093749240,6.48,6.48,6.463647990613083
20230605093749510,6.48,6.48,6.463647990613083
20230605093751460,6.48,6.48,6.463647990613083
20230605093751570,6.48,6.48,6.463647990613083
20230605093751630,6.48,6.48,6.463647990613083
20230605093751840,6.48,6.48,6.463647990613083
20230605093752230,6.48,6.48,6.463647990613083
20230605093752300,6.48,6.48,6.463647990613083
20230605093752500,6.48,6.48,6.463647990613083
20230605093754190,6.48,6.48,6.463647990613083
20230605093754490,6.48,6.48,6.463647990613083
20230605093754850,6.48,6.48,6.463647990613083
20230605093754960,6.48,6.48,6.463647990613083
20230605093755020,6.48,6.48,6.463647990613083
20230605093755140,6.48,6.48,6.463647990613083
20230605093756950,6.48,6.48,6.463647990613083
20230605093756960,6.48,6.48,6.463647990613083
20230605093757030,6.48,6.48,6.463647990613083
20230605093757160,6.48,6.48,6.463647990613083
20230605093757390,6.48,6.48,6.463661468105066
20230605093757580,6.48,6.48,6.463661468105066
20230605093757610,6.48,6.48,6.463661468105066
20230605093759910,6.48,6.48,6.463661468105066
20230605093759920,6.48,6.48,6.463661468105066
20230605093800090,6.48,6.48,6.463661468105066
20230605093800510,6.48,6.48,6.463661468105066
20230605093800660,6.48,6.48,6.463661468105066
20230605093802200,6.48,6.48,6.463661468105066
20230605093802260,6.48,6.48,6.463661468105066
20230605093803140,6.48,6.48,6.463661468105066
20230605093803210,6.48,6.48,6.463661468105066
20230605093803220,6.48,6.48,6.463661468105066
20230605093804910,6.48,6.48,6.463661468105066
20230605093804920,6.48,6.48,6.463661468105066
20230605093805010,6.48,6.48,6.463661468105066
20230605093805170,6.48,6.48,6.463709252648212
20230605093805500,6.48,6.48,6.463709252648212
20230605093805640,6.48,6.48,6.463709252648212
20230605093805790,6.48,6.48,6.463709252648212
20230605093806020,6.48,6.48,6.463709252648212
20230605093806080,6.48,6.48,6.463803095542883
20230605093807740,6.48,6.48,6.463803095542883
20230605093808050,6.48,6.48,6.463806864456079
20230605093808060,6.48,6.48,6.4638767695521
20230605093808090,6.48,6.48,6.4638767695521
20230605093808110,6.48,6.48,6.463888888888889
20230605093808240,6.49,6.48,6.463916116324875
20230605093808420,6.49,6.48,6.463916116324875
20230605093808530,6.49,6.48,6.46394030541416
20230605093808620,6.49,6.48,6.46401384083045
20230605093808660,6.49,6.48,6.46401384083045
20230605093808790,6.49,6.48,6.46401384083045
20230605093810320,6.49,6.48,6.46401384083045
20230605093810590,6.49,6.48,6.46401384083045
20230605093810670,6.49,6.48,6.46401384083045
20230605093810710,6.49,6.48,6.46401384083045
20230605093811090,6.49,6.48,6.46401384083045
20230605093811300,6.49,6.48,6.46401384083045
20230605093811350,6.49,6.48,6.46401384083045
20230605093811450,6.49,6.48,6.46401384083045
20230605093813180,6.49,6.48,6.46401384083045
20230605093813240,6.49,6.48,6.46401384083045
20230605093813950,6.49,6.48,6.46401384083045
20230605093814030,6.49,6.48,6.46401384083045
20230605093814100,6.49,6.48,6.46401384083045
20230605093814190,6.49,6.48,6.46401384083045
20230605093815690,6.49,6.48,6.46401384083045
20230605093815770,6.49,6.48,6.46401384083045
20230605093815780,6.49,6.48,6.46401384083045
20230605093815820,6.49,6.48,6.46401384083045
20230605093816000,6.49,6.48,6.46401384083045
20230605093816110,6.49,6.48,6.46401384083045
20230605093816150,6.49,6.48,6.46401384083045
20230605093816180,6.49,6.48,6.46401384083045
20230605093816240,6.49,6.48,6.46401384083045
20230605093816250,6.49,6.48,6.46401384083045
20230605093816310,6.49,6.48,6.46401384083045
20230605093816380,6.49,6.48,6.464318933090163
20230605093816490,6.49,6.48,6.464318933090163
20230605093816570,6.49,6.48,6.464318933090163
20230605093816590,6.49,6.48,6.464318933090163
20230605093816830,6.49,6.48,6.464318933090163
20230605093818740,6.49,6.48,6.464326249216569
20230605093818890,6.49,6.48,6.464327711941659
20230605093819030,6.49,6.48,6.464327711941659
20230605093819050,6.49,6.48,6.4644276715282905
20230605093819080,6.49,6.48,6.464442175713232
20230605093819090,6.49,6.48,6.464442175713232
20230605093819110,6.49,6.48,6.464442175713232
20230605093819120,6.49,6.48,6.464442175713232
20230605093819320,6.49,6.48,6.464452318857013
20230605093819570,6.49,6.48,6.464570541760723
20230605093819600,6.49,6.48,6.464570541760723
20230605093821270,6.49,6.48,6.464570541760723
20230605093821280,6.49,6.48,6.464570541760723
20230605093821330,6.49,6.48,6.464570541760723
20230605093821340,6.49,6.48,6.464570541760723
20230605093821450,6.49,6.48,6.464700466004155
20230605093821580,6.49,6.48,6.464700466004155
20230605093821650,6.49,6.48,6.464700466004155
20230605093821750,6.49,6.48,6.464700466004155
20230605093821810,6.49,6.48,6.464700466004155
20230605093821980,6.49,6.48,6.464700466004155
20230605093822220,6.49,6.48,6.464700466004155
20230605093822280,6.49,6.48,6.464700466004155
20230605093823760,6.49,6.48,6.464700466004155
20230605093823870,6.49,6.48,6.464700466004155
20230605093823890,6.49,6.48,6.464700466004155
20230605093824010,6.49,6.48,6.464700466004155
20230605093824050,6.49,6.48,6.464700466004155
20230605093824240,6.49,6.48,6.464700466004155
20230605093824310,6.49,6.48,6.464700466004155
20230605093824390,6.49,6.48,6.464700466004155
20230605093824720,6.49,6.48,6.464700466004155
20230605093824730,6.49,6.48,6.464742441209406
20230605093826550,6.49,6.48,6.464742441209406
20230605093826570,6.49,6.48,6.464742441209406
20230605093826910,6.49,6.48,6.464742441209406
20230605093827250,6.49,6.48,6.464742441209406
20230605093827360,6.49,6.48,6.464742441209406
20230605093827540,6.49,6.48,6.464742441209406
20230605093827590,6.49,6.48,6.464742441209406
20230605093829210,6.49,6.48,6.464806491188936
20230605093830200,6.49,6.48,6.464806491188936
20230605093830230,6.49,6.48,6.464806491188936
20230605093830360,6.49,6.48,6.464806491188936
20230605093832520,6.49,6.48,6.464806491188936
20230605093832640,6.49,6.48,6.464806491188936
20230605093832780,6.49,6.48,6.464806491188936
20230605093834640,6.49,6.48,6.464806491188936
20230605093834930,6.49,6.48,6.464806491188936
20230605093835030,6.49,6.48,6.464810994647636
20230605093835170,6.49,6.48,6.464810994647636
20230605093835280,6.49,6.48,6.464810994647636
20230605093835460,6.49,6.48,6.464810994647636
20230605093835490,6.49,6.48,6.464810994647636
20230605093835570,6.49,6.48,6.464810994647636
20230605093835750,6.49,6.48,6.464810994647636
20230605093837240,6.49,6.48,6.464810994647636
20230605093837510,6.49,6.48,6.464810994647636
20230605093837970,6.49,6.48,6.464810994647636
20230605093838170,6.49,6.48,6.464810994647636
20230605093838220,6.49,6.48,6.464810994647636
20230605093838240,6.49,6.48,6.464810994647636
20230605093838310,6.49,6.48,6.464810994647636
20230605093838350,6.49,6.48,6.464810994647636
20230605093838400,6.49,6.48,6.464810994647636
20230605093838410,6.49,6.48,6.464810994647636
20230605093838480,6.49,6.48,6.464810994647636
20230605093839980,6.49,6.48,6.464810994647636
20230605093840000,6.49,6.48,6.464810994647636
20230605093840170,6.49,6.48,6.464810994647636
20230605093840250,6.49,6.48,6.464810994647636
20230605093840290,6.49,6.48,6.464810994647636
20230605093840440,6.49,6.48,6.464810994647636
20230605093840490,6.49,6.48,6.464810994647636
20230605093840610,6.49,6.48,6.464810994647636
20230605093840750,6.49,6.48,6.465012371474129
20230605093840950,6.49,6.48,6.465012371474129
20230605093840990,6.49,6.48,6.465012371474129
20230605093841010,6.49,6.48,6.465012371474129
20230605093841180,6.49,6.48,6.465012371474129
20230605093841190,6.49,6.48,6.465012371474129
20230605093842920,6.49,6.48,6.465012371474129
20230605093842990,6.49,6.48,6.465012371474129
20230605093843110,6.49,6.48,6.465012371474129
20230605093843240,6.49,6.48,6.465096527208094
20230605093843680,6.49,6.48,6.465096527208094
20230605093845360,6.49,6.48,6.465096527208094
20230605093845520,6.49,6.48,6.465096527208094
20230605093845640,6.49,6.48,6.465096527208094
20230605093846260,6.49,6.48,6.465096527208094
20230605093846310,6.49,6.48,6.465096527208094
20230605093848100,6.49,6.48,6.465096527208094
20230605093848490,6.49,6.48,6.465096527208094
20230605093848580,6.49,6.48,6.465096527208094
20230605093848710,6.49,6.48,6.465096527208094
20230605093848900,6.49,6.48,6.465096527208094
20230605093849080,6.49,6.48,6.465096527208094
20230605093849090,6.49,6.48,6.465096527208094
20230605093849160,6.49,6.48,6.465096527208094
20230605093849190,6.49,6.48,6.465096527208094
20230605093849280,6.49,6.48,6.465096527208094
20230605093851530,6.49,6.48,6.465096527208094
20230605093853770,6.49,6.48,6.465096527208094
20230605093853870,6.49,6.48,6.465096527208094
20230605093854010,6.49,6.48,6.465096527208094
20230605093854100,6.49,6.48,6.465140768223483
20230605093854320,6.49,6.48,6.465140768223483
20230605093854360,6.49,6.48,6.4651569653368215
20230605093854600,6.49,6.48,6.4651569653368215
20230605093856270,6.49,6.48,6.4651569653368215
20230605093856510,6.49,6.48,6.4651569653368215
20230605093856610,6.49,6.48,6.4651569653368215
20230605093857090,6.49,6.48,6.4651569653368215
20230605093859150,6.49,6.48,6.465165086629617
20230605093859360,6.49,6.48,6.465165086629617
20230605093859430,6.49,6.48,6.465165086629617
20230605093859530,6.49,6.48,6.465165086629617
20230605093859650,6.49,6.48,6.465373061753741
20230605093859730,6.49,6.48,6.465373061753741
20230605093859820,6.49,6.48,6.465373061753741
20230605093901570,6.49,6.48,6.465373061753741
20230605093901600,6.49,6.48,6.465373061753741
20230605093901680,6.49,6.48,6.465373061753741
20230605093901740,6.49,6.48,6.465373061753741
20230605093901980,6.49,6.48,6.465373061753741
20230605093902140,6.49,6.48,6.465373061753741
20230605093902180,6.49,6.48,6.465376512532411
20230605093902440,6.49,6.48,6.465376512532411
20230605093902490,6.49,6.48,6.465392463830706
20230605093902700,6.49,6.48,6.465392463830706
20230605093902730,6.49,6.48,6.465392463830706
20230605093904370,6.49,6.48,6.465392463830706
20230605093904500,6.49,6.48,6.465392463830706
20230605093904600,6.49,6.48,6.465392463830706
20230605093904610,6.49,6.48,6.465392463830706
20230605093904710,6.49,6.48,6.465392463830706
20230605093905150,6.49,6.48,6.465392463830706
20230605093905160,6.49,6.48,6.465392463830706
20230605093905260,6.49,6.48,6.465392463830706
20230605093907030,6.49,6.48,6.465392463830706
20230605093907230,6.49,6.48,6.465392463830706
20230605093907670,6.49,6.48,6.465392463830706
20230605093907680,6.49,6.48,6.465392463830706
20230605093907800,6.49,6.48,6.465392463830706
20230605093909720,6.49,6.48,6.465392463830706
20230605093910090,6.49,6.48,6.465392463830706
20230605093910120,6.49,6.48,6.465392463830706
20230605093910170,6.49,6.48,6.465392463830706
20230605093910320,6.49,6.48,6.465392463830706
20230605093910470,6.49,6.48,6.465392463830706
20230605093910550,6.49,6.48,6.465844366528861
20230605093910820,6.49,6.48,6.465844366528861
20230605093910840,6.49,6.48,6.465844366528861
20230605093910860,6.49,6.48,6.465844366528861
20230605093910900,6.49,6.48,6.465844366528861
20230605093913100,6.49,6.48,6.465845847940977
20230605093913130,6.49,6.48,6.465846588530766
20230605093913210,6.49,6.48,6.465846588530766
20230605093913300,6.49,6.48,6.465851642603055
20230605093913380,6.49,6.48,6.465851642603055
20230605093913400,6.49,6.48,6.4658531227115805
20230605093913500,6.49,6.48,6.4658531227115805
20230605093915070,6.49,6.48,6.4658531227115805
20230605093915120,6.49,6.48,6.46586051861146
20230605093915220,6.49,6.48,6.46586051861146
20230605093915470,6.49,6.48,6.46586051861146
20230605093915580,6.49,6.48,6.465864213662259
20230605093915620,6.49,6.48,6.465864213662259
20230605093915660,6.49,6.48,6.465864213662259
20230605093915690,6.49,6.48,6.465878081905558
20230605093915960,6.49,6.48,6.465878081905558
20230605093916140,6.49,6.48,6.466106483158276
20230605093916160,6.49,6.48,6.466106483158276
20230605093918110,6.49,6.48,6.466106483158276
20230605093918140,6.49,6.48,6.466106483158276
20230605093918150,6.49,6.48,6.466121509824198
20230605093918550,6.49,6.48,6.466121509824198
20230605093918880,6.49,6.48,6.466121509824198
20230605093918910,6.49,6.48,6.466121509824198
20230605093920520,6.49,6.48,6.466122227392586
20230605093920650,6.49,6.48,6.466122227392586
20230605093920840,6.49,6.48,6.466122227392586
20230605093920960,6.49,6.48,6.466122227392586
20230605093921470,6.49,6.48,6.466122227392586
20230605093923500,6.49,6.48,6.466122227392586
20230605093923510,6.49,6.48,6.466122227392586
20230605093924200,6.49,6.48,6.466122227392586
20230605093924270,6.49,6.48,6.466122227392586
20230605093924320,6.49,6.48,6.466122227392586
20230605093926290,6.49,6.48,6.466230377271089
20230605093926530,6.49,6.48,6.466230377271089
20230605093926570,6.49,6.48,6.466230377271089
20230605093926580,6.49,6.48,6.466230377271089
20230605093926700,6.49,6.48,6.466230377271089
20230605093926780,6.49,6.48,6.466230377271089
20230605093928560,6.49,6.48,6.466230377271089
20230605093929020,6.49,6.48,6.466230377271089
20230605093929090,6.49,6.48,6.466261106260593
20230605093929130,6.49,6.48,6.466261106260593
20230605093929160,6.49,6.48,6.466261106260593
20230605093929400,6.49,6.48,6.466261106260593
20230605093931250,6.49,6.48,6.466272073921972
20230605093931600,6.49,6.48,6.466272073921972
20230605093931700,6.49,6.48,6.466284820191864
20230605093931710,6.49,6.48,6.466284820191864
20230605093931750,6.49,6.48,6.466284820191864
20230605093931800,6.49,6.48,6.466284820191864
20230605093932070,6.49,6.48,6.466284820191864
