Timestamp,ask1,bid1,VWAP
20230828093000000,6.49,6.48,6.4799999999999995
20230828093000020,6.49,6.48,6.4799999999999995
20230828093000050,6.49,6.48,6.4799999999999995
20230828093000060,6.49,6.48,6.4799999999999995
20230828093000070,6.49,6.48,6.480191567983948
20230828093000090,6.49,6.48,6.480191567983948
20230828093000100,6.49,6.48,6.480191567983948
20230828093000110,6.5,6.49,6.480737873875932
20230828093000120,6.5,6.48,6.480792169107258
20230828093000130,6.5,6.49,6.480792169107258
20230828093000140,6.5,6.49,6.4808378872351105
20230828093000150,6.5,6.49,6.480852378180952
20230828093000170,6.5,6.49,6.480852378180952
20230828093000180,6.5,6.49,6.480852378180952
20230828093000190,6.5,6.49,6.480852378180952
20230828093000210,6.5,6.49,6.480852378180952
20230828093000220,6.5,6.48,6.480852378180952
20230828093000230,6.5,6.48,6.480852378180952
20230828093000240,6.48,6.48,6.480852378180952
20230828093000250,6.48,6.48,6.480852378180952
20230828093000280,6.48,6.48,6.480852378180952
20230828093000290,6.5,6.48,6.480901623375153
20230828093000300,6.5,6.48,6.480901623375153
20230828093000310,6.5,6.48,6.480901623375153
20230828093000330,6.5,6.48,6.480901623375153
20230828093000360,6.5,6.48,6.480901623375153
20230828093000370,6.49,6.48,6.480901623375153
20230828093000380,6.5,6.48,6.480901623375153
20230828093000390,6.49,6.48,6.481002366024418
20230828093000430,6.49,6.48,6.481002366024418
20230828093000440,6.49,6.48,6.481001042844634
20230828093000450,6.49,6.48,6.481001042844634
20230828093000460,6.49,6.48,6.481001042844634
20230828093000470,6.49,6.48,6.481001042844634
20230828093000490,6.49,6.48,6.481001042844634
20230828093000500,6.49,6.48,6.481001042844634
20230828093000510,6.49,6.48,6.480974249827633
20230828093000520,6.49,6.48,6.480974249827633
20230828093000530,6.5,6.48,6.482513608018429
20230828093000540,6.5,6.48,6.482513608018429
20230828093000560,6.5,6.49,6.482513608018429
20230828093000570,6.5,6.49,6.482513608018429
20230828093000580,6.5,6.49,6.482513608018429
20230828093000610,6.5,6.49,6.482708719994752
20230828093000630,6.48,6.49,6.482708719994752
20230828093000640,6.48,6.49,6.482708719994752
20230828093000650,6.48,6.49,6.482708719994752
20230828093000670,6.5,6.49,6.482740432541867
20230828093000710,6.5,6.49,6.482790112180163
20230828093000720,6.5,6.49,6.482790112180163
20230828093000750,6.5,6.49,6.482790112180163
20230828093000790,6.5,6.49,6.482855915090716
20230828093000830,6.5,6.49,6.482855915090716
20230828093000840,6.5,6.49,6.482876232874375
20230828093000850,6.5,6.49,6.482876232874375
20230828093000870,6.5,6.49,6.482876232874375
20230828093000880,6.5,6.49,6.482876232874375
20230828093000890,6.5,6.49,6.482889713980765
20230828093000900,6.5,6.49,6.482889713980765
20230828093000920,6.5,6.49,6.483004881536176
20230828093000930,6.5,6.49,6.483004881536176
20230828093000950,6.5,6.49,6.483004881536176
20230828093000980,6.48,6.47,6.4832724558728785
20230828093000990,6.48,6.49,6.4832724558728785
20230828093001000,6.48,6.49,6.4832724558728785
20230828093001010,6.48,6.49,6.4832724558728785
20230828093001020,6.48,6.49,6.4832724558728785
20230828093001060,6.48,6.49,6.4832917125174125
20230828093001110,6.48,6.49,6.483287552067459
20230828093001140,6.48,6.49,6.483329905103226
20230828093001150,6.48,6.49,6.483329905103226
20230828093001190,6.48,6.47,6.483329905103226
20230828093001200,6.48,6.47,6.483329905103226
20230828093001220,6.48,6.47,6.483329905103226
20230828093001230,6.48,6.47,6.483287576063965
20230828093001290,6.48,6.47,6.483287576063965
20230828093001320,6.48,6.47,6.483287576063965
20230828093001420,6.48,6.47,6.483287576063965
20230828093001480,6.48,6.47,6.483287576063965
20230828093001490,6.48,6.47,6.483287576063965
20230828093001600,6.49,6.47,6.483490477508151
20230828093001620,6.49,6.47,6.4834966504189975
20230828093001630,6.49,6.47,6.4834966504189975
20230828093001660,6.5,6.47,6.483561389016005
20230828093001710,6.49,6.47,6.4836136507861895
20230828093001720,6.49,6.47,6.483605705809583
20230828093001770,6.49,6.47,6.483605705809583
20230828093001780,6.49,6.47,6.4835951666929725
20230828093001810,6.49,6.47,6.4835951666929725
20230828093001830,6.49,6.47,6.4835951666929725
20230828093001870,6.49,6.47,6.4835951666929725
20230828093001880,6.49,6.47,6.4835951666929725
20230828093001890,6.49,6.47,6.4835908555019905
20230828093001900,6.49,6.47,6.4835908555019905
20230828093001910,6.5,6.49,6.483634508703692
20230828093001930,6.5,6.49,6.483634508703692
20230828093001940,6.5,6.49,6.483632929288247
20230828093002000,6.49,6.49,6.483632929288247
20230828093002060,6.49,6.49,6.483632929288247
20230828093002070,6.49,6.49,6.483632929288247
20230828093002080,6.49,6.49,6.483632929288247
20230828093002090,6.48,6.49,6.483632929288247
20230828093002150,6.49,6.49,6.483632929288247
20230828093002170,6.49,6.47,6.483632929288247
20230828093002190,6.49,6.49,6.483632929288247
20230828093002200,6.49,6.49,6.483632929288247
20230828093002240,6.49,6.49,6.483632929288247
20230828093002260,6.49,6.49,6.483632929288247
20230828093002270,6.5,6.49,6.483632929288247
20230828093002310,6.49,6.49,6.483703162515114
20230828093002370,6.49,6.49,6.483703162515114
20230828093002380,6.49,6.49,6.483703162515114
20230828093002410,6.49,6.49,6.483703162515114
20230828093002420,6.49,6.49,6.483703162515114
20230828093002430,6.49,6.49,6.483703162515114
20230828093002440,6.48,6.49,6.483703162515114
20230828093002450,6.48,6.49,6.483703162515114
20230828093002460,6.48,6.49,6.483703162515114
20230828093002470,6.48,6.49,6.483703162515114
20230828093002550,6.48,6.49,6.483680330504206
20230828093002560,6.48,6.49,6.483680330504206
20230828093002590,6.48,6.49,6.483680330504206
20230828093002660,6.48,6.49,6.483680330504206
20230828093002680,6.48,6.49,6.483680330504206
20230828093002690,6.48,6.49,6.483680330504206
20230828093002700,6.48,6.49,6.483680330504206
20230828093002710,6.48,6.49,6.48366988875428
20230828093002770,6.48,6.49,6.48366988875428
20230828093002860,6.48,6.49,6.48366988875428
20230828093002920,6.48,6.49,6.48366988875428
20230828093002970,6.48,6.49,6.48366988875428
20230828093002990,6.48,6.49,6.48366988875428
20230828093003020,6.48,6.49,6.48366988875428
20230828093003070,6.48,6.49,6.48366988875428
20230828093003080,6.48,6.49,6.48366988875428
20230828093003100,6.48,6.49,6.48367168420963
20230828093003110,6.48,6.49,6.483673478646753
20230828093003130,6.48,6.49,6.483673478646753
20230828093003140,6.48,6.49,6.483673478646753
20230828093003180,6.48,6.49,6.483673478646753
20230828093003240,6.48,6.49,6.483673478646753
20230828093003270,6.48,6.49,6.483673478646753
20230828093003320,6.48,6.49,6.483673478646753
20230828093003350,6.49,6.48,6.483701394025283
20230828093003380,6.48,6.47,6.483701394025283
20230828093003400,6.48,6.47,6.483701394025283
20230828093003420,6.49,6.47,6.483697840067713
20230828093003430,6.49,6.47,6.483697840067713
20230828093003460,6.49,6.47,6.483697840067713
20230828093003540,6.49,6.47,6.483697840067713
20230828093003580,6.49,6.47,6.483697840067713
20230828093003610,6.49,6.47,6.483697840067713
20230828093003640,6.49,6.47,6.483697840067713
20230828093003730,6.49,6.47,6.483697840067713
20230828093003770,6.49,6.47,6.483697840067713
20230828093003800,6.49,6.47,6.483697840067713
20230828093003810,6.49,6.47,6.483697840067713
20230828093003870,6.49,6.47,6.483697840067713
20230828093003950,6.49,6.47,6.483697840067713
20230828093003970,6.49,6.47,6.483697840067713
20230828093003980,6.49,6.49,6.483697840067713
20230828093003990,6.49,6.49,6.483697840067713
20230828093004020,6.49,6.49,6.483697840067713
20230828093004080,6.49,6.48,6.483697840067713
20230828093004090,6.49,6.48,6.483697840067713
20230828093004110,6.47,6.48,6.483697840067713
20230828093004130,6.47,6.48,6.483697840067713
20230828093004140,6.47,6.48,6.483697840067713
20230828093004150,6.47,6.47,6.483697840067713
20230828093004160,6.47,6.47,6.483697840067713
20230828093004170,6.47,6.47,6.483697840067713
20230828093004190,6.47,6.47,6.483697840067713
20230828093004200,6.47,6.46,6.4836529440545325
20230828093004270,6.47,6.46,6.483634100087505
20230828093004320,6.47,6.46,6.483634100087505
20230828093004430,6.46,6.46,6.483634100087505
20230828093004460,6.46,6.5,6.483634100087505
20230828093004510,6.46,6.5,6.483634100087505
20230828093004540,6.46,6.5,6.483634100087505
20230828093004550,6.49,6.49,6.483450101165349
20230828093004560,6.46,6.49,6.483450101165349
20230828093004610,6.49,6.49,6.483374999666633
20230828093004690,6.49,6.49,6.483374999666633
20230828093004720,6.49,6.45,6.483374999666633
20230828093004730,6.49,6.45,6.483374999666633
20230828093004750,6.49,6.45,6.483374999666633
20230828093004760,6.49,6.45,6.483374999666633
20230828093004890,6.49,6.45,6.483374999666633
20230828093004920,6.49,6.45,6.483374999666633
20230828093004980,6.49,6.48,6.483374999666633
20230828093005000,6.49,6.48,6.483374999666633
20230828093005010,6.49,6.48,6.483374999666633
20230828093005040,6.49,6.48,6.48336723240706
20230828093005050,6.49,6.48,6.48336723240706
20230828093005060,6.49,6.48,6.4833641517867635
20230828093005070,6.49,6.48,6.4833641517867635
20230828093005140,6.49,6.48,6.483358445564216
20230828093005240,6.49,6.48,6.483358445564216
20230828093005250,6.49,6.48,6.483358445564216
20230828093005270,6.47,6.48,6.483358445564216
20230828093005320,6.47,6.45,6.483297788770407
20230828093005340,6.49,6.48,6.483289175387277
20230828093005420,6.49,6.48,6.483289175387277
20230828093005440,6.49,6.45,6.483289175387277
20230828093005520,6.49,6.45,6.483289175387277
20230828093005530,6.49,6.45,6.483289175387277
20230828093005540,6.49,6.45,6.483289175387277
20230828093005560,6.49,6.48,6.483289175387277
20230828093005570,6.49,6.48,6.483289175387277
20230828093005700,6.49,6.48,6.483319577447852
20230828093005730,6.49,6.48,6.483319577447852
20230828093005760,6.49,6.48,6.483319577447852
20230828093005840,6.46,6.45,6.483353578634802
20230828093005910,6.46,6.45,6.483353578634802
20230828093005920,6.48,6.45,6.483353578634802
20230828093005950,6.46,6.45,6.483353578634802
20230828093005970,6.46,6.45,6.483353578634802
20230828093005990,6.46,6.45,6.483353578634802
20230828093006070,6.46,6.45,6.483345067294733
20230828093006230,6.46,6.45,6.483345067294733
20230828093006260,6.46,6.45,6.483345067294733
20230828093006270,6.46,6.45,6.483345067294733
20230828093006300,6.46,6.49,6.483345067294733
20230828093006360,6.46,6.49,6.483345067294733
20230828093006440,6.46,6.49,6.483345067294733
20230828093006460,6.46,6.49,6.483345067294733
20230828093006490,6.46,6.49,6.483345067294733
20230828093006620,6.46,6.49,6.483345067294733
20230828093006630,6.46,6.49,6.483345067294733
20230828093006730,6.46,6.49,6.483345067294733
20230828093006740,6.46,6.49,6.483345067294733
20230828093006790,6.46,6.49,6.483347589000743
20230828093006950,6.46,6.49,6.483347589000743
20230828093006960,6.48,6.45,6.483347589000743
20230828093006970,6.48,6.49,6.483347589000743
20230828093007040,6.48,6.49,6.483347589000743
20230828093007120,6.46,6.49,6.483347589000743
20230828093007130,6.46,6.49,6.483347589000743
20230828093007200,6.46,6.49,6.483347589000743
20230828093007230,6.46,6.49,6.483347589000743
20230828093007240,6.48,6.45,6.483347589000743
20230828093007320,6.48,6.45,6.483347589000743
20230828093007420,6.48,6.45,6.483347589000743
20230828093007450,6.48,6.45,6.483347589000743
20230828093007490,6.46,6.45,6.483347589000743
20230828093007500,6.46,6.45,6.483347589000743
20230828093007540,6.46,6.45,6.483347589000743
20230828093007560,6.48,6.45,6.48327047561199
20230828093007570,6.48,6.45,6.483255359601062
20230828093007590,6.48,6.45,6.483255359601062
20230828093007630,6.48,6.45,6.483255359601062
20230828093007650,6.48,6.48,6.483255359601062
20230828093007810,6.48,6.48,6.483255359601062
20230828093007960,6.48,6.48,6.483255359601062
20230828093007990,6.48,6.48,6.483255359601062
20230828093008040,6.48,6.48,6.483255359601062
20230828093008060,6.48,6.45,6.483247992456275
20230828093008090,6.48,6.45,6.483247992456275
20230828093008130,6.48,6.45,6.483247992456275
20230828093008190,6.48,6.45,6.483247992456275
20230828093008250,6.48,6.45,6.483247992456275
20230828093008410,6.48,6.45,6.483247992456275
20230828093008460,6.48,6.45,6.483247992456275
20230828093008490,6.48,6.45,6.483247992456275
20230828093008590,6.48,6.45,6.483247992456275
20230828093008650,6.48,6.45,6.483247992456275
20230828093008680,6.48,6.45,6.483247992456275
20230828093008880,6.48,6.45,6.483247992456275
20230828093008930,6.48,6.45,6.483247992456275
20230828093009150,6.48,6.45,6.483247992456275
20230828093009400,6.48,6.45,6.483247992456275
20230828093009470,6.48,6.45,6.483247992456275
20230828093009530,6.48,6.45,6.483247992456275
20230828093009630,6.48,6.45,6.483247992456275
20230828093009650,6.48,6.45,6.483247992456275
20230828093009660,6.48,6.45,6.483247992456275
20230828093009740,6.48,6.45,6.483247992456275
20230828093009790,6.48,6.45,6.483247992456275
20230828093009800,6.47,6.45,6.483247992456275
20230828093009850,6.47,6.45,6.483247992456275
20230828093009870,6.47,6.45,6.483247992456275
20230828093009900,6.47,6.45,6.4831970243652375
20230828093009950,6.47,6.45,6.483151870967422
20230828093009970,6.48,6.45,6.483113908545539
20230828093010000,6.47,6.45,6.483113908545539
20230828093010010,6.47,6.45,6.483113908545539
20230828093010040,6.47,6.45,6.483113908545539
20230828093010120,6.45,6.45,6.48309522699558
20230828093010140,6.45,6.45,6.48309522699558
20230828093010180,6.45,6.45,6.48309522699558
20230828093010310,6.45,6.45,6.48309522699558
20230828093010400,6.45,6.45,6.48309522699558
20230828093010430,6.45,6.45,6.483004432608924
20230828093010460,6.45,6.45,6.483004432608924
20230828093010610,6.45,6.45,6.483004432608924
20230828093010700,6.45,6.45,6.483004432608924
20230828093010900,6.45,6.45,6.483004432608924
20230828093010940,6.47,6.45,6.483004432608924
20230828093010950,6.47,6.45,6.482918964847898
20230828093010980,6.47,6.45,6.482918964847898
20230828093010990,6.47,6.45,6.482918964847898
20230828093011000,6.47,6.45,6.482918964847898
20230828093011050,6.47,6.45,6.482918964847898
20230828093011060,6.47,6.45,6.482918964847898
20230828093011190,6.47,6.45,6.482918964847898
20230828093011630,6.47,6.45,6.482849398338581
20230828093011640,6.47,6.45,6.482849398338581
20230828093011660,6.47,6.45,6.482849398338581
20230828093011670,6.47,6.45,6.4828431427437785
20230828093011790,6.47,6.45,6.4828431427437785
20230828093011830,6.47,6.45,6.4828431427437785
20230828093012350,6.47,6.45,6.4828431427437785
20230828093012470,6.47,6.45,6.4828431427437785
20230828093012690,6.47,6.45,6.4828431427437785
20230828093012710,6.47,6.47,6.4828431427437785
20230828093012780,6.47,6.47,6.4828431427437785
20230828093012800,6.47,6.47,6.4828431427437785
20230828093012990,6.47,6.47,6.4828431427437785
20230828093013010,6.47,6.47,6.4828431427437785
20230828093013020,6.47,6.47,6.4828431427437785
20230828093013110,6.47,6.47,6.482722364623245
20230828093013140,6.47,6.47,6.482722364623245
20230828093013150,6.47,6.47,6.482722364623245
20230828093013420,6.47,6.47,6.482722364623245
20230828093013450,6.47,6.45,6.48270704433628
20230828093013520,6.47,6.45,6.48270704433628
20230828093013530,6.47,6.45,6.48270704433628
20230828093013600,6.45,6.45,6.48270704433628
20230828093014050,6.47,6.45,6.4825984385485995
20230828093014570,6.47,6.45,6.4825909209166435
20230828093014660,6.47,6.45,6.4825909209166435
20230828093014680,6.47,6.45,6.4825909209166435
20230828093014940,6.47,6.45,6.4825909209166435
20230828093015180,6.47,6.45,6.4825909209166435
20230828093015480,6.47,6.45,6.4825909209166435
20230828093015570,6.47,6.45,6.4825909209166435
20230828093015680,6.47,6.45,6.482534078785733
20230828093015860,6.46,6.45,6.482534078785733
20230828093016110,6.46,6.45,6.482523974791133
20230828093016300,6.46,6.45,6.482503781196353
20230828093016330,6.46,6.45,6.482503781196353
20230828093016500,6.46,6.45,6.482503781196353
20230828093016520,6.44,6.45,6.481965711981583
20230828093016530,6.44,6.45,6.481804008752653
20230828093016830,6.44,6.45,6.481804008752653
20230828093016970,6.44,6.45,6.481730918517448
20230828093017030,6.44,6.45,6.481730918517448
20230828093017050,6.44,6.45,6.481730918517448
20230828093017420,6.46,6.45,6.481730918517448
20230828093017520,6.46,6.45,6.481730918517448
20230828093017630,6.46,6.45,6.481730918517448
20230828093017660,6.46,6.45,6.481730918517448
20230828093017750,6.46,6.45,6.481730918517448
20230828093018020,6.46,6.45,6.481630966745947
20230828093018050,6.46,6.45,6.481628452470342
20230828093018100,6.44,6.45,6.481522272951771
20230828093018680,6.46,6.45,6.481299305119193
20230828093018690,6.46,6.45,6.481299305119193
20230828093019090,6.44,6.45,6.481205930746759
20230828093019100,6.44,6.45,6.480947520369977
20230828093019110,6.44,6.45,6.480938184686728
20230828093019120,6.44,6.45,6.480938184686728
20230828093019230,6.44,6.45,6.480938184686728
20230828093019240,6.44,6.45,6.480938184686728
20230828093019600,6.44,6.45,6.480938184686728
20230828093019650,6.44,6.45,6.480938184686728
20230828093019710,6.44,6.45,6.480938184686728
20230828093019930,6.44,6.45,6.480938184686728
20230828093019980,6.44,6.45,6.480938184686728
20230828093020250,6.44,6.45,6.480938184686728
20230828093020620,6.44,6.45,6.480938184686728
20230828093020630,6.44,6.45,6.480938184686728
20230828093021200,6.44,6.45,6.480938184686728
20230828093021450,6.44,6.45,6.480938184686728
20230828093021520,6.44,6.45,6.480938184686728
20230828093021850,6.44,6.45,6.480938184686728
20230828093021860,6.44,6.45,6.480938184686728
20230828093022050,6.44,6.45,6.480938184686728
20230828093022100,6.44,6.45,6.480938184686728
20230828093022110,6.44,6.45,6.480938184686728
20230828093022120,6.44,6.45,6.480938184686728
20230828093022890,6.44,6.45,6.480938184686728
20230828093024220,6.44,6.45,6.480938184686728
20230828093025180,6.44,6.45,6.480938184686728
20230828093025200,6.44,6.45,6.480938184686728
20230828093025410,6.44,6.45,6.480938184686728
20230828093025690,6.44,6.45,6.480938184686728
20230828093025900,6.44,6.45,6.4808395571137405
20230828093026030,6.44,6.45,6.4808395571137405
20230828093026240,6.45,6.44,6.480478212632464
20230828093026570,6.45,6.44,6.480478212632464
20230828093026850,6.44,6.44,6.480478212632464
20230828093026900,6.44,6.44,6.480478212632464
20230828093026950,6.44,6.44,6.480478212632464
20230828093026970,6.44,6.44,6.480478212632464
20230828093027010,6.44,6.44,6.480478212632464
20230828093027050,6.44,6.44,6.480478212632464
20230828093027260,6.44,6.44,6.480478212632464
20230828093027320,6.44,6.44,6.480478212632464
20230828093027340,6.44,6.44,6.480478212632464
20230828093027390,6.44,6.44,6.480478212632464
20230828093027440,6.44,6.44,6.480478212632464
20230828093027540,6.44,6.44,6.480478212632464
20230828093027550,6.44,6.44,6.480478212632464
20230828093027560,6.44,6.44,6.480478212632464
20230828093027670,6.44,6.44,6.480478212632464
20230828093027800,6.44,6.44,6.480478212632464
20230828093027810,6.44,6.44,6.480478212632464
20230828093027820,6.44,6.44,6.479766845805882
20230828093027870,6.44,6.44,6.479766845805882
20230828093028260,6.44,6.44,6.479766845805882
20230828093028600,6.44,6.44,6.479766845805882
20230828093028680,6.44,6.44,6.479766845805882
20230828093028790,6.44,6.44,6.479766845805882
20230828093028800,6.44,6.44,6.479766845805882
20230828093028850,6.44,6.44,6.479766845805882
20230828093028910,6.44,6.44,6.479766845805882
20230828093028990,6.44,6.44,6.479736037080979
20230828093029010,6.44,6.44,6.479736037080979
20230828093029040,6.44,6.44,6.479736037080979
20230828093029310,6.44,6.44,6.479736037080979
20230828093029450,6.44,6.44,6.479736037080979
20230828093029660,6.44,6.44,6.479486875450977
20230828093029750,6.44,6.44,6.479486875450977
20230828093029780,6.44,6.44,6.479486875450977
20230828093029890,6.44,6.44,6.479486875450977
20230828093029930,6.44,6.44,6.479486875450977
20230828093030010,6.44,6.44,6.479486875450977
20230828093030220,6.44,6.44,6.479486875450977
20230828093030650,6.44,6.44,6.479486875450977
20230828093031050,6.44,6.44,6.479486875450977
20230828093031090,6.44,6.44,6.479344063583637
20230828093031100,6.44,6.44,6.479305293999141
20230828093031110,6.44,6.44,6.479202281006752
20230828093031270,6.44,6.44,6.479202281006752
20230828093031510,6.44,6.44,6.479202281006752
20230828093031820,6.44,6.44,6.479180887893511
20230828093032030,6.44,6.44,6.479036422682771
20230828093032140,6.44,6.44,6.479036422682771
20230828093032200,6.44,6.44,6.479036422682771
20230828093032300,6.44,6.44,6.479015361440582
20230828093032750,6.44,6.44,6.479015361440582
20230828093033020,6.44,6.44,6.479015361440582
20230828093033030,6.44,6.44,6.479015361440582
20230828093033640,6.44,6.44,6.479015361440582
20230828093034090,6.44,6.45,6.478979884376117
20230828093034130,6.44,6.45,6.478961156180931
20230828093034150,6.44,6.45,6.478945567832445
20230828093034520,6.44,6.45,6.478945567832445
20230828093034610,6.44,6.45,6.478945567832445
20230828093034830,6.44,6.45,6.478945567832445
20230828093035050,6.44,6.45,6.478945567832445
20230828093035390,6.44,6.45,6.478945567832445
20230828093036270,6.44,6.44,6.478788493852985
20230828093036590,6.44,6.44,6.478788493852985
20230828093036620,6.44,6.44,6.478788493852985
20230828093036670,6.44,6.44,6.478788493852985
20230828093036800,6.44,6.44,6.478788493852985
20230828093037090,6.44,6.44,6.478788493852985
20230828093037150,6.44,6.44,6.478757542535833
20230828093037190,6.44,6.44,6.478757542535833
20230828093037690,6.44,6.44,6.478757542535833
20230828093038400,6.44,6.44,6.478757542535833
20230828093038430,6.44,6.44,6.478665330396099
20230828093038640,6.44,6.44,6.478665330396099
20230828093038720,6.46,6.44,6.4786378215380935
20230828093039000,6.46,6.44,6.4786378215380935
20230828093039300,6.46,6.44,6.4786378215380935
20230828093039330,6.45,6.44,6.4786378215380935
20230828093039970,6.45,6.44,6.4786378215380935
20230828093040020,6.45,6.44,6.4786378215380935
20230828093040070,6.45,6.44,6.4786378215380935
20230828093040090,6.45,6.44,6.4786378215380935
20230828093040100,6.45,6.44,6.478432919404859
20230828093040520,6.45,6.44,6.478429904044388
20230828093041020,6.45,6.44,6.478429904044388
20230828093041040,6.45,6.44,6.478429904044388
20230828093041850,6.45,6.44,6.478429904044388
20230828093041940,6.45,6.44,6.478429904044388
20230828093042090,6.45,6.44,6.478429904044388
20230828093042130,6.45,6.44,6.478429904044388
20230828093042550,6.45,6.44,6.478429904044388
20230828093043090,6.45,6.45,6.478429904044388
20230828093043110,6.45,6.45,6.478429904044388
20230828093043150,6.45,6.45,6.478429904044388
20230828093043410,6.45,6.45,6.478429904044388
20230828093044100,6.45,6.45,6.478429904044388
20230828093044340,6.44,6.45,6.478429904044388
20230828093044460,6.44,6.45,6.478429904044388
20230828093044540,6.44,6.45,6.478429904044388
20230828093044550,6.44,6.45,6.478429904044388
20230828093044720,6.44,6.45,6.478429904044388
20230828093045190,6.44,6.45,6.478429904044388
20230828093045380,6.44,6.45,6.478429904044388
20230828093045480,6.44,6.45,6.478429904044388
20230828093045820,6.44,6.45,6.478429904044388
20230828093045830,6.44,6.45,6.478429904044388
20230828093045840,6.47,6.44,6.478429904044388
20230828093045960,6.47,6.44,6.478429904044388
20230828093045970,6.47,6.44,6.478429904044388
20230828093046000,6.47,6.44,6.478429904044388
20230828093046050,6.47,6.44,6.478429904044388
20230828093046260,6.47,6.44,6.478429904044388
20230828093046730,6.47,6.44,6.478429904044388
20230828093047040,6.44,6.44,6.478429904044388
20230828093047160,6.44,6.44,6.478429904044388
20230828093047170,6.47,6.44,6.478429904044388
20230828093047710,6.47,6.44,6.478429904044388
20230828093047890,6.47,6.44,6.478429904044388
20230828093047910,6.47,6.44,6.478429904044388
20230828093048760,6.47,6.44,6.478429904044388
20230828093049110,6.46,6.44,6.478429904044388
20230828093049140,6.46,6.44,6.478429904044388
20230828093049420,6.46,6.44,6.478429904044388
20230828093049590,6.46,6.44,6.478429904044388
20230828093049710,6.46,6.44,6.478429904044388
20230828093049810,6.46,6.44,6.478429904044388
20230828093049820,6.46,6.44,6.478429904044388
20230828093049840,6.46,6.44,6.478429904044388
20230828093050740,6.46,6.44,6.478429904044388
20230828093050760,6.46,6.44,6.478429904044388
20230828093050780,6.46,6.44,6.478429904044388
20230828093051120,6.46,6.44,6.478429904044388
20230828093051130,6.46,6.44,6.478429904044388
20230828093051380,6.46,6.44,6.478429904044388
20230828093051910,6.46,6.44,6.478429904044388
20230828093052100,6.46,6.44,6.478429904044388
20230828093052210,6.46,6.44,6.478429904044388
20230828093052300,6.46,6.44,6.478429904044388
20230828093053020,6.46,6.44,6.478429904044388
20230828093053350,6.46,6.44,6.478429904044388
20230828093053790,6.46,6.44,6.478429904044388
20230828093053950,6.46,6.44,6.478429904044388
20230828093053980,6.46,6.44,6.478429904044388
20230828093054150,6.46,6.44,6.478429904044388
20230828093054590,6.46,6.44,6.478429904044388
20230828093054630,6.46,6.44,6.478429904044388
20230828093054760,6.46,6.44,6.478429904044388
20230828093054910,6.46,6.44,6.478429904044388
20230828093055140,6.46,6.45,6.478429904044388
20230828093055150,6.46,6.45,6.478429904044388
20230828093055350,6.46,6.45,6.478429904044388
20230828093055450,6.46,6.45,6.478429904044388
20230828093055730,6.46,6.44,6.478429904044388
20230828093055770,6.46,6.44,6.478429904044388
20230828093055830,6.46,6.44,6.478429904044388
20230828093055960,6.46,6.44,6.478429904044388
20230828093055970,6.46,6.44,6.478429904044388
20230828093056370,6.46,6.44,6.478429904044388
20230828093056750,6.46,6.44,6.478429904044388
20230828093057370,6.45,6.44,6.478429904044388
20230828093057740,6.45,6.44,6.478429904044388
20230828093057750,6.45,6.44,6.478429904044388
20230828093057820,6.45,6.44,6.478429904044388
20230828093058150,6.45,6.44,6.478429904044388
20230828093058180,6.45,6.44,6.478429904044388
20230828093058200,6.45,6.44,6.478429904044388
20230828093058460,6.45,6.44,6.478429904044388
20230828093058540,6.45,6.44,6.475434934314007
20230828093059940,6.45,6.44,6.475434934314007
20230828093100150,6.46,6.44,6.4749876091151
20230828093100200,6.46,6.44,6.4749876091151
20230828093100220,6.46,6.44,6.4749876091151
20230828093100240,6.45,6.44,6.4749876091151
20230828093100580,6.45,6.44,6.4749876091151
20230828093100620,6.45,6.45,6.4749876091151
20230828093100770,6.46,6.45,6.4749876091151
20230828093100840,6.46,6.45,6.4749876091151
20230828093100980,6.46,6.45,6.4749876091151
20230828093101250,6.46,6.45,6.4749876091151
20230828093101270,6.46,6.45,6.4749876091151
20230828093101370,6.46,6.45,6.4749876091151
20230828093101520,6.46,6.45,6.4749876091151
20230828093101690,6.46,6.45,6.474742031035077
20230828093101870,6.46,6.45,6.474742031035077
20230828093102160,6.46,6.45,6.474742031035077
20230828093102660,6.46,6.45,6.474742031035077
20230828093102670,6.46,6.45,6.474742031035077
20230828093102760,6.46,6.45,6.474742031035077
20230828093103250,6.46,6.45,6.474742031035077
20230828093103260,6.45,6.45,6.474742031035077
20230828093103300,6.45,6.44,6.474742031035077
20230828093103320,6.45,6.44,6.474742031035077
20230828093103410,6.45,6.44,6.474742031035077
20230828093103730,6.45,6.44,6.474742031035077
20230828093103780,6.45,6.44,6.474742031035077
20230828093104110,6.45,6.44,6.474742031035077
20230828093104250,6.45,6.44,6.474742031035077
20230828093105220,6.45,6.44,6.474742031035077
20230828093105230,6.45,6.44,6.474250350972201
20230828093105290,6.46,6.44,6.474235721377256
20230828093105330,6.46,6.44,6.4741374461773
20230828093105620,6.44,6.44,6.473646441093257
20230828093105630,6.44,6.44,6.473629369423002
20230828093106240,6.44,6.44,6.473629369423002
20230828093106450,6.44,6.44,6.473629369423002
20230828093106780,6.44,6.44,6.473629369423002
20230828093106820,6.44,6.44,6.473629369423002
20230828093107310,6.44,6.44,6.473629369423002
20230828093107330,6.44,6.44,6.473629369423002
20230828093107620,6.44,6.44,6.473629369423002
20230828093107690,6.44,6.44,6.473629369423002
20230828093107970,6.44,6.44,6.473629369423002
20230828093107990,6.44,6.44,6.473629369423002
20230828093108110,6.44,6.44,6.473438356671853
20230828093108120,6.44,6.44,6.473434699739694
20230828093108190,6.44,6.44,6.4732308896329585
20230828093108300,6.43,6.44,6.4732308896329585
20230828093109280,6.43,6.44,6.4732308896329585
20230828093109430,6.43,6.44,6.4732308896329585
20230828093109460,6.43,6.44,6.4732308896329585
20230828093109970,6.43,6.44,6.4732308896329585
20230828093109980,6.43,6.44,6.4732308896329585
20230828093110410,6.43,6.44,6.4732308896329585
20230828093110620,6.43,6.44,6.4732308896329585
20230828093111160,6.43,6.44,6.4732308896329585
20230828093111450,6.43,6.44,6.4732308896329585
20230828093111650,6.43,6.44,6.473176622011555
20230828093112140,6.43,6.44,6.473176622011555
20230828093112150,6.43,6.44,6.473176622011555
20230828093112510,6.43,6.44,6.473176622011555
20230828093112880,6.43,6.44,6.473176622011555
20230828093113410,6.43,6.44,6.473176622011555
20230828093113580,6.43,6.44,6.473176622011555
20230828093114690,6.43,6.44,6.473176622011555
20230828093114710,6.43,6.44,6.473176622011555
20230828093114820,6.43,6.44,6.473176622011555
20230828093114950,6.43,6.44,6.473176622011555
20230828093115100,6.42,6.44,6.473176622011555
20230828093115370,6.42,6.44,6.473176622011555
20230828093115400,6.42,6.44,6.473176622011555
20230828093115420,6.42,6.44,6.473176622011555
20230828093116200,6.42,6.44,6.473176622011555
20230828093116450,6.42,6.44,6.473176622011555
20230828093117080,6.42,6.44,6.473176622011555
20230828093117480,6.42,6.44,6.473065600165687
20230828093117900,6.42,6.44,6.473065600165687
20230828093118770,6.42,6.44,6.473065600165687
20230828093118840,6.42,6.44,6.473065600165687
20230828093119170,6.41,6.44,6.473065600165687
20230828093119180,6.41,6.44,6.473065600165687
20230828093119590,6.41,6.44,6.473065600165687
20230828093119620,6.41,6.44,6.473065600165687
20230828093119900,6.41,6.44,6.473065600165687
20230828093120140,6.41,6.44,6.473065600165687
20230828093120610,6.43,6.44,6.472744964860304
20230828093121230,6.43,6.44,6.472744964860304
20230828093121240,6.42,6.44,6.472744964860304
20230828093122090,6.42,6.44,6.472744964860304
20230828093122160,6.42,6.44,6.472744964860304
20230828093122190,6.42,6.44,6.472744964860304
20230828093122380,6.42,6.44,6.472744964860304
20230828093122480,6.42,6.44,6.472744964860304
20230828093122900,6.42,6.44,6.472744964860304
20230828093122920,6.42,6.44,6.472744964860304
20230828093122970,6.42,6.44,6.472744964860304
20230828093123040,6.42,6.44,6.472744964860304
20230828093123200,6.42,6.44,6.472744964860304
20230828093123220,6.42,6.44,6.472744964860304
20230828093123920,6.42,6.44,6.472744964860304
20230828093123970,6.42,6.44,6.472744964860304
20230828093125090,6.42,6.44,6.472744964860304
20230828093125270,6.42,6.44,6.472744964860304
20230828093125420,6.42,6.44,6.472744964860304
20230828093125440,6.42,6.44,6.472744964860304
20230828093125880,6.42,6.44,6.472744964860304
20230828093126060,6.42,6.44,6.472744964860304
20230828093126140,6.41,6.44,6.471830207011162
20230828093126180,6.41,6.44,6.471830207011162
20230828093126500,6.41,6.44,6.471830207011162
20230828093126510,6.41,6.44,6.471830207011162
20230828093126710,6.41,6.44,6.4717695859914235
20230828093126780,6.41,6.44,6.4717695859914235
20230828093127160,6.41,6.44,6.4717695859914235
20230828093127180,6.41,6.44,6.4717695859914235
20230828093127290,6.41,6.44,6.4717695859914235
20230828093127360,6.41,6.44,6.4717695859914235
20230828093127430,6.41,6.44,6.471617605351431
20230828093128110,6.41,6.44,6.471617605351431
20230828093128160,6.41,6.44,6.471617605351431
20230828093128720,6.41,6.44,6.471617605351431
20230828093128810,6.41,6.44,6.471617605351431
20230828093129030,6.41,6.4,6.471617605351431
20230828093129110,6.41,6.4,6.471617605351431
20230828093129160,6.41,6.4,6.471617605351431
20230828093129290,6.41,6.4,6.471617605351431
20230828093129540,6.41,6.4,6.471617605351431
20230828093129560,6.41,6.4,6.471617605351431
20230828093129580,6.41,6.4,6.471617605351431
20230828093130550,6.41,6.4,6.471617605351431
20230828093131090,6.41,6.42,6.471617605351431
20230828093131240,6.41,6.42,6.471617605351431
20230828093131710,6.41,6.42,6.471617605351431
20230828093131860,6.41,6.42,6.471617605351431
20230828093132230,6.41,6.42,6.471617605351431
20230828093132470,6.41,6.42,6.471617605351431
20230828093132590,6.41,6.42,6.471617605351431
20230828093132790,6.41,6.42,6.471617605351431
20230828093133210,6.41,6.42,6.471617605351431
20230828093133370,6.41,6.42,6.471617605351431
20230828093133470,6.41,6.42,6.471617605351431
20230828093133970,6.41,6.42,6.471358021684704
20230828093134600,6.41,6.42,6.471358021684704
20230828093134650,6.41,6.42,6.471358021684704
20230828093135420,6.41,6.42,6.471299718788617
20230828093135650,6.41,6.4,6.471299718788617
20230828093135690,6.41,6.4,6.471299718788617
20230828093135700,6.41,6.4,6.471299718788617
20230828093135760,6.41,6.4,6.471299718788617
20230828093135830,6.41,6.4,6.471299718788617
20230828093136070,6.41,6.4,6.471299718788617
20230828093136150,6.41,6.4,6.471299718788617
20230828093136550,6.41,6.41,6.471299718788617
20230828093136690,6.41,6.41,6.470760682495922
20230828093136910,6.41,6.41,6.470760682495922
20230828093137060,6.41,6.41,6.470760682495922
20230828093137090,6.41,6.41,6.470760682495922
20230828093137190,6.41,6.41,6.470760682495922
20230828093137430,6.41,6.41,6.470760682495922
20230828093137620,6.41,6.41,6.470760682495922
20230828093138060,6.41,6.41,6.470760682495922
20230828093138130,6.41,6.41,6.47066798036835
20230828093138190,6.41,6.41,6.47066798036835
20230828093138200,6.41,6.41,6.470659844436451
20230828093138250,6.41,6.41,6.470619203937952
20230828093138580,6.41,6.41,6.470619203937952
20230828093138780,6.41,6.41,6.470619203937952
20230828093139710,6.41,6.41,6.470619203937952
20230828093139720,6.41,6.41,6.4701415591402975
20230828093139840,6.41,6.41,6.4701415591402975
20230828093139990,6.41,6.41,6.4701415591402975
20230828093140250,6.41,6.41,6.4701415591402975
20230828093140720,6.41,6.41,6.4701415591402975
20230828093140830,6.41,6.41,6.4701415591402975
20230828093141090,6.41,6.41,6.4701415591402975
20230828093141250,6.41,6.41,6.4701415591402975
20230828093141370,6.41,6.41,6.4701415591402975
20230828093141390,6.41,6.41,6.4701415591402975
20230828093141400,6.41,6.41,6.4701415591402975
20230828093141590,6.41,6.41,6.4701415591402975
20230828093142280,6.41,6.41,6.4701415591402975
20230828093142290,6.41,6.41,6.4701415591402975
20230828093142380,6.41,6.41,6.4701415591402975
20230828093143090,6.41,6.41,6.469858813571142
20230828093143110,6.41,6.41,6.469849326748741
20230828093143150,6.41,6.41,6.469801937707056
20230828093143160,6.41,6.41,6.469801937707056
20230828093143170,6.41,6.41,6.469801937707056
20230828093143180,6.41,6.41,6.469801937707056
20230828093143360,6.41,6.41,6.469801937707056
20230828093143710,6.41,6.41,6.469801937707056
20230828093143730,6.41,6.41,6.469801937707056
20230828093143760,6.41,6.41,6.469801937707056
20230828093143770,6.41,6.41,6.469801937707056
20230828093143970,6.41,6.41,6.469501638237955
20230828093143990,6.41,6.41,6.469468819732479
20230828093144580,6.41,6.41,6.469468819732479
20230828093144590,6.41,6.41,6.469468819732479
20230828093144760,6.41,6.41,6.469468819732479
20230828093145090,6.41,6.41,6.469468819732479
20230828093145900,6.41,6.41,6.469468819732479
20230828093146110,6.41,6.41,6.469468819732479
20230828093146120,6.41,6.41,6.469468819732479
20230828093146510,6.41,6.41,6.469468819732479
20230828093146830,6.41,6.41,6.469468819732479
20230828093147240,6.41,6.41,6.469468819732479
20230828093147960,6.41,6.41,6.469468819732479
20230828093147970,6.41,6.41,6.469468819732479
20230828093148610,6.41,6.41,6.469468819732479
20230828093149070,6.41,6.41,6.469468819732479
20230828093149780,6.41,6.41,6.469468819732479
20230828093150800,6.41,6.41,6.469468819732479
20230828093150940,6.41,6.41,6.469468819732479
20230828093151540,6.41,6.41,6.469468819732479
20230828093151640,6.41,6.41,6.469468819732479
20230828093152040,6.41,6.41,6.469468819732479
20230828093152120,6.41,6.41,6.469468819732479
20230828093152310,6.41,6.41,6.469468819732479
20230828093152780,6.41,6.41,6.469468819732479
20230828093152850,6.41,6.41,6.469468819732479
20230828093152950,6.41,6.41,6.469468819732479
20230828093153410,6.41,6.41,6.469468819732479
20230828093154750,6.41,6.41,6.469468819732479
20230828093155090,6.41,6.41,6.469468819732479
20230828093155200,6.41,6.41,6.469468819732479
20230828093155420,6.4,6.39,6.469468819732479
20230828093155470,6.4,6.39,6.469468819732479
20230828093156030,6.4,6.39,6.469468819732479
20230828093156040,6.4,6.39,6.469468819732479
20230828093156110,6.4,6.39,6.469468819732479
20230828093156200,6.4,6.39,6.469468819732479
20230828093156320,6.4,6.39,6.469468819732479
20230828093156470,6.4,6.39,6.469468819732479
20230828093156560,6.4,6.39,6.469468819732479
20230828093156580,6.4,6.39,6.469468819732479
20230828093156780,6.4,6.39,6.469468819732479
20230828093157760,6.4,6.39,6.469468819732479
20230828093158100,6.4,6.39,6.46884952892918
20230828093158160,6.4,6.39,6.46884952892918
20230828093158200,6.4,6.39,6.46884952892918
20230828093158710,6.41,6.39,6.468411723286515
20230828093158850,6.4,6.39,6.468411723286515
20230828093158920,6.4,6.39,6.468411723286515
20230828093159240,6.4,6.39,6.468411723286515
20230828093159370,6.4,6.39,6.468411723286515
20230828093159430,6.4,6.39,6.468411723286515
20230828093159800,6.4,6.38,6.468411723286515
20230828093159810,6.4,6.38,6.468411723286515
20230828093200010,6.4,6.39,6.468411723286515
20230828093200160,6.4,6.39,6.4655036779760815
20230828093200370,6.4,6.39,6.4655036779760815
20230828093200390,6.4,6.39,6.4655036779760815
20230828093200410,6.41,6.4,6.4650805828933215
20230828093200480,6.41,6.4,6.4650805828933215
20230828093200490,6.41,6.4,6.4650805828933215
20230828093201100,6.41,6.4,6.464948171481572
20230828093201120,6.41,6.4,6.46493854978682
20230828093201140,6.41,6.4,6.46493854978682
20230828093201150,6.41,6.4,6.46493854978682
20230828093201360,6.41,6.4,6.46493854978682
20230828093201370,6.41,6.4,6.464229663515359
20230828093201380,6.41,6.4,6.464229663515359
20230828093201450,6.41,6.4,6.464229663515359
20230828093201510,6.41,6.4,6.464229663515359
20230828093201900,6.41,6.4,6.464182641060781
20230828093202310,6.41,6.4,6.464182641060781
20230828093202360,6.41,6.4,6.464182641060781
20230828093202380,6.41,6.4,6.464098173916604
20230828093202550,6.41,6.4,6.464098173916604
20230828093202560,6.41,6.4,6.46376687096943
20230828093202570,6.41,6.4,6.463700513127288
20230828093202860,6.41,6.4,6.463700513127288
20230828093202920,6.41,6.4,6.463700513127288
20230828093202950,6.41,6.4,6.463700513127288
20230828093203120,6.41,6.4,6.463700513127288
20230828093203400,6.41,6.4,6.463700513127288
20230828093203760,6.41,6.4,6.463700513127288
20230828093203790,6.41,6.4,6.4636459883553945
20230828093203800,6.41,6.4,6.4636459883553945
20230828093203810,6.41,6.4,6.463148743727258
20230828093203820,6.41,6.4,6.4626643816890414
20230828093203830,6.41,6.41,6.461143731470418
20230828093203890,6.41,6.41,6.461143731470418
20230828093203900,6.41,6.41,6.461143731470418
20230828093203910,6.41,6.41,6.461143731470418
20230828093203920,6.41,6.41,6.461143731470418
20230828093203960,6.41,6.41,6.460998542032995
20230828093204180,6.41,6.41,6.460998542032995
20230828093204200,6.41,6.41,6.460998542032995
20230828093204260,6.42,6.41,6.460998542032995
20230828093205320,6.42,6.41,6.460998542032995
20230828093205330,6.42,6.41,6.460998542032995
20230828093205410,6.42,6.41,6.460998542032995
20230828093205740,6.42,6.41,6.460998542032995
20230828093205980,6.42,6.41,6.460998542032995
20230828093206820,6.42,6.41,6.460998542032995
20230828093206880,6.42,6.41,6.460998542032995
20230828093207120,6.42,6.41,6.460998542032995
20230828093207130,6.42,6.41,6.460998542032995
20230828093207140,6.42,6.41,6.460998542032995
20230828093207480,6.42,6.41,6.460998542032995
20230828093208180,6.42,6.41,6.459808388438982
20230828093208490,6.42,6.41,6.459761514241387
20230828093208750,6.42,6.41,6.459761514241387
20230828093209030,6.42,6.41,6.459761514241387
20230828093210100,6.42,6.41,6.459687592223945
20230828093210190,6.42,6.41,6.459687592223945
20230828093210550,6.42,6.42,6.459687592223945
20230828093212310,6.43,6.42,6.459505524832415
20230828093212350,6.43,6.42,6.459505524832415
20230828093212370,6.43,6.42,6.459505524832415
20230828093212400,6.43,6.42,6.459505524832415
20230828093212410,6.43,6.42,6.459505524832415
20230828093212430,6.43,6.42,6.459505524832415
20230828093213000,6.43,6.43,6.45947408865473
20230828093213010,6.43,6.42,6.45946427858206
20230828093213100,6.43,6.43,6.459462317351111
20230828093213150,6.43,6.43,6.459462317351111
20230828093213160,6.43,6.43,6.459462317351111
20230828093213270,6.43,6.43,6.459462317351111
20230828093213280,6.43,6.43,6.459462317351111
20230828093213720,6.43,6.43,6.4594603563812365
20230828093213990,6.43,6.43,6.4594603563812365
20230828093214320,6.43,6.43,6.4594603563812365
20230828093214370,6.43,6.43,6.4594603563812365
20230828093214530,6.43,6.43,6.4594603563812365
20230828093214570,6.43,6.43,6.4593964947046025
20230828093214710,6.43,6.43,6.4593964947046025
20230828093215150,6.43,6.43,6.4593964947046025
20230828093215170,6.43,6.43,6.459349442329915
20230828093215240,6.43,6.43,6.459349442329915
20230828093215730,6.43,6.43,6.459318358733756
20230828093215760,6.43,6.43,6.459318358733756
20230828093215770,6.43,6.43,6.459318358733756
20230828093215780,6.43,6.43,6.45925506758542
20230828093215830,6.43,6.43,6.459229155555086
20230828093215980,6.43,6.43,6.459229155555086
20230828093216000,6.43,6.43,6.459196210172279
20230828093216260,6.43,6.43,6.459196210172279
20230828093216480,6.43,6.43,6.459196210172279
20230828093216730,6.43,6.43,6.4591822518531
20230828093217310,6.43,6.43,6.4591822518531
20230828093217320,6.43,6.43,6.4591822518531
20230828093217350,6.43,6.43,6.4591822518531
20230828093217880,6.43,6.43,6.4591822518531
20230828093217990,6.43,6.43,6.4591822518531
20230828093218720,6.43,6.43,6.459168805899807
20230828093218980,6.43,6.43,6.459168805899807
20230828093219370,6.43,6.43,6.459168805899807
20230828093219400,6.43,6.43,6.459168805899807
20230828093219980,6.43,6.43,6.459168805899807
20230828093220500,6.43,6.43,6.459168805899807
20230828093220620,6.43,6.43,6.459168805899807
20230828093220630,6.43,6.43,6.459168805899807
20230828093221210,6.43,6.43,6.459168805899807
20230828093221370,6.43,6.43,6.459168805899807
20230828093221470,6.43,6.43,6.459168805899807
20230828093222380,6.43,6.43,6.459168805899807
20230828093222990,6.43,6.43,6.459168805899807
20230828093223030,6.44,6.42,6.459168805899807
20230828093223190,6.43,6.42,6.459168805899807
20230828093223960,6.43,6.42,6.459168805899807
20230828093224420,6.43,6.42,6.459168805899807
20230828093225340,6.43,6.42,6.459168805899807
20230828093225890,6.43,6.42,6.4588422687310105
20230828093226030,6.43,6.42,6.4588422687310105
20230828093226060,6.43,6.42,6.4588422687310105
20230828093226080,6.43,6.42,6.4588422687310105
20230828093226200,6.43,6.43,6.4588422687310105
20230828093226800,6.43,6.42,6.4588422687310105
20230828093226810,6.43,6.42,6.4588422687310105
20230828093226830,6.43,6.42,6.4588422687310105
20230828093226840,6.43,6.42,6.4588422687310105
20230828093226890,6.43,6.42,6.4588422687310105
20230828093226900,6.43,6.42,6.4588422687310105
20230828093226960,6.43,6.43,6.4588422687310105
20230828093227060,6.43,6.43,6.4588422687310105
20230828093227100,6.43,6.43,6.4588422687310105
20230828093227130,6.43,6.43,6.4588422687310105
20230828093227170,6.43,6.43,6.4588422687310105
20230828093227330,6.43,6.43,6.4588422687310105
20230828093227420,6.43,6.43,6.4588422687310105
20230828093227440,6.43,6.43,6.4588422687310105
20230828093227530,6.43,6.43,6.4588422687310105
20230828093227770,6.43,6.43,6.4588422687310105
20230828093228090,6.44,6.43,6.4588422687310105
20230828093228100,6.44,6.43,6.4588422687310105
20230828093228110,6.44,6.43,6.4588422687310105
20230828093228260,6.44,6.43,6.4588422687310105
20230828093228430,6.44,6.43,6.4588422687310105
20230828093228700,6.44,6.43,6.4588422687310105
20230828093228810,6.44,6.43,6.4588422687310105
20230828093229050,6.44,6.43,6.4588422687310105
20230828093229230,6.44,6.43,6.4588422687310105
20230828093229960,6.44,6.43,6.4588422687310105
20230828093230240,6.44,6.43,6.4588422687310105
20230828093230320,6.44,6.43,6.4588422687310105
20230828093230360,6.44,6.43,6.4576766410916475
20230828093230390,6.44,6.43,6.4576766410916475
20230828093230550,6.44,6.43,6.4576766410916475
20230828093230560,6.44,6.43,6.4576766410916475
20230828093230590,6.44,6.43,6.4576766410916475
20230828093230690,6.44,6.43,6.4576766410916475
20230828093230700,6.44,6.43,6.4576766410916475
20230828093230750,6.44,6.43,6.4576766410916475
20230828093230930,6.44,6.43,6.457656666683407
20230828093231300,6.44,6.43,6.457656666683407
20230828093231340,6.44,6.43,6.457656666683407
20230828093231570,6.44,6.43,6.457656666683407
20230828093231870,6.44,6.43,6.457656666683407
20230828093232420,6.44,6.43,6.457656666683407
20230828093232560,6.44,6.43,6.457638505215037
20230828093232890,6.44,6.43,6.457638505215037
20230828093232910,6.44,6.43,6.457603171582461
20230828093232940,6.44,6.43,6.457596562280199
20230828093232960,6.44,6.43,6.457563590075425
20230828093232980,6.44,6.43,6.457563590075425
20230828093233430,6.44,6.43,6.457563590075425
20230828093233540,6.44,6.43,6.457563590075425
20230828093234090,6.44,6.43,6.457563590075425
20230828093234110,6.44,6.44,6.457563590075425
20230828093234550,6.44,6.44,6.457563590075425
20230828093234640,6.44,6.43,6.457560299649792
20230828093234830,6.44,6.43,6.457560299649792
20230828093235060,6.44,6.43,6.457560299649792
20230828093235800,6.44,6.43,6.457560299649792
20230828093235960,6.44,6.43,6.457560299649792
20230828093236080,6.44,6.43,6.457560299649792
20230828093236240,6.44,6.43,6.457560299649792
20230828093236250,6.44,6.43,6.457560299649792
20230828093236890,6.44,6.43,6.457560299649792
20230828093237090,6.44,6.43,6.457560299649792
20230828093237120,6.44,6.43,6.457560299649792
20230828093237910,6.44,6.43,6.457560299649792
20230828093237920,6.44,6.43,6.45750128306061
20230828093238110,6.44,6.43,6.45750128306061
20230828093238290,6.44,6.43,6.45750128306061
20230828093238420,6.44,6.43,6.45750128306061
20230828093238630,6.44,6.43,6.45750128306061
20230828093238910,6.44,6.43,6.45750128306061
20230828093238960,6.44,6.43,6.45750128306061
20230828093239540,6.44,6.43,6.45750128306061
20230828093239580,6.44,6.43,6.45750128306061
20230828093239630,6.44,6.43,6.45750128306061
20230828093239860,6.44,6.43,6.45750128306061
20230828093239960,6.44,6.43,6.45750128306061
20230828093240140,6.44,6.43,6.45750128306061
20230828093240900,6.44,6.43,6.45750128306061
20230828093241260,6.44,6.43,6.45750128306061
20230828093241310,6.44,6.43,6.45750128306061
20230828093241730,6.44,6.41,6.456997930191218
20230828093241760,6.44,6.41,6.456997930191218
20230828093241900,6.44,6.42,6.456118344604591
20230828093241910,6.44,6.42,6.456118344604591
20230828093241960,6.44,6.42,6.456118344604591
20230828093241970,6.44,6.42,6.456118344604591
20230828093241980,6.44,6.43,6.456118344604591
20230828093242000,6.44,6.43,6.456118344604591
20230828093242460,6.44,6.43,6.456109624318319
20230828093242580,6.44,6.43,6.456109624318319
20230828093242590,6.44,6.43,6.456109624318319
20230828093242650,6.44,6.43,6.456109624318319
20230828093242690,6.44,6.43,6.456080624720978
20230828093242810,6.44,6.43,6.456080624720978
20230828093242950,6.44,6.43,6.456080624720978
20230828093242970,6.43,6.42,6.456043119688232
20230828093243150,6.43,6.42,6.456043119688232
20230828093243160,6.43,6.42,6.456043119688232
20230828093243260,6.43,6.42,6.456043119688232
20230828093243500,6.43,6.42,6.456043119688232
20230828093243950,6.43,6.42,6.456043119688232
20230828093244350,6.43,6.42,6.456043119688232
20230828093244710,6.43,6.42,6.456043119688232
20230828093244720,6.43,6.42,6.456043119688232
20230828093244950,6.43,6.42,6.456043119688232
20230828093245220,6.43,6.42,6.456043119688232
20230828093245270,6.43,6.42,6.456043119688232
20230828093245390,6.43,6.42,6.456043119688232
20230828093245730,6.43,6.42,6.456043119688232
20230828093245840,6.43,6.42,6.456007278445414
20230828093246090,6.43,6.42,6.455988617800621
20230828093246140,6.43,6.42,6.455988617800621
20230828093246330,6.43,6.43,6.455931249015593
20230828093246370,6.44,6.43,6.45589799098792
20230828093246400,6.44,6.43,6.45589027928649
20230828093246560,6.44,6.43,6.45588873749729
20230828093247160,6.44,6.43,6.455873329698923
20230828093247170,6.44,6.43,6.455873329698923
20230828093247210,6.44,6.43,6.455873329698923
20230828093247300,6.44,6.43,6.455873329698923
20230828093247470,6.43,6.43,6.455873329698923
20230828093247680,6.43,6.43,6.455873329698923
20230828093247890,6.43,6.43,6.455873329698923
20230828093248270,6.43,6.43,6.455873329698923
20230828093248340,6.43,6.43,6.455873329698923
20230828093248410,6.43,6.43,6.455873329698923
20230828093248700,6.43,6.43,6.455873329698923
20230828093248970,6.44,6.43,6.455852080207533
20230828093249010,6.43,6.43,6.455852080207533
20230828093249090,6.43,6.43,6.455841327299433
20230828093249230,6.44,6.42,6.455803494941968
20230828093249530,6.44,6.42,6.455803494941968
20230828093249910,6.44,6.42,6.455803494941968
20230828093250180,6.44,6.42,6.455803494941968
20230828093250280,6.44,6.42,6.455803494941968
20230828093250420,6.44,6.42,6.455803494941968
20230828093250510,6.44,6.42,6.455803494941968
20230828093250840,6.44,6.42,6.455803494941968
20230828093250940,6.44,6.42,6.455803494941968
20230828093251080,6.44,6.42,6.455803494941968
20230828093251360,6.43,6.42,6.455803494941968
20230828093251370,6.44,6.42,6.455803494941968
20230828093251610,6.43,6.42,6.455803494941968
20230828093251800,6.43,6.42,6.455803494941968
20230828093251940,6.43,6.42,6.455803494941968
20230828093252100,6.43,6.42,6.455803494941968
20230828093252220,6.43,6.42,6.455803494941968
20230828093252320,6.43,6.42,6.455803494941968
20230828093252620,6.43,6.42,6.455803494941968
20230828093253320,6.43,6.42,6.455732000501645
20230828093253490,6.43,6.42,6.455732000501645
20230828093253550,6.43,6.42,6.455732000501645
20230828093253590,6.43,6.42,6.455732000501645
20230828093254120,6.43,6.42,6.455732000501645
20230828093254130,6.43,6.42,6.455732000501645
20230828093254160,6.43,6.42,6.455732000501645
20230828093254300,6.43,6.42,6.455732000501645
20230828093254360,6.43,6.42,6.455732000501645
20230828093254540,6.43,6.42,6.455660654956298
20230828093254680,6.43,6.42,6.455660654956298
20230828093254690,6.43,6.42,6.455660654956298
20230828093254710,6.43,6.42,6.455659141264107
20230828093255120,6.43,6.42,6.455659141264107
20230828093255210,6.43,6.42,6.455657627750487
20230828093255260,6.43,6.42,6.455657627750487
20230828093255330,6.43,6.42,6.455657627750487
20230828093255350,6.43,6.42,6.455657627750487
20230828093255470,6.43,6.42,6.455557804916493
20230828093255820,6.43,6.42,6.455557804916493
20230828093256450,6.43,6.42,6.455557804916493
20230828093256510,6.43,6.42,6.455557804916493
20230828093256630,6.43,6.42,6.455557804916493
20230828093256650,6.43,6.42,6.455557804916493
20230828093256800,6.43,6.42,6.455557804916493
20230828093257240,6.43,6.42,6.455543171524384
20230828093257490,6.43,6.42,6.455543171524384
20230828093257850,6.43,6.42,6.455543171524384
20230828093258080,6.43,6.42,6.455543171524384
20230828093258100,6.42,6.42,6.455543171524384
20230828093258130,6.42,6.42,6.455543171524384
20230828093258210,6.43,6.42,6.45550351296308
20230828093258240,6.43,6.42,6.45550351296308
20230828093258250,6.43,6.42,6.45550351296308
20230828093258390,6.43,6.42,6.45550351296308
20230828093258450,6.43,6.42,6.45550351296308
20230828093258460,6.42,6.42,6.45550351296308
20230828093258550,6.42,6.42,6.4552865170637865
20230828093259350,6.42,6.42,6.4552865170637865
20230828093259480,6.42,6.42,6.4552865170637865
20230828093259680,6.42,6.42,6.4552865170637865
20230828093259690,6.42,6.42,6.4552865170637865
20230828093259700,6.42,6.42,6.4552865170637865
20230828093300050,6.42,6.42,6.455278280902076
20230828093300080,6.42,6.42,6.455278280902076
20230828093300090,6.42,6.42,6.455278280902076
20230828093300400,6.42,6.42,6.455278280902076
20230828093300410,6.42,6.42,6.4550914671706074
20230828093300440,6.42,6.42,6.45508884699954
20230828093300450,6.42,6.42,6.4548022470195425
20230828093300510,6.42,6.42,6.4548022470195425
20230828093300910,6.42,6.42,6.4548022470195425
20230828093301420,6.42,6.42,6.4548022470195425
20230828093301820,6.42,6.42,6.4548022470195425
20230828093302360,6.43,6.42,6.45418691445982
20230828093302370,6.42,6.42,6.453407876819943
20230828093302380,6.42,6.42,6.453407876819943
20230828093302480,6.41,6.42,6.453407876819943
20230828093302490,6.41,6.42,6.453407876819943
20230828093302700,6.41,6.42,6.453407876819943
20230828093302820,6.41,6.42,6.453407876819943
20230828093302830,6.41,6.42,6.453407876819943
20230828093302910,6.41,6.42,6.453407876819943
20230828093303290,6.41,6.42,6.453407876819943
20230828093303330,6.41,6.42,6.453407876819943
20230828093303520,6.41,6.42,6.453407876819943
20230828093304110,6.41,6.42,6.453407876819943
20230828093304120,6.41,6.42,6.453407876819943
20230828093304150,6.41,6.42,6.453407876819943
20230828093304160,6.41,6.42,6.453407876819943
20230828093304380,6.41,6.42,6.453407876819943
20230828093304550,6.41,6.42,6.453407876819943
20230828093305100,6.41,6.42,6.453407876819943
20230828093305550,6.41,6.42,6.453345087112976
20230828093305640,6.41,6.42,6.453345087112976
20230828093305820,6.41,6.42,6.453345087112976
20230828093306000,6.41,6.42,6.453345087112976
20230828093306250,6.41,6.42,6.453345087112976
20230828093306700,6.41,6.42,6.453345087112976
20230828093307100,6.41,6.42,6.453253643609166
20230828093307120,6.41,6.4,6.453170111319475
20230828093307130,6.41,6.4,6.453158153078387
20230828093307380,6.41,6.4,6.453158153078387
20230828093307520,6.41,6.4,6.453158153078387
20230828093307970,6.41,6.4,6.453158153078387
20230828093308090,6.41,6.4,6.453158153078387
20230828093308100,6.41,6.4,6.453158153078387
20230828093308420,6.41,6.4,6.453158153078387
20230828093309310,6.41,6.4,6.453134256460004
20230828093309760,6.41,6.4,6.453134256460004
20230828093310110,6.41,6.4,6.453134256460004
20230828093310180,6.41,6.4,6.453134256460004
20230828093310710,6.41,6.4,6.453134256460004
20230828093310750,6.41,6.4,6.453134256460004
20230828093311450,6.41,6.4,6.453134256460004
20230828093311460,6.41,6.4,6.453134256460004
20230828093311480,6.41,6.4,6.453134256460004
20230828093311640,6.41,6.4,6.453134256460004
20230828093311730,6.41,6.4,6.453134256460004
20230828093311890,6.41,6.4,6.452848127183741
20230828093312110,6.41,6.4,6.452848127183741
20230828093312240,6.41,6.4,6.452848127183741
20230828093312440,6.41,6.4,6.452848127183741
20230828093312960,6.41,6.4,6.452802573058768
20230828093313400,6.41,6.4,6.452802573058768
20230828093313910,6.41,6.4,6.452802573058768
20230828093314370,6.41,6.4,6.452802573058768
20230828093314460,6.4,6.4,6.452802573058768
20230828093314660,6.4,6.4,6.452802573058768
20230828093314700,6.4,6.4,6.452802573058768
20230828093314810,6.4,6.4,6.452802573058768
20230828093314820,6.4,6.4,6.452802573058768
20230828093315190,6.4,6.4,6.452802573058768
20230828093315200,6.41,6.4,6.452802573058768
20230828093315530,6.41,6.4,6.452802573058768
20230828093315700,6.41,6.4,6.452802573058768
20230828093315860,6.41,6.4,6.452802573058768
20230828093316130,6.41,6.4,6.452802573058768
20230828093316690,6.41,6.4,6.452802573058768
20230828093317010,6.41,6.4,6.452802573058768
20230828093317030,6.41,6.4,6.452802573058768
20230828093317400,6.41,6.4,6.452802573058768
20230828093318030,6.41,6.4,6.452802573058768
20230828093318180,6.41,6.4,6.452556917324015
20230828093318250,6.4,6.4,6.452556917324015
20230828093318610,6.41,6.4,6.452556917324015
20230828093318690,6.41,6.4,6.452556917324015
20230828093318810,6.41,6.4,6.452556917324015
20230828093319000,6.4,6.4,6.452556917324015
20230828093319150,6.4,6.4,6.452556917324015
20230828093319340,6.4,6.4,6.452556917324015
20230828093319840,6.4,6.4,6.452556917324015
20230828093320430,6.4,6.4,6.452499447796543
20230828093321150,6.4,6.4,6.452499447796543
20230828093321170,6.4,6.4,6.452459293851301
20230828093321220,6.4,6.4,6.4524363763054025
20230828093321230,6.4,6.4,6.4524363763054025
20230828093321350,6.4,6.4,6.4524363763054025
20230828093321680,6.4,6.4,6.4524363763054025
20230828093321830,6.4,6.4,6.4524363763054025
20230828093322020,6.4,6.4,6.4524363763054025
20230828093322060,6.4,6.4,6.4524363763054025
20230828093322070,6.4,6.4,6.4524363763054025
20230828093322080,6.4,6.4,6.4524363763054025
20230828093322160,6.4,6.4,6.4524363763054025
20230828093322230,6.4,6.4,6.4524363763054025
20230828093322280,6.4,6.4,6.4524363763054025
20230828093322290,6.4,6.4,6.4524363763054025
20230828093322460,6.4,6.4,6.4524363763054025
20230828093322670,6.4,6.4,6.4524363763054025
20230828093323670,6.4,6.4,6.4524363763054025
20230828093323720,6.4,6.4,6.4524363763054025
20230828093323800,6.4,6.4,6.4524363763054025
20230828093324370,6.4,6.4,6.4524363763054025
20230828093324440,6.4,6.4,6.4524363763054025
20230828093324530,6.4,6.4,6.4524363763054025
20230828093324560,6.4,6.4,6.4524363763054025
20230828093324740,6.4,6.4,6.4524363763054025
20230828093324950,6.4,6.4,6.4524363763054025
20230828093325170,6.4,6.4,6.4524363763054025
20230828093325300,6.4,6.4,6.452303185554519
20230828093325310,6.39,6.4,6.452120432214916
20230828093325320,6.39,6.4,6.452120432214916
20230828093325540,6.39,6.4,6.452120432214916
20230828093325870,6.39,6.4,6.452120432214916
20230828093325880,6.39,6.4,6.452120432214916
20230828093325900,6.39,6.4,6.452120432214916
20230828093325980,6.39,6.4,6.45201936509727
20230828093326160,6.39,6.4,6.45201936509727
20230828093326260,6.39,6.4,6.45201936509727
20230828093326450,6.39,6.4,6.45201936509727
20230828093326540,6.39,6.4,6.45201936509727
20230828093326660,6.39,6.4,6.45201936509727
20230828093327010,6.39,6.4,6.451984230576593
20230828093327450,6.39,6.4,6.451984230576593
20230828093327720,6.39,6.4,6.451984230576593
20230828093327890,6.39,6.4,6.451984230576593
20230828093328110,6.39,6.4,6.451972526686379
20230828093328170,6.39,6.4,6.451972526686379
20230828093328190,6.39,6.4,6.451972526686379
20230828093328200,6.39,6.4,6.451972526686379
20230828093328220,6.39,6.4,6.451972526686379
20230828093328230,6.39,6.4,6.451972526686379
20230828093328250,6.39,6.4,6.451972526686379
20230828093328380,6.39,6.4,6.451972526686379
20230828093328390,6.39,6.4,6.451972526686379
20230828093328440,6.39,6.4,6.451972526686379
20230828093328620,6.38,6.4,6.451388307720095
20230828093328630,6.38,6.4,6.451388307720095
20230828093328850,6.38,6.4,6.451388307720095
20230828093329280,6.38,6.4,6.451372960643565
20230828093329410,6.38,6.4,6.451372960643565
20230828093329460,6.38,6.4,6.451372960643565
20230828093329540,6.38,6.4,6.451372960643565
20230828093329970,6.38,6.4,6.451372960643565
20230828093330080,6.38,6.4,6.451372960643565
20230828093330150,6.38,6.4,6.451372960643565
20230828093330550,6.38,6.4,6.451307809117152
20230828093330830,6.38,6.4,6.451273365263445
20230828093330950,6.38,6.4,6.451273365263445
20230828093331010,6.38,6.4,6.451273365263445
20230828093331180,6.38,6.4,6.451273365263445
20230828093331190,6.38,6.4,6.451273365263445
20230828093331390,6.38,6.4,6.451273365263445
20230828093331430,6.38,6.4,6.4510445872003315
20230828093331750,6.38,6.4,6.4510445872003315
20230828093332000,6.38,6.4,6.4510445872003315
20230828093332260,6.38,6.4,6.4510445872003315
20230828093332270,6.38,6.4,6.4510445872003315
20230828093332330,6.38,6.4,6.4510445872003315
20230828093332940,6.38,6.4,6.4510445872003315
20230828093332990,6.38,6.4,6.4510445872003315
20230828093333110,6.38,6.4,6.4510445872003315
20230828093333240,6.38,6.4,6.4510445872003315
20230828093333320,6.38,6.4,6.4510445872003315
20230828093333340,6.38,6.4,6.4510445872003315
20230828093333350,6.38,6.4,6.4510445872003315
20230828093333360,6.38,6.4,6.4510445872003315
20230828093333400,6.38,6.4,6.4510445872003315
20230828093333580,6.38,6.4,6.4510445872003315
20230828093333590,6.38,6.4,6.4510445872003315
20230828093333630,6.38,6.4,6.4510445872003315
20230828093333680,6.38,6.4,6.4510445872003315
20230828093333690,6.38,6.4,6.4510445872003315
20230828093334100,6.38,6.4,6.450997991804681
20230828093334110,6.38,6.4,6.450855331558531
20230828093334130,6.38,6.4,6.450855331558531
20230828093334140,6.37,6.4,6.450855331558531
20230828093334160,6.37,6.4,6.450855331558531
20230828093334220,6.37,6.4,6.450855331558531
20230828093334230,6.37,6.4,6.450855331558531
20230828093334370,6.37,6.4,6.450855331558531
20230828093334450,6.37,6.4,6.450855331558531
20230828093334520,6.37,6.4,6.450855331558531
20230828093334530,6.38,6.4,6.450678677086062
20230828093334680,6.38,6.4,6.450678677086062
20230828093334790,6.38,6.4,6.450678677086062
20230828093335400,6.38,6.4,6.450678677086062
20230828093335430,6.38,6.4,6.450678677086062
20230828093335620,6.38,6.4,6.450678677086062
20230828093335750,6.38,6.38,6.450678677086062
20230828093335760,6.38,6.38,6.450678677086062
20230828093336030,6.37,6.38,6.450678677086062
20230828093336090,6.37,6.38,6.450496473718097
20230828093336140,6.37,6.38,6.450496473718097
20230828093336170,6.37,6.38,6.4504580307513235
20230828093336220,6.37,6.38,6.45033810671271
20230828093336230,6.37,6.38,6.45033810671271
20230828093336560,6.38,6.38,6.448775971018157
20230828093336620,6.38,6.38,6.448775971018157
20230828093336630,6.38,6.38,6.448775971018157
20230828093336750,6.38,6.38,6.448775971018157
20230828093336870,6.38,6.38,6.448775971018157
20230828093337430,6.38,6.38,6.448679130697478
20230828093337790,6.38,6.38,6.448679130697478
20230828093338120,6.38,6.38,6.448679130697478
20230828093338210,6.38,6.38,6.448679130697478
20230828093338350,6.38,6.38,6.448679130697478
20230828093338430,6.38,6.38,6.448679130697478
20230828093338850,6.38,6.38,6.448679130697478
20230828093338880,6.38,6.38,6.448679130697478
20230828093339030,6.38,6.38,6.448679130697478
20230828093339180,6.38,6.38,6.448543424281736
20230828093339190,6.38,6.36,6.448210868701753
20230828093339470,6.38,6.36,6.448210868701753
20230828093339790,6.38,6.36,6.448210868701753
20230828093340090,6.38,6.37,6.448206844962484
20230828093340230,6.38,6.36,6.448206844962484
20230828093340500,6.38,6.36,6.448206844962484
20230828093340590,6.38,6.36,6.448206844962484
20230828093340840,6.38,6.36,6.448206844962484
20230828093341090,6.38,6.36,6.448206844962484
20230828093341420,6.38,6.37,6.448118620692489
20230828093341430,6.38,6.37,6.448110593443269
20230828093341440,6.38,6.37,6.448110593443269
20230828093341760,6.38,6.37,6.448110593443269
20230828093341860,6.37,6.37,6.448110593443269
20230828093342180,6.37,6.37,6.448110593443269
20230828093342190,6.36,6.37,6.448020146422382
20230828093342200,6.36,6.37,6.448020146422382
20230828093342240,6.36,6.37,6.448020146422382
20230828093342330,6.36,6.37,6.448020146422382
20230828093342440,6.37,6.37,6.447980122462212
20230828093342610,6.37,6.37,6.447980122462212
20230828093342710,6.37,6.37,6.44794813284817
20230828093342770,6.37,6.37,6.44794813284817
20230828093342780,6.37,6.37,6.44794813284817
20230828093343040,6.37,6.37,6.44794813284817
20230828093343090,6.37,6.36,6.447876034463677
20230828093343240,6.37,6.36,6.447876034463677
20230828093343300,6.37,6.36,6.447876034463677
20230828093344400,6.37,6.36,6.447876034463677
20230828093344830,6.37,6.36,6.447876034463677
20230828093345230,6.37,6.36,6.4478670304764085
20230828093345480,6.37,6.36,6.4478670304764085
20230828093345780,6.37,6.36,6.4478670304764085
20230828093345790,6.37,6.36,6.4478670304764085
20230828093345920,6.37,6.36,6.4478670304764085
20230828093346060,6.37,6.36,6.4478670304764085
20230828093346090,6.37,6.36,6.447858028334091
20230828093346110,6.37,6.36,6.447850052449988
20230828093346120,6.37,6.36,6.447850052449988
20230828093346290,6.37,6.36,6.447850052449988
20230828093347120,6.37,6.36,6.447837579559119
20230828093347370,6.37,6.36,6.447837579559119
20230828093347480,6.37,6.36,6.447837579559119
20230828093347520,6.37,6.36,6.447837579559119
20230828093347650,6.37,6.36,6.447821637696387
20230828093347690,6.37,6.36,6.447821637696387
20230828093347810,6.37,6.36,6.447821637696387
20230828093348140,6.37,6.36,6.447821637696387
20230828093348190,6.37,6.36,6.447707670786303
20230828093348410,6.37,6.36,6.447707670786303
20230828093348720,6.37,6.36,6.447707670786303
20230828093348800,6.37,6.36,6.447707670786303
20230828093348940,6.37,6.36,6.447707670786303
20230828093349230,6.37,6.36,6.447707670786303
20230828093350180,6.37,6.36,6.4473014795392825
20230828093350220,6.36,6.36,6.4473014795392825
20230828093350650,6.36,6.36,6.4473014795392825
20230828093350980,6.37,6.36,6.4473014795392825
20230828093350990,6.36,6.36,6.447044545794058
20230828093351010,6.36,6.36,6.447044545794058
20230828093351100,6.36,6.36,6.447044545794058
20230828093351120,6.36,6.36,6.447044545794058
20230828093351200,6.36,6.36,6.447044545794058
20230828093351380,6.36,6.36,6.447044545794058
20230828093351720,6.37,6.36,6.446726825954849
20230828093351770,6.37,6.36,6.446726825954849
20230828093351970,6.37,6.36,6.446726825954849
20230828093352010,6.37,6.36,6.446726825954849
20230828093352020,6.36,6.36,6.446726825954849
20230828093352090,6.36,6.36,6.446691774828789
20230828093352100,6.36,6.36,6.446691774828789
20230828093352220,6.36,6.36,6.446691774828789
20230828093352330,6.36,6.36,6.446691774828789
20230828093352370,6.36,6.36,6.446691774828789
20230828093352520,6.36,6.36,6.446691774828789
20230828093352550,6.36,6.36,6.446691774828789
20230828093352810,6.36,6.36,6.446691774828789
20230828093353430,6.36,6.36,6.446643625765954
20230828093353450,6.37,6.36,6.446613013290693
20230828093353610,6.37,6.36,6.446613013290693
20230828093353960,6.37,6.36,6.446613013290693
20230828093354130,6.37,6.36,6.446613013290693
20230828093354160,6.37,6.36,6.446613013290693
20230828093354880,6.37,6.36,6.446613013290693
20230828093354950,6.37,6.36,6.446613013290693
20230828093354980,6.36,6.36,6.44655185318939
20230828093355090,6.36,6.36,6.446495138956095
20230828093355250,6.36,6.36,6.446495138956095
20230828093355840,6.36,6.36,6.446495138956095
20230828093356220,6.36,6.36,6.446468988216893
20230828093356330,6.36,6.36,6.446468988216893
20230828093356680,6.36,6.36,6.446386281762916
20230828093356700,6.36,6.36,6.446386281762916
20230828093356720,6.36,6.36,6.446386281762916
20230828093356770,6.36,6.36,6.446386281762916
20230828093356800,6.36,6.36,6.446269023334754
20230828093356920,6.36,6.36,6.446269023334754
20230828093357100,6.36,6.36,6.446264686542974
20230828093357120,6.36,6.36,6.44625601426736
20230828093357540,6.36,6.36,6.44625601426736
20230828093357630,6.36,6.36,6.44625601426736
20230828093357840,6.36,6.36,6.44625601426736
20230828093358090,6.36,6.36,6.446225675029244
20230828093358130,6.36,6.36,6.446225675029244
20230828093358370,6.36,6.36,6.446225675029244
20230828093358530,6.36,6.36,6.446225675029244
20230828093359100,6.36,6.36,6.446225675029244
20230828093359170,6.36,6.36,6.446199686949952
20230828093359240,6.36,6.36,6.446199686949952
20230828093359440,6.36,6.36,6.446199686949952
20230828093359730,6.36,6.36,6.446199686949952
20230828093401090,6.36,6.36,6.44617371453135
20230828093401150,6.36,6.36,6.446164558411196
20230828093401170,6.36,6.36,6.446164558411196
20230828093401740,6.36,6.36,6.446164558411196
20230828093402500,6.36,6.36,6.446164558411196
20230828093402590,6.36,6.36,6.446164558411196
20230828093402620,6.36,6.36,6.446164558411196
20230828093402740,6.36,6.36,6.446164558411196
20230828093402980,6.36,6.36,6.446164558411196
20230828093403120,6.36,6.36,6.446164558411196
20230828093403590,6.37,6.36,6.445235819347557
20230828093403600,6.37,6.36,6.445235819347557
20230828093403720,6.37,6.36,6.445235819347557
20230828093403940,6.37,6.36,6.445235819347557
20230828093404240,6.37,6.36,6.445235819347557
20230828093404760,6.37,6.36,6.445235819347557
20230828093404790,6.36,6.36,6.445235819347557
20230828093404890,6.36,6.36,6.445235819347557
20230828093404950,6.36,6.36,6.445235819347557
20230828093404960,6.36,6.36,6.445235819347557
20230828093405040,6.36,6.36,6.445235819347557
20230828093405190,6.36,6.36,6.445235819347557
20230828093405200,6.36,6.36,6.445235819347557
20230828093405360,6.36,6.36,6.445235819347557
20230828093405750,6.37,6.36,6.445112478150191
20230828093406410,6.36,6.36,6.445112478150191
20230828093406420,6.36,6.36,6.445112478150191
20230828093406440,6.36,6.36,6.445112478150191
20230828093406590,6.36,6.36,6.445112478150191
20230828093406780,6.36,6.36,6.445112478150191
20230828093406970,6.36,6.36,6.444792828354506
20230828093407090,6.36,6.36,6.444776071176599
20230828093407350,6.36,6.36,6.444776071176599
20230828093407640,6.36,6.36,6.44476670704404
20230828093407730,6.36,6.36,6.4447199141235885
20230828093407940,6.36,6.36,6.4447199141235885
20230828093407960,6.36,6.36,6.444477980695566
20230828093408600,6.36,6.36,6.444477980695566
20230828093408650,6.36,6.35,6.443451914348163
20230828093408670,6.36,6.35,6.443451914348163
20230828093408830,6.36,6.35,6.443451914348163
20230828093409130,6.36,6.35,6.443451914348163
20230828093409970,6.37,6.35,6.443451914348163
20230828093410030,6.37,6.35,6.443451914348163
20230828093410110,6.37,6.35,6.443451914348163
20230828093410200,6.36,6.35,6.443451914348163
20230828093410320,6.36,6.35,6.443451914348163
20230828093410470,6.36,6.35,6.443451914348163
20230828093410480,6.36,6.36,6.443451914348163
20230828093410490,6.36,6.35,6.443137713266531
20230828093410560,6.36,6.35,6.443137713266531
20230828093411100,6.36,6.36,6.443137713266531
20230828093411110,6.36,6.35,6.442936254802627
20230828093411120,6.36,6.35,6.442936254802627
20230828093411320,6.36,6.35,6.442932239755697
20230828093411340,6.36,6.35,6.44292019694705
20230828093411590,6.36,6.35,6.44292019694705
20230828093412180,6.36,6.35,6.44292019694705
20230828093412240,6.36,6.35,6.44292019694705
20230828093412260,6.36,6.35,6.44292019694705
20230828093412530,6.36,6.35,6.44292019694705
20230828093412550,6.36,6.35,6.442719997141389
20230828093412860,6.36,6.35,6.442719997141389
20230828093413080,6.36,6.35,6.442719997141389
20230828093413090,6.36,6.35,6.442719997141389
20230828093413100,6.36,6.35,6.442719997141389
20230828093413630,6.36,6.35,6.442609879458111
20230828093413780,6.36,6.35,6.442609879458111
20230828093413950,6.36,6.35,6.442609879458111
20230828093414210,6.36,6.35,6.442609879458111
20230828093414230,6.36,6.35,6.442609879458111
20230828093414340,6.36,6.35,6.442423194825837
20230828093414700,6.36,6.35,6.442423194825837
20230828093414810,6.36,6.35,6.442423194825837
20230828093415280,6.36,6.35,6.442423194825837
20230828093415310,6.36,6.35,6.442383195097367
20230828093415810,6.36,6.35,6.442383195097367
20230828093416110,6.36,6.35,6.442383195097367
20230828093416330,6.36,6.35,6.442383195097367
20230828093416760,6.36,6.35,6.442383195097367
20230828093416840,6.36,6.35,6.442383195097367
20230828093416950,6.36,6.35,6.442383195097367
20230828093417120,6.36,6.35,6.442383195097367
20230828093417130,6.36,6.35,6.441989310413491
20230828093417230,6.36,6.35,6.441989310413491
20230828093417410,6.36,6.35,6.441954004620015
20230828093418160,6.36,6.35,6.441954004620015
20230828093418230,6.36,6.35,6.441954004620015
20230828093418240,6.36,6.35,6.441954004620015
20230828093418420,6.36,6.35,6.441954004620015
20230828093418840,6.36,6.35,6.441954004620015
20230828093419110,6.36,6.35,6.441516135913861
20230828093419220,6.36,6.35,6.441504492614515
20230828093419240,6.36,6.35,6.441465705627277
20230828093420250,6.36,6.35,6.441465705627277
20230828093420260,6.36,6.35,6.4414091549845045
20230828093420450,6.36,6.35,6.441208319812357
20230828093420490,6.36,6.35,6.440093691015521
20230828093420510,6.36,6.35,6.440093691015521
20230828093420680,6.36,6.35,6.439850448756527
20230828093420710,6.36,6.35,6.439850448756527
20230828093420990,6.36,6.35,6.439850448756527
20230828093421010,6.36,6.35,6.439850448756527
20230828093421090,6.36,6.35,6.439850448756527
20230828093421120,6.36,6.35,6.439850448756527
20230828093421460,6.36,6.35,6.439850448756527
20230828093421690,6.36,6.35,6.439850448756527
20230828093421720,6.36,6.35,6.439850448756527
20230828093421840,6.36,6.35,6.439850448756527
20230828093422020,6.36,6.35,6.439850448756527
20230828093422090,6.36,6.35,6.439850448756527
20230828093422100,6.36,6.35,6.439850448756527
20230828093422330,6.36,6.35,6.439801974002491
20230828093422770,6.36,6.35,6.439801974002491
20230828093422830,6.36,6.35,6.438939383860948
20230828093422840,6.36,6.35,6.438750223498596
20230828093422870,6.36,6.35,6.438750223498596
20230828093422890,6.36,6.36,6.438721721874804
20230828093423080,6.36,6.36,6.438721721874804
20230828093423100,6.36,6.36,6.438721721874804
20230828093423350,6.36,6.36,6.438721721874804
20230828093423420,6.36,6.36,6.438721721874804
20230828093423500,6.36,6.36,6.438721721874804
20230828093423820,6.36,6.36,6.438721721874804
20230828093423840,6.36,6.36,6.438721721874804
20230828093423960,6.36,6.36,6.438721721874804
20230828093423970,6.36,6.36,6.438721721874804
20230828093424620,6.36,6.36,6.438721721874804
20230828093424630,6.36,6.36,6.438721721874804
20230828093424640,6.36,6.36,6.438009306795985
20230828093424650,6.37,6.36,6.435725783851142
20230828093424670,6.37,6.37,6.435725783851142
20230828093424770,6.37,6.37,6.435725783851142
20230828093424880,6.37,6.37,6.435725783851142
20230828093424960,6.37,6.37,6.435686523683464
20230828093425070,6.37,6.37,6.435686523683464
20230828093425080,6.37,6.37,6.435686523683464
20230828093425180,6.37,6.37,6.435686523683464
20230828093425800,6.37,6.37,6.435686523683464
20230828093426170,6.37,6.37,6.435686523683464
20230828093426320,6.37,6.37,6.435686523683464
20230828093426830,6.37,6.37,6.435686523683464
20230828093426840,6.37,6.38,6.435686523683464
20230828093427000,6.37,6.38,6.435686523683464
20230828093427270,6.37,6.38,6.435686523683464
20230828093427570,6.37,6.38,6.435686523683464
20230828093427600,6.37,6.38,6.435686523683464
20230828093427800,6.37,6.38,6.435686523683464
20230828093427870,6.37,6.38,6.435686523683464
20230828093427920,6.37,6.38,6.435686523683464
20230828093428100,6.37,6.38,6.435686523683464
20230828093428340,6.37,6.38,6.435686523683464
20230828093428780,6.37,6.37,6.435477676668262
20230828093429010,6.37,6.37,6.435477676668262
20230828093429020,6.37,6.37,6.435477676668262
20230828093429300,6.37,6.37,6.435477676668262
20230828093429650,6.37,6.37,6.435477676668262
20230828093429930,6.37,6.37,6.435477676668262
20230828093430170,6.37,6.37,6.435477676668262
20230828093430180,6.37,6.37,6.435477676668262
20230828093430190,6.37,6.37,6.435477676668262
20230828093430680,6.37,6.37,6.435477676668262
20230828093430830,6.37,6.37,6.435477676668262
20230828093430850,6.37,6.37,6.435477676668262
20230828093430960,6.37,6.37,6.435477676668262
20230828093431020,6.37,6.37,6.435477676668262
20230828093431070,6.37,6.37,6.435477676668262
20230828093431100,6.37,6.37,6.435477676668262
20230828093431280,6.37,6.37,6.435477676668262
20230828093431290,6.37,6.37,6.435477676668262
20230828093431740,6.37,6.37,6.4354170777051
20230828093432290,6.37,6.37,6.4354170777051
20230828093432300,6.37,6.37,6.4354170777051
20230828093432310,6.37,6.37,6.4354170777051
20230828093432320,6.37,6.37,6.4354170777051
20230828093432800,6.37,6.37,6.4354170777051
20230828093432810,6.37,6.37,6.4354170777051
20230828093432850,6.38,6.37,6.435358877595137
20230828093433130,6.38,6.37,6.435350064489708
20230828093433160,6.38,6.37,6.435335771800102
20230828093433450,6.38,6.37,6.435335771800102
20230828093433660,6.38,6.37,6.435335771800102
20230828093434090,6.38,6.37,6.435332914012377
20230828093434210,6.38,6.37,6.435332914012377
20230828093434480,6.38,6.37,6.435332914012377
20230828093434640,6.38,6.37,6.435332914012377
20230828093434690,6.38,6.37,6.435332914012377
20230828093435090,6.38,6.37,6.435332914012377
20230828093435100,6.38,6.37,6.435332914012377
20230828093435120,6.38,6.37,6.435332914012377
20230828093435180,6.38,6.37,6.435332914012377
20230828093435980,6.38,6.37,6.435311140220782
20230828093436120,6.38,6.37,6.435311140220782
20230828093436480,6.38,6.37,6.435311140220782
20230828093436490,6.38,6.37,6.435311140220782
20230828093437290,6.38,6.37,6.435311140220782
20230828093437580,6.38,6.37,6.435311140220782
20230828093437670,6.38,6.37,6.435311140220782
20230828093438040,6.38,6.37,6.435311140220782
20230828093438740,6.38,6.37,6.435296633877336
20230828093438800,6.38,6.37,6.435296633877336
20230828093438990,6.38,6.37,6.435279719424096
20230828093439210,6.38,6.37,6.435279719424096
20230828093439250,6.38,6.37,6.435279719424096
20230828093439370,6.38,6.37,6.435279719424096
20230828093439450,6.38,6.37,6.435279719424096
20230828093439520,6.38,6.37,6.435279719424096
20230828093439570,6.38,6.37,6.435279719424096
20230828093439840,6.38,6.37,6.435279719424096
20230828093439960,6.38,6.37,6.435279719424096
20230828093439990,6.38,6.37,6.435279719424096
20230828093440410,6.38,6.37,6.435279719424096
20230828093440510,6.38,6.37,6.435058373040812
20230828093440650,6.38,6.37,6.435058373040812
20230828093440690,6.38,6.37,6.435058373040812
20230828093440840,6.37,6.37,6.435058373040812
20230828093441870,6.37,6.37,6.435058373040812
20230828093441920,6.37,6.37,6.435058373040812
20230828093442020,6.38,6.37,6.4347876766832695
20230828093442030,6.38,6.37,6.4347876766832695
20230828093442090,6.38,6.37,6.43478486878374
20230828093442100,6.38,6.37,6.43478486878374
20230828093442110,6.38,6.37,6.434753997944929
20230828093442130,6.38,6.37,6.434748388225775
20230828093442140,6.38,6.37,6.434748388225775
20230828093442190,6.38,6.37,6.434742779478491
20230828093442710,6.38,6.37,6.434742779478491
20230828093442880,6.38,6.37,6.434742779478491
20230828093442980,6.38,6.37,6.434728557102253
20230828093443050,6.38,6.37,6.434728557102253
20230828093443090,6.38,6.37,6.434717347898292
20230828093443100,6.38,6.37,6.434669752060967
20230828093443120,6.37,6.37,6.434625019886422
20230828093443130,6.37,6.37,6.434625019886422
20230828093443210,6.37,6.37,6.434625019886422
20230828093443660,6.37,6.37,6.434625019886422
20230828093443800,6.37,6.37,6.434625019886422
20230828093443810,6.37,6.37,6.434625019886422
20230828093444000,6.37,6.37,6.434599885222183
20230828093444750,6.37,6.37,6.434599885222183
20230828093445010,6.37,6.37,6.434574770101635
20230828093445110,6.37,6.37,6.43457154877937
20230828093445120,6.37,6.37,6.434487980341979
20230828093445230,6.37,6.37,6.434487980341979
20230828093445950,6.37,6.37,6.434487980341979
20230828093446100,6.37,6.37,6.434484767071474
20230828093446110,6.37,6.37,6.434484767071474
20230828093446250,6.37,6.37,6.434484767071474
20230828093446510,6.37,6.37,6.434473641987875
20230828093446540,6.37,6.37,6.434473641987875
20230828093446580,6.37,6.37,6.434473641987875
20230828093446650,6.37,6.37,6.434473641987875
20230828093446710,6.37,6.37,6.434473641987875
20230828093447170,6.37,6.37,6.434473641987875
20230828093447280,6.37,6.37,6.434431957090321
20230828093447300,6.37,6.37,6.434431957090321
20230828093447360,6.37,6.37,6.434431957090321
20230828093447420,6.37,6.37,6.4344009915834315
20230828093447460,6.37,6.37,6.4344009915834315
20230828093447820,6.37,6.37,6.4344009915834315
20230828093447990,6.37,6.37,6.4344009915834315
20230828093448000,6.36,6.37,6.4344009915834315
20230828093448010,6.37,6.37,6.434375599689238
20230828093448110,6.37,6.37,6.434375599689238
20230828093448150,6.37,6.37,6.434366422429829
20230828093448250,6.37,6.37,6.434366422429829
20230828093448260,6.37,6.37,6.434366422429829
20230828093448310,6.37,6.37,6.434366422429829
20230828093448520,6.37,6.37,6.434366422429829
20230828093448650,6.37,6.37,6.434366422429829
20230828093448680,6.37,6.37,6.434277852503681
20230828093448730,6.37,6.37,6.434277852503681
20230828093448860,6.37,6.37,6.434277852503681
20230828093448870,6.37,6.37,6.434277852503681
20230828093448890,6.37,6.37,6.434277852503681
20230828093449000,6.37,6.37,6.434277852503681
20230828093449020,6.37,6.37,6.434277852503681
20230828093449080,6.37,6.37,6.434277852503681
20230828093449090,6.37,6.37,6.434205639189463
20230828093449210,6.37,6.37,6.434205639189463
20230828093449220,6.37,6.37,6.434178072899135
20230828093449230,6.37,6.37,6.434172562481325
20230828093449240,6.37,6.37,6.434153283468581
20230828093449320,6.37,6.37,6.434153283468581
20230828093449440,6.37,6.37,6.434128513180971
20230828093449850,6.37,6.37,6.4341253331136885
20230828093449870,6.37,6.37,6.4341253331136885
20230828093449880,6.37,6.37,6.4341253331136885
20230828093450110,6.37,6.37,6.4341253331136885
20230828093450420,6.37,6.37,6.4341253331136885
20230828093450850,6.37,6.37,6.4341253331136885
20230828093450860,6.37,6.37,6.4341253331136885
20230828093450900,6.37,6.36,6.433878814982539
20230828093450920,6.37,6.36,6.433878814982539
20230828093450970,6.37,6.36,6.433878814982539
20230828093451000,6.37,6.36,6.433878814982539
20230828093451020,6.37,6.36,6.433878814982539
20230828093451120,6.37,6.36,6.433878814982539
20230828093451210,6.37,6.36,6.433878814982539
20230828093451320,6.37,6.36,6.433878814982539
20230828093451420,6.37,6.36,6.433878814982539
20230828093451430,6.37,6.36,6.433878814982539
20230828093451690,6.37,6.36,6.433878814982539
20230828093451780,6.37,6.36,6.433878814982539
20230828093451950,6.37,6.36,6.433878814982539
20230828093452140,6.37,6.36,6.433878814982539
20230828093452180,6.37,6.36,6.433878814982539
20230828093452220,6.37,6.36,6.433878814982539
20230828093452370,6.37,6.36,6.433878814982539
20230828093452400,6.37,6.36,6.433878814982539
20230828093452590,6.37,6.36,6.433878814982539
20230828093453030,6.37,6.36,6.433878814982539
20230828093453070,6.37,6.36,6.433878814982539
20230828093453470,6.37,6.36,6.433820658887774
20230828093454020,6.37,6.36,6.433820658887774
20230828093454190,6.37,6.36,6.433798592155563
20230828093454370,6.37,6.36,6.433798592155563
20230828093454420,6.37,6.36,6.4337169642979
20230828093454450,6.37,6.36,6.433635545052765
20230828093454520,6.37,6.36,6.433635545052765
20230828093454530,6.37,6.36,6.433611159839157
20230828093454940,6.37,6.36,6.433611159839157
20230828093455190,6.37,6.36,6.433611159839157
20230828093455200,6.37,6.36,6.433611159839157
20230828093455670,6.37,6.36,6.433611159839157
20230828093455680,6.37,6.36,6.433595492129872
20230828093456120,6.36,6.36,6.433595492129872
20230828093456170,6.36,6.36,6.433595492129872
20230828093456210,6.37,6.36,6.433595492129872
20230828093456260,6.36,6.36,6.433595492129872
20230828093456540,6.36,6.36,6.433595492129872
20230828093456640,6.37,6.36,6.433502029385709
20230828093456780,6.37,6.36,6.433502029385709
20230828093456790,6.37,6.36,6.433502029385709
20230828093456810,6.37,6.36,6.433502029385709
20230828093457090,6.36,6.36,6.43344511381919
20230828093457100,6.36,6.36,6.43344511381919
20230828093457110,6.36,6.36,6.43344511381919
20230828093457180,6.36,6.36,6.43344511381919
20230828093457240,6.36,6.36,6.433426401974322
20230828093457250,6.36,6.36,6.433426401974322
20230828093457320,6.36,6.36,6.433426401974322
20230828093457350,6.36,6.36,6.433426401974322
20230828093457460,6.36,6.36,6.433398352077475
20230828093457660,6.36,6.36,6.433398352077475
20230828093457680,6.36,6.36,6.433398352077475
20230828093457780,6.36,6.36,6.433351649843304
20230828093457940,6.37,6.36,6.433351649843304
20230828093458060,6.37,6.36,6.433351649843304
20230828093458160,6.37,6.36,6.433252216775479
20230828093458290,6.37,6.36,6.433246011158759
20230828093458840,6.37,6.36,6.433246011158759
20230828093458980,6.37,6.36,6.433246011158759
20230828093459350,6.37,6.36,6.433192477175733
20230828093459590,6.37,6.36,6.433192477175733
20230828093500120,6.37,6.36,6.433192477175733
20230828093500450,6.37,6.36,6.433192477175733
20230828093500620,6.37,6.36,6.433192477175733
20230828093500860,6.36,6.36,6.433192477175733
20230828093500870,6.36,6.36,6.433192477175733
20230828093501360,6.36,6.36,6.433192477175733
20230828093501550,6.36,6.36,6.433192477175733
20230828093501570,6.36,6.36,6.433192477175733
20230828093501610,6.36,6.36,6.433192477175733
20230828093501620,6.36,6.36,6.433192477175733
20230828093501990,6.36,6.36,6.432964231669194
20230828093502030,6.36,6.36,6.432936546348636
20230828093502060,6.36,6.36,6.432936546348636
20230828093502650,6.36,6.36,6.432936546348636
20230828093502700,6.36,6.36,6.432936546348636
20230828093502810,6.36,6.36,6.432936546348636
20230828093502820,6.36,6.36,6.432936546348636
20230828093503080,6.36,6.36,6.432936546348636
20230828093503750,6.36,6.36,6.432936546348636
20230828093504010,6.36,6.36,6.432936546348636
20230828093504080,6.36,6.36,6.432936546348636
20230828093504090,6.36,6.36,6.432936546348636
20230828093504120,6.36,6.36,6.432936546348636
20230828093504180,6.36,6.36,6.432936546348636
20230828093504200,6.36,6.36,6.432918101137348
20230828093504500,6.36,6.36,6.432918101137348
20230828093504520,6.36,6.36,6.432835213006202
20230828093504870,6.36,6.36,6.432835213006202
20230828093505130,6.36,6.36,6.432835213006202
20230828093505840,6.36,6.36,6.432780058863223
20230828093505860,6.36,6.36,6.432311576986804
20230828093505870,6.36,6.36,6.431995600382199
20230828093505880,6.36,6.36,6.431995600382199
20230828093506200,6.36,6.36,6.431995600382199
20230828093506240,6.36,6.36,6.431995600382199
20230828093506960,6.37,6.36,6.431995600382199
20230828093507040,6.37,6.36,6.431592343783851
20230828093507080,6.37,6.36,6.431592343783851
20230828093507270,6.37,6.36,6.431592343783851
20230828093507310,6.37,6.37,6.431498264485191
20230828093507930,6.38,6.36,6.4314957257900724
20230828093508070,6.38,6.36,6.4314957257900724
20230828093508200,6.37,6.36,6.4314957257900724
20230828093508270,6.38,6.36,6.431371585969145
20230828093508400,6.38,6.36,6.431371585969145
20230828093508720,6.38,6.37,6.431371585969145
20230828093508840,6.38,6.37,6.431371585969145
20230828093508860,6.38,6.37,6.431371585969145
20230828093508950,6.38,6.37,6.431371585969145
20230828093509710,6.38,6.37,6.431371585969145
20230828093509950,6.38,6.37,6.431371585969145
20230828093510020,6.38,6.37,6.431371585969145
20230828093510110,6.38,6.37,6.43136905772181
20230828093510350,6.38,6.37,6.43136905772181
20230828093510370,6.38,6.37,6.43136905772181
20230828093510590,6.38,6.36,6.43136905772181
20230828093511090,6.38,6.36,6.4312724654321025
20230828093511390,6.38,6.36,6.43123454101357
20230828093511740,6.38,6.36,6.43123454101357
20230828093511760,6.38,6.36,6.431095137985828
20230828093511870,6.38,6.36,6.431095137985828
20230828093511890,6.38,6.36,6.431095137985828
20230828093512310,6.38,6.36,6.431095137985828
20230828093512810,6.38,6.36,6.431095137985828
20230828093512830,6.38,6.36,6.431095137985828
20230828093512840,6.38,6.36,6.43105746084859
20230828093513200,6.38,6.36,6.43105746084859
20230828093513510,6.38,6.36,6.43105746084859
20230828093513760,6.38,6.36,6.430953774859569
20230828093514450,6.38,6.36,6.430953774859569
20230828093514710,6.38,6.36,6.430947524488517
20230828093514770,6.38,6.36,6.430947524488517
20230828093514810,6.38,6.36,6.430947524488517
20230828093515020,6.38,6.36,6.430804516025871
20230828093515170,6.38,6.36,6.430792084941455
20230828093515530,6.38,6.36,6.430792084941455
20230828093515660,6.38,6.36,6.430792084941455
20230828093515680,6.38,6.36,6.430792084941455
20230828093515890,6.38,6.36,6.430792084941455
20230828093516070,6.38,6.36,6.430752352451227
20230828093516090,6.38,6.36,6.4307482165529315
20230828093516400,6.38,6.36,6.4307482165529315
20230828093516500,6.38,6.36,6.430737879755704
20230828093517020,6.38,6.36,6.430737879755704
20230828093517110,6.38,6.36,6.430706894614361
20230828093517300,6.38,6.36,6.430706894614361
20230828093517500,6.38,6.37,6.430706894614361
20230828093517760,6.38,6.37,6.430688321688339
20230828093517890,6.38,6.38,6.4297488751909295
20230828093517950,6.38,6.38,6.429539125966137
20230828093518490,6.38,6.38,6.429539125966137
20230828093518740,6.38,6.38,6.429539125966137
20230828093519090,6.38,6.38,6.429539125966137
20230828093519110,6.38,6.38,6.429539125966137
20230828093519130,6.38,6.38,6.429539125966137
20230828093519620,6.38,6.38,6.429539125966137
20230828093520380,6.38,6.38,6.429539125966137
20230828093520740,6.38,6.38,6.429539125966137
20230828093520750,6.38,6.38,6.429416956000152
20230828093520760,6.38,6.38,6.429416956000152
20230828093520820,6.38,6.38,6.429416956000152
20230828093521120,6.38,6.38,6.429416956000152
20230828093521180,6.38,6.38,6.429416956000152
20230828093521890,6.38,6.38,6.429416956000152
20230828093521980,6.38,6.38,6.429416956000152
20230828093522240,6.38,6.38,6.429416956000152
20230828093522620,6.38,6.38,6.429369258056949
20230828093523690,6.38,6.38,6.429369258056949
20230828093523850,6.38,6.38,6.429369258056949
20230828093523880,6.38,6.38,6.429369258056949
20230828093524730,6.38,6.38,6.429369258056949
20230828093524780,6.38,6.38,6.429369258056949
20230828093524960,6.38,6.38,6.429369258056949
20230828093524990,6.38,6.38,6.429284769751775
20230828093525010,6.38,6.38,6.429284769751775
20230828093525090,6.39,6.38,6.429284769751775
20230828093525100,6.39,6.38,6.429284769751775
20230828093525220,6.39,6.38,6.429284769751775
20230828093525690,6.39,6.38,6.429284769751775
20230828093525730,6.39,6.38,6.429284769751775
20230828093526330,6.39,6.38,6.429284769751775
20230828093526370,6.39,6.38,6.429284769751775
20230828093526580,6.39,6.38,6.429284769751775
20230828093526770,6.39,6.38,6.429284769751775
20230828093527060,6.39,6.38,6.429284769751775
20230828093527280,6.39,6.38,6.429284769751775
20230828093527490,6.39,6.38,6.429284769751775
20230828093527780,6.39,6.38,6.429284769751775
20230828093527940,6.39,6.38,6.429284769751775
20230828093528090,6.39,6.38,6.429284769751775
20230828093528100,6.39,6.38,6.429284769751775
20230828093528110,6.39,6.38,6.429284769751775
20230828093528150,6.39,6.38,6.429284769751775
20230828093528180,6.39,6.38,6.429284769751775
20230828093528480,6.39,6.38,6.429284769751775
20230828093528600,6.39,6.38,6.429284769751775
20230828093528750,6.39,6.38,6.429284769751775
20230828093529250,6.39,6.38,6.429284769751775
20230828093529380,6.39,6.38,6.429284769751775
20230828093529750,6.39,6.38,6.429284769751775
20230828093529910,6.39,6.38,6.429284769751775
20230828093530070,6.39,6.38,6.429284769751775
20230828093530130,6.39,6.38,6.429284769751775
20230828093530190,6.39,6.38,6.429284769751775
20230828093530230,6.39,6.38,6.429284769751775
20230828093530770,6.39,6.38,6.429284769751775
20230828093530910,6.39,6.38,6.429284769751775
20230828093531130,6.39,6.38,6.429284769751775
20230828093531350,6.39,6.38,6.429284769751775
20230828093531600,6.39,6.38,6.429284769751775
20230828093532480,6.39,6.38,6.429284769751775
20230828093532810,6.39,6.38,6.429284769751775
20230828093532820,6.39,6.38,6.429284769751775
20230828093532830,6.39,6.38,6.429284769751775
20230828093532900,6.39,6.38,6.429284769751775
20230828093532980,6.39,6.38,6.429284769751775
20230828093533290,6.39,6.38,6.428583777339815
20230828093533330,6.39,6.38,6.4285573622024
20230828093533460,6.39,6.38,6.4285573622024
20230828093533760,6.39,6.38,6.4285573622024
20230828093533910,6.39,6.38,6.428377377437783
20230828093533920,6.39,6.38,6.428359831037501
20230828093534040,6.39,6.38,6.428359831037501
20230828093534080,6.39,6.38,6.428359831037501
20230828093534090,6.39,6.38,6.428359831037501
20230828093534100,6.39,6.38,6.428359831037501
20230828093534180,6.38,6.38,6.428359831037501
20230828093534210,6.38,6.38,6.428359831037501
20230828093534410,6.39,6.38,6.428349000439163
20230828093534710,6.39,6.38,6.428349000439163
20230828093534990,6.39,6.38,6.428349000439163
20230828093535110,6.39,6.38,6.428349000439163
20230828093535340,6.39,6.38,6.428349000439163
20230828093535370,6.38,6.38,6.428349000439163
20230828093535380,6.39,6.38,6.428349000439163
20230828093536260,6.39,6.38,6.428349000439163
20230828093536780,6.39,6.38,6.428349000439163
20230828093536820,6.39,6.38,6.428349000439163
20230828093536850,6.39,6.38,6.428349000439163
20230828093536880,6.39,6.38,6.428349000439163
20230828093536950,6.4,6.39,6.427532545975121
20230828093536960,6.39,6.38,6.427412046521748
20230828093536970,6.39,6.38,6.427412046521748
20230828093536980,6.39,6.38,6.427412046521748
20230828093537000,6.38,6.38,6.427412046521748
20230828093537100,6.39,6.38,6.427340522625377
20230828093537120,6.39,6.38,6.427340522625377
20230828093537160,6.39,6.38,6.427340522625377
20230828093537220,6.39,6.38,6.427328128864518
20230828093537380,6.38,6.38,6.427328128864518
20230828093537810,6.38,6.38,6.427328128864518
20230828093537880,6.39,6.38,6.42732456034527
20230828093538360,6.39,6.38,6.42732456034527
20230828093538860,6.39,6.38,6.42732456034527
20230828093538890,6.39,6.38,6.427322399303939
20230828093538900,6.38,6.38,6.427322399303939
20230828093538930,6.38,6.38,6.427322399303939
20230828093538940,6.38,6.38,6.427322399303939
20230828093539150,6.38,6.38,6.427320238425535
20230828093539200,6.38,6.38,6.427318077710043
20230828093539330,6.38,6.38,6.427318077710043
20230828093539630,6.38,6.38,6.427302030043682
20230828093539750,6.38,6.38,6.4273002476415275
20230828093539840,6.38,6.38,6.4273002476415275
20230828093539860,6.38,6.38,6.4273002476415275
20230828093539920,6.38,6.38,6.427298465373695
20230828093540020,6.38,6.38,6.427298465373695
20230828093540050,6.38,6.38,6.427296683240168
20230828093540090,6.38,6.38,6.427294524470487
20230828093541010,6.38,6.38,6.427294524470487
20230828093541080,6.38,6.38,6.427294524470487
20230828093541130,6.38,6.38,6.427294524470487
20230828093541380,6.38,6.38,6.427294524470487
20230828093541830,6.38,6.37,6.427130981803532
20230828093541990,6.38,6.37,6.427130981803532
20230828093542000,6.38,6.37,6.427130981803532
20230828093542010,6.38,6.37,6.427130981803532
20230828093542210,6.38,6.37,6.427115203972592
20230828093542720,6.38,6.37,6.427115203972592
20230828093542840,6.38,6.37,6.427083563672854
20230828093542990,6.37,6.37,6.427083563672854
20230828093543110,6.37,6.37,6.427083563672854
20230828093543120,6.37,6.37,6.427083563672854
20230828093543140,6.37,6.37,6.427083563672854
20230828093543310,6.37,6.37,6.427083563672854
20230828093543320,6.37,6.37,6.427083563672854
20230828093543360,6.37,6.37,6.427083563672854
20230828093543380,6.37,6.37,6.427083563672854
20230828093543410,6.37,6.37,6.427083563672854
20230828093543420,6.37,6.37,6.427078900882335
20230828093543430,6.37,6.37,6.427070328340097
20230828093543470,6.37,6.37,6.427070328340097
20230828093543530,6.37,6.37,6.427070328340097
20230828093543740,6.37,6.37,6.427070328340097
20230828093543930,6.37,6.37,6.427070328340097
20230828093543940,6.37,6.37,6.427070328340097
20230828093544110,6.37,6.37,6.427070328340097
20230828093545120,6.37,6.37,6.427070328340097
20230828093545130,6.37,6.37,6.427070328340097
20230828093545150,6.37,6.37,6.427065292152988
20230828093545160,6.37,6.37,6.427065292152988
20230828093545200,6.37,6.37,6.427057739290257
20230828093545380,6.37,6.37,6.427002103181926
20230828093545650,6.37,6.37,6.426987142762874
20230828093545670,6.37,6.37,6.4269721901946
20230828093546000,6.37,6.37,6.4269721901946
20230828093546090,6.37,6.37,6.4269721901946
20230828093546740,6.37,6.37,6.4269721901946
20230828093546760,6.37,6.37,6.4269721901946
20230828093546900,6.37,6.37,6.4269721901946
20230828093547040,6.37,6.37,6.426970054753937
20230828093547160,6.37,6.37,6.426967544665815
20230828093547380,6.37,6.37,6.426967544665815
20230828093547400,6.37,6.37,6.426948334467369
20230828093547650,6.37,6.37,6.426948334467369
20230828093547830,6.37,6.37,6.426850350995835
20230828093547840,6.37,6.37,6.426850350995835
20230828093547850,6.37,6.37,6.426850350995835
20230828093547900,6.37,6.37,6.426850350995835
20230828093547930,6.37,6.37,6.426850350995835
20230828093548130,6.37,6.37,6.426850350995835
20230828093548490,6.37,6.37,6.426850350995835
20230828093548800,6.37,6.37,6.426850350995835
20230828093548820,6.37,6.37,6.426850350995835
20230828093548850,6.37,6.37,6.426850350995835
20230828093549710,6.37,6.37,6.426850350995835
20230828093550210,6.36,6.37,6.426850350995835
20230828093550310,6.36,6.37,6.426850350995835
20230828093551160,6.37,6.37,6.426850350995835
20230828093551410,6.37,6.37,6.426850350995835
20230828093551680,6.37,6.37,6.4267429958747435
20230828093551820,6.37,6.37,6.4267429958747435
20230828093551840,6.37,6.37,6.4267429958747435
20230828093551850,6.37,6.37,6.4267429958747435
20230828093551990,6.37,6.37,6.426723933534301
20230828093552090,6.37,6.37,6.426723933534301
20230828093552110,6.37,6.37,6.426723933534301
20230828093552190,6.37,6.37,6.426723933534301
20230828093552700,6.37,6.37,6.426723933534301
20230828093552820,6.37,6.37,6.426723933534301
20230828093552930,6.37,6.37,6.426588975601326
20230828093553230,6.37,6.37,6.426588975601326
20230828093553250,6.37,6.37,6.426471424811801
20230828093553610,6.37,6.37,6.426471424811801
20230828093553870,6.37,6.37,6.426471424811801
20230828093553980,6.37,6.37,6.426371791960028
20230828093554140,6.37,6.37,6.426371791960028
20230828093554490,6.37,6.37,6.42634669913155
20230828093554630,6.37,6.37,6.42634669913155
20230828093554940,6.37,6.37,6.426301728432402
20230828093554980,6.37,6.37,6.426301728432402
20230828093555000,6.37,6.37,6.426301728432402
20230828093555110,6.37,6.37,6.426301728432402
20230828093555120,6.37,6.37,6.426301728432402
20230828093555420,6.37,6.37,6.426301728432402
20230828093555430,6.37,6.37,6.426301728432402
20230828093555440,6.37,6.37,6.426301728432402
20230828093555450,6.37,6.37,6.426301728432402
20230828093556010,6.37,6.37,6.426220458976785
20230828093556070,6.37,6.37,6.426220458976785
20230828093556200,6.37,6.37,6.426220458976785
20230828093556220,6.37,6.37,6.426220458976785
20230828093557050,6.37,6.37,6.426220458976785
20230828093557060,6.37,6.37,6.426220458976785
20230828093557170,6.37,6.37,6.426220458976785
20230828093557340,6.37,6.37,6.426220458976785
20230828093557560,6.37,6.37,6.426220458976785
20230828093557570,6.37,6.37,6.426220458976785
20230828093557880,6.37,6.37,6.426164332809769
20230828093558020,6.37,6.37,6.426164332809769
20230828093558050,6.37,6.37,6.426164332809769
20230828093558170,6.37,6.37,6.426164332809769
20230828093558410,6.37,6.37,6.426164332809769
20230828093558590,6.37,6.37,6.426164332809769
20230828093558610,6.37,6.37,6.426120017615964
20230828093559810,6.37,6.37,6.426120017615964
20230828093559950,6.37,6.37,6.426047541525592
20230828093600020,6.37,6.37,6.426014471910245
20230828093600640,6.37,6.37,6.426014471910245
20230828093600770,6.37,6.37,6.426014471910245
20230828093600780,6.37,6.37,6.426014471910245
20230828093601120,6.37,6.37,6.426014471910245
20230828093601610,6.37,6.36,6.426014471910245
20230828093601700,6.37,6.36,6.426014471910245
20230828093601900,6.37,6.36,6.426014471910245
20230828093602290,6.37,6.36,6.426014471910245
20230828093602510,6.37,6.36,6.426014471910245
20230828093602570,6.37,6.36,6.426014471910245
20230828093602620,6.32,6.36,6.426014471910245
20230828093602950,6.32,6.36,6.426014471910245
20230828093602960,6.37,6.36,6.426014471910245
20230828093602970,6.37,6.36,6.426014471910245
20230828093602990,6.37,6.36,6.426014471910245
20230828093603000,6.37,6.36,6.426014471910245
20230828093603590,6.37,6.36,6.426014471910245
20230828093604020,6.37,6.36,6.426014471910245
20230828093604030,6.37,6.36,6.426014471910245
20230828093604090,6.37,6.36,6.425426945567802
20230828093604120,6.37,6.36,6.425426945567802
20230828093604190,6.37,6.36,6.425420870574206
20230828093604430,6.37,6.36,6.425420870574206
20230828093604580,6.37,6.36,6.425420870574206
20230828093604600,6.37,6.36,6.425420870574206
20230828093604700,6.37,6.36,6.425420870574206
20230828093604870,6.37,6.36,6.425420870574206
20230828093605070,6.37,6.36,6.425420870574206
20230828093605230,6.37,6.36,6.425420870574206
20230828093605610,6.37,6.36,6.4252973127084525
20230828093605620,6.37,6.36,6.425295296718553
20230828093606010,6.37,6.36,6.4251485254356355
20230828093606120,6.37,6.36,6.4251485254356355
20230828093606130,6.37,6.37,6.42504045527058
20230828093606140,6.37,6.37,6.42504045527058
20230828093606150,6.37,6.37,6.42497462065086
20230828093606170,6.37,6.37,6.42497462065086
20230828093606260,6.37,6.37,6.42497462065086
20230828093606570,6.37,6.37,6.42497462065086
20230828093606930,6.37,6.37,6.42497299056627
20230828093607000,6.37,6.37,6.42497299056627
20230828093607030,6.37,6.37,6.42497299056627
20230828093607070,6.37,6.37,6.42497299056627
20230828093607110,6.37,6.37,6.4249709981675425
20230828093607140,6.37,6.37,6.4249709981675425
20230828093607320,6.37,6.37,6.4249709981675425
20230828093607350,6.37,6.37,6.4249709981675425
20230828093607380,6.37,6.37,6.4249709981675425
20230828093607640,6.37,6.37,6.4249709981675425
20230828093607740,6.37,6.37,6.4249709981675425
20230828093607780,6.37,6.37,6.4249709981675425
20230828093608910,6.37,6.37,6.4249709981675425
