Timestamp,ask1,bid1,VWAP
20230608093000030,6.37,6.35,6.36
20230608093000040,6.36,6.35,6.36
20230608093000050,6.36,6.35,6.36
20230608093000060,6.36,6.35,6.36
20230608093000070,6.36,6.35,6.36
20230608093000080,6.36,6.36,6.36
20230608093000090,6.37,6.36,6.36
20230608093000100,6.37,6.36,6.36
20230608093000270,6.37,6.36,6.36
20230608093000290,6.37,6.36,6.36
20230608093000300,6.37,6.36,6.36
20230608093000310,6.37,6.36,6.36
20230608093000330,6.37,6.36,6.36
20230608093000340,6.37,6.36,6.36
20230608093000350,6.37,6.36,6.36
20230608093000360,6.37,6.36,6.36
20230608093000370,6.37,6.36,6.36
20230608093000390,6.37,6.35,6.358005115089514
20230608093000400,6.37,6.35,6.358005115089514
20230608093000420,6.37,6.35,6.358005115089514
20230608093000430,6.37,6.35,6.358005115089514
20230608093000440,6.37,6.35,6.358005115089514
20230608093000470,6.37,6.35,6.358005115089514
20230608093000480,6.37,6.35,6.358005115089514
20230608093000490,6.37,6.35,6.358005115089514
20230608093001080,6.37,6.35,6.358005115089514
20230608093001090,6.36,6.35,6.358005115089514
20230608093001100,6.36,6.35,6.358005115089514
20230608093001110,6.36,6.35,6.358005115089514
20230608093001120,6.36,6.35,6.358005115089514
20230608093001160,6.36,6.35,6.358005115089514
20230608093001170,6.36,6.35,6.358005115089514
20230608093001180,6.36,6.35,6.358005115089514
20230608093001190,6.36,6.35,6.358005115089514
20230608093001220,6.36,6.35,6.358005115089514
20230608093001240,6.36,6.35,6.358005115089514
20230608093001250,6.36,6.35,6.358005115089514
20230608093001290,6.36,6.35,6.358005115089514
20230608093001300,6.36,6.35,6.358005115089514
20230608093001320,6.36,6.35,6.358005115089514
20230608093001340,6.36,6.35,6.358005115089514
20230608093001370,6.36,6.35,6.358005115089514
20230608093001380,6.36,6.35,6.358005115089514
20230608093001390,6.36,6.35,6.358005115089514
20230608093001400,6.36,6.35,6.358005115089514
20230608093001420,6.36,6.35,6.358005115089514
20230608093001430,6.36,6.35,6.358005115089514
20230608093001440,6.36,6.35,6.358005115089514
20230608093001460,6.36,6.35,6.358005115089514
20230608093001470,6.36,6.35,6.358005115089514
20230608093001490,6.36,6.35,6.358005115089514
20230608093001540,6.36,6.35,6.358005115089514
20230608093001550,6.36,6.35,6.358005115089514
20230608093001570,6.36,6.35,6.358005115089514
20230608093001590,6.36,6.35,6.358005115089514
20230608093001600,6.36,6.35,6.358005115089514
20230608093001620,6.36,6.35,6.358005115089514
20230608093001630,6.36,6.35,6.358005115089514
20230608093001640,6.36,6.35,6.358005115089514
20230608093001650,6.36,6.35,6.358005115089514
20230608093001660,6.36,6.35,6.358005115089514
20230608093001670,6.36,6.35,6.358005115089514
20230608093001680,6.36,6.35,6.358005115089514
20230608093001690,6.35,6.34,6.3565664556962025
20230608093002660,6.35,6.34,6.3565664556962025
20230608093002670,6.35,6.34,6.3565664556962025
20230608093002710,6.35,6.34,6.3565664556962025
20230608093002720,6.35,6.34,6.3565664556962025
20230608093002780,6.35,6.34,6.3565664556962025
20230608093002820,6.35,6.34,6.3565664556962025
20230608093002840,6.35,6.34,6.3565664556962025
20230608093002950,6.35,6.34,6.3565664556962025
20230608093003000,6.35,6.34,6.3565664556962025
20230608093003010,6.35,6.34,6.3565664556962025
20230608093003040,6.35,6.34,6.3565664556962025
20230608093003050,6.35,6.34,6.3565664556962025
20230608093003060,6.35,6.34,6.3565664556962025
20230608093003070,6.35,6.34,6.3565664556962025
20230608093003110,6.35,6.34,6.3565664556962025
20230608093003120,6.35,6.34,6.3565664556962025
20230608093003130,6.35,6.34,6.3565664556962025
20230608093003180,6.35,6.34,6.3565664556962025
20230608093003240,6.35,6.34,6.3565664556962025
20230608093003360,6.35,6.34,6.3565664556962025
20230608093003370,6.35,6.34,6.3565664556962025
20230608093003420,6.35,6.34,6.3565664556962025
20230608093003500,6.35,6.34,6.3565664556962025
20230608093003510,6.35,6.34,6.3565664556962025
20230608093003520,6.35,6.34,6.3565664556962025
20230608093003530,6.35,6.34,6.3565664556962025
20230608093003550,6.35,6.34,6.3565664556962025
20230608093003590,6.35,6.34,6.3565664556962025
20230608093003690,6.35,6.34,6.3565664556962025
20230608093003700,6.35,6.34,6.3565664556962025
20230608093003770,6.35,6.34,6.3565664556962025
20230608093003780,6.35,6.34,6.3565664556962025
20230608093003820,6.35,6.34,6.3565664556962025
20230608093003890,6.35,6.34,6.3565664556962025
20230608093003940,6.35,6.34,6.3565664556962025
20230608093005990,6.35,6.34,6.3565664556962025
20230608093006010,6.35,6.34,6.3565664556962025
20230608093006040,6.35,6.34,6.3565664556962025
20230608093006410,6.35,6.34,6.3565664556962025
20230608093006430,6.35,6.34,6.3565664556962025
20230608093006630,6.35,6.34,6.3565664556962025
20230608093006650,6.35,6.34,6.3565664556962025
20230608093007100,6.35,6.34,6.3565664556962025
20230608093007110,6.34,6.33,6.353205282112845
20230608093007120,6.34,6.33,6.353205282112845
20230608093007170,6.34,6.33,6.353205282112845
20230608093007210,6.34,6.33,6.353205282112845
20230608093007230,6.34,6.33,6.353205282112845
20230608093007240,6.34,6.33,6.353205282112845
20230608093007270,6.34,6.33,6.353157894736842
20230608093007280,6.34,6.33,6.353157894736842
20230608093007370,6.34,6.33,6.353157894736842
20230608093007460,6.34,6.33,6.353157894736842
20230608093007470,6.34,6.33,6.353157894736842
20230608093007550,6.34,6.33,6.353157894736842
20230608093007570,6.34,6.33,6.353157894736842
20230608093007680,6.34,6.33,6.353157894736842
20230608093007730,6.34,6.33,6.353157894736842
20230608093007750,6.34,6.33,6.353157894736842
20230608093007760,6.34,6.33,6.353157894736842
20230608093007810,6.34,6.33,6.353157894736842
20230608093007910,6.34,6.33,6.353157894736842
20230608093007920,6.34,6.33,6.353157894736842
20230608093007950,6.34,6.33,6.353157894736842
20230608093007980,6.34,6.33,6.353157894736842
20230608093008160,6.34,6.33,6.353126491646778
20230608093008260,6.34,6.33,6.353110846245531
20230608093008310,6.34,6.33,6.353110846245531
20230608093008390,6.34,6.33,6.353110846245531
20230608093008410,6.34,6.33,6.353110846245531
20230608093008460,6.34,6.33,6.352956419316843
20230608093008610,6.34,6.33,6.352956419316843
20230608093008830,6.34,6.33,6.352941176470588
20230608093009000,6.34,6.33,6.352833723653395
20230608093012560,6.34,6.33,6.352833723653395
20230608093012660,6.34,6.33,6.352833723653395
20230608093012670,6.35,6.32,6.345279054497702
20230608093012730,6.33,6.32,6.345279054497702
20230608093012770,6.33,6.32,6.345279054497702
20230608093012800,6.33,6.32,6.345279054497702
20230608093012920,6.33,6.32,6.345279054497702
20230608093012990,6.33,6.32,6.345279054497702
20230608093013010,6.33,6.32,6.345279054497702
20230608093013030,6.33,6.32,6.345279054497702
20230608093013070,6.33,6.32,6.345279054497702
20230608093013080,6.33,6.32,6.345279054497702
20230608093013120,6.33,6.32,6.345279054497702
20230608093013200,6.33,6.32,6.345279054497702
20230608093013210,6.33,6.32,6.345279054497702
20230608093013290,6.33,6.32,6.345279054497702
20230608093013390,6.33,6.32,6.345279054497702
20230608093013440,6.33,6.32,6.345279054497702
20230608093013450,6.33,6.32,6.345279054497702
20230608093013480,6.33,6.32,6.345279054497702
20230608093013660,6.33,6.32,6.345279054497702
20230608093013760,6.33,6.32,6.345279054497702
20230608093013790,6.33,6.32,6.345269028871391
20230608093013830,6.33,6.32,6.345269028871391
20230608093013930,6.33,6.32,6.345269028871391
20230608093014030,6.33,6.32,6.345269028871391
20230608093014130,6.33,6.32,6.345229057591623
20230608093014260,6.33,6.32,6.345229057591623
20230608093014290,6.33,6.32,6.345229057591623
20230608093014530,6.33,6.32,6.345229057591623
20230608093016000,6.33,6.32,6.345229057591623
20230608093016160,6.33,6.32,6.345090791180286
20230608093016210,6.33,6.32,6.345081011017498
20230608093016600,6.33,6.32,6.345081011017498
20230608093016740,6.33,6.32,6.345081011017498
20230608093017070,6.33,6.32,6.34496463022508
20230608093017140,6.33,6.32,6.344888035828535
20230608093018750,6.33,6.32,6.344888035828535
20230608093018880,6.33,6.32,6.344888035828535
20230608093018910,6.33,6.32,6.344888035828535
20230608093019080,6.33,6.32,6.344888035828535
20230608093019090,6.33,6.32,6.344888035828535
20230608093019180,6.33,6.32,6.344888035828535
20230608093019240,6.33,6.32,6.344888035828535
20230608093019290,6.33,6.32,6.344888035828535
20230608093019300,6.33,6.32,6.344888035828535
20230608093019380,6.33,6.32,6.344888035828535
20230608093019390,6.33,6.32,6.344888035828535
20230608093019440,6.33,6.32,6.344888035828535
20230608093019550,6.33,6.32,6.344888035828535
20230608093019890,6.33,6.32,6.344888035828535
20230608093021590,6.33,6.32,6.344888035828535
20230608093022020,6.33,6.32,6.344888035828535
20230608093022080,6.33,6.32,6.344888035828535
20230608093022090,6.33,6.32,6.344888035828535
20230608093022250,6.33,6.32,6.344888035828535
20230608093024100,6.33,6.32,6.344888035828535
20230608093024140,6.33,6.32,6.344888035828535
20230608093024220,6.33,6.32,6.344888035828535
20230608093025120,6.33,6.32,6.344888035828535
20230608093025250,6.33,6.32,6.344611497157296
20230608093025320,6.33,6.32,6.344611497157296
20230608093026880,6.33,6.32,6.344611497157296
20230608093026960,6.33,6.32,6.344611497157296
20230608093027210,6.33,6.32,6.344611497157296
20230608093027750,6.33,6.32,6.344611497157296
20230608093027780,6.33,6.32,6.344611497157296
20230608093027820,6.33,6.32,6.344611497157296
20230608093028050,6.33,6.32,6.34375753920386
20230608093029540,6.33,6.32,6.34375753920386
20230608093029900,6.33,6.32,6.34375753920386
20230608093029920,6.33,6.32,6.34375753920386
20230608093030000,6.33,6.32,6.34375753920386
20230608093030050,6.33,6.32,6.34375753920386
20230608093030220,6.33,6.32,6.3435130331753555
20230608093030440,6.33,6.32,6.3435130331753555
20230608093030700,6.33,6.32,6.3435130331753555
20230608093032190,6.33,6.32,6.342974971558589
20230608093032390,6.33,6.32,6.342974971558589
20230608093032490,6.33,6.32,6.342974971558589
20230608093032590,6.33,6.32,6.342974971558589
20230608093035220,6.33,6.32,6.342967595224559
20230608093035330,6.33,6.32,6.34207650273224
20230608093035510,6.33,6.32,6.34207650273224
20230608093035680,6.33,6.32,6.34207650273224
20230608093035790,6.33,6.32,6.34207650273224
20230608093035860,6.32,6.32,6.3420283533260635
20230608093036010,6.32,6.32,6.3420283533260635
20230608093036020,6.32,6.32,6.3420283533260635
20230608093036070,6.32,6.32,6.3420283533260635
20230608093037730,6.32,6.32,6.3420283533260635
20230608093038050,6.32,6.32,6.3420283533260635
20230608093038070,6.32,6.32,6.3420283533260635
20230608093038140,6.32,6.32,6.341979336595976
20230608093038180,6.32,6.32,6.341972826086956
20230608093038330,6.32,6.32,6.341972826086956
20230608093038530,6.32,6.32,6.341972826086956
20230608093038740,6.32,6.32,6.341972826086956
20230608093038790,6.32,6.32,6.341927449918788
20230608093038800,6.32,6.32,6.341927449918788
20230608093038820,6.32,6.32,6.341927449918788
20230608093041010,6.32,6.32,6.341927449918788
20230608093041060,6.32,6.32,6.341927449918788
20230608093041330,6.32,6.32,6.341927449918788
20230608093043500,6.32,6.32,6.341927449918788
20230608093043750,6.32,6.32,6.341920995670995
20230608093043980,6.32,6.32,6.341920995670995
20230608093044150,6.32,6.32,6.341920995670995
20230608093045810,6.32,6.32,6.341920995670995
20230608093046080,6.32,6.32,6.341920995670995
20230608093046760,6.32,6.32,6.341920995670995
20230608093046800,6.32,6.32,6.341920995670995
20230608093049280,6.32,6.32,6.341920995670995
20230608093049310,6.32,6.32,6.341920995670995
20230608093049520,6.32,6.32,6.341920995670995
20230608093049530,6.32,6.32,6.341920995670995
20230608093049540,6.32,6.32,6.341920995670995
20230608093049550,6.32,6.32,6.341920995670995
20230608093051230,6.32,6.32,6.341920995670995
20230608093051240,6.32,6.32,6.341920995670995
20230608093053900,6.32,6.32,6.341920995670995
20230608093053930,6.32,6.32,6.3398481136697695
20230608093054020,6.32,6.32,6.3398481136697695
20230608093054270,6.32,6.32,6.3398481136697695
20230608093054320,6.32,6.32,6.3398481136697695
20230608093054490,6.32,6.32,6.339551158301158
20230608093054850,6.32,6.32,6.339551158301158
20230608093056500,6.32,6.32,6.338599632690542
20230608093057310,6.32,6.32,6.338599632690542
20230608093057320,6.32,6.32,6.338599632690542
20230608093057340,6.32,6.32,6.338599632690542
20230608093057440,6.32,6.32,6.338599632690542
20230608093057650,6.32,6.32,6.338599632690542
20230608093057660,6.32,6.32,6.338599632690542
20230608093057730,6.32,6.32,6.338599632690542
20230608093059600,6.32,6.32,6.337783143107989
20230608093100010,6.32,6.32,6.337783143107989
20230608093100030,6.32,6.32,6.337783143107989
20230608093100140,6.32,6.32,6.337783143107989
20230608093101930,6.32,6.32,6.337783143107989
20230608093102140,6.33,6.32,6.337772906619904
20230608093102330,6.33,6.32,6.337703056768559
20230608093102670,6.33,6.32,6.337695329550415
20230608093102960,6.33,6.32,6.337695329550415
20230608093104920,6.33,6.32,6.337664488017429
20230608093105240,6.33,6.32,6.337664488017429
20230608093105280,6.33,6.31,6.3350538432974375
20230608093105310,6.33,6.31,6.3350538432974375
20230608093105760,6.33,6.32,6.3350538432974375
20230608093105820,6.33,6.32,6.3350538432974375
20230608093107410,6.33,6.32,6.334745327958959
20230608093107530,6.33,6.32,6.334745327958959
20230608093107790,6.33,6.32,6.334745327958959
20230608093108150,6.33,6.32,6.334736649597659
20230608093108200,6.33,6.32,6.334736649597659
20230608093108480,6.33,6.32,6.33472049689441
20230608093110060,6.33,6.32,6.334640261627907
20230608093111020,6.33,6.32,6.334640261627907
20230608093111180,6.33,6.32,6.334613710554951
20230608093112690,6.33,6.32,6.334307528409091
20230608093112720,6.33,6.32,6.334307528409091
20230608093112740,6.33,6.32,6.334307528409091
20230608093113000,6.33,6.32,6.33429228591649
20230608093113200,6.33,6.31,6.334236869933028
20230608093113290,6.33,6.31,6.334236869933028
20230608093113390,6.33,6.31,6.334236869933028
20230608093116150,6.33,6.31,6.334236869933028
20230608093116170,6.32,6.31,6.334236869933028
20230608093116230,6.32,6.31,6.334236869933028
20230608093116470,6.32,6.31,6.334236869933028
20230608093116530,6.32,6.31,6.334236869933028
20230608093116540,6.32,6.31,6.334236869933028
20230608093116550,6.32,6.31,6.334236869933028
20230608093116570,6.32,6.31,6.334236869933028
20230608093116590,6.32,6.31,6.334236869933028
20230608093116630,6.32,6.31,6.334236869933028
20230608093116640,6.32,6.31,6.334236869933028
20230608093118300,6.32,6.31,6.334236869933028
20230608093118810,6.32,6.31,6.334236869933028
20230608093118890,6.32,6.31,6.334236869933028
20230608093118920,6.32,6.31,6.334236869933028
20230608093118930,6.32,6.31,6.334236869933028
20230608093118970,6.32,6.31,6.334236869933028
20230608093119090,6.32,6.31,6.334236869933028
20230608093121180,6.32,6.31,6.334236869933028
20230608093121220,6.32,6.31,6.334236869933028
20230608093121350,6.32,6.31,6.334236869933028
20230608093121570,6.32,6.31,6.334236869933028
20230608093123970,6.32,6.31,6.334236869933028
20230608093124180,6.32,6.31,6.333917704011065
20230608093124360,6.32,6.31,6.333917704011065
20230608093124500,6.32,6.31,6.333917704011065
20230608093124650,6.32,6.31,6.3338352860096485
20230608093126710,6.32,6.31,6.3338352860096485
20230608093126750,6.32,6.31,6.3338352860096485
20230608093126840,6.32,6.31,6.333455408613089
20230608093129100,6.32,6.31,6.333447457627119
20230608093129140,6.32,6.31,6.333447457627119
20230608093129170,6.32,6.31,6.333447457627119
20230608093129180,6.32,6.31,6.333378378378378
20230608093129460,6.32,6.31,6.333378378378378
20230608093129680,6.32,6.31,6.333378378378378
20230608093129750,6.32,6.31,6.333378378378378
20230608093129980,6.32,6.31,6.333378378378378
20230608093131930,6.32,6.31,6.333378378378378
20230608093132220,6.32,6.31,6.333378378378378
20230608093132350,6.32,6.31,6.333378378378378
20230608093132400,6.32,6.31,6.333378378378378
20230608093132480,6.32,6.31,6.333378378378378
20230608093132670,6.32,6.31,6.333378378378378
20230608093134330,6.32,6.31,6.333378378378378
20230608093134780,6.32,6.31,6.333378378378378
20230608093134800,6.32,6.31,6.333378378378378
20230608093135100,6.32,6.31,6.333378378378378
20230608093135210,6.32,6.31,6.332055449330784
20230608093135480,6.32,6.31,6.332055449330784
20230608093135490,6.32,6.31,6.332055449330784
20230608093135530,6.32,6.31,6.332055449330784
20230608093137070,6.32,6.31,6.332055449330784
20230608093137080,6.32,6.31,6.332055449330784
20230608093137120,6.32,6.31,6.332055449330784
20230608093137150,6.32,6.31,6.332055449330784
20230608093137280,6.32,6.31,6.332055449330784
20230608093137620,6.32,6.31,6.332055449330784
20230608093137870,6.32,6.31,6.332055449330784
20230608093138020,6.32,6.31,6.332055449330784
20230608093138090,6.32,6.31,6.329827293318234
20230608093138140,6.32,6.31,6.329827293318234
20230608093138160,6.32,6.31,6.329807855326363
20230608093138170,6.32,6.31,6.329807855326363
20230608093139850,6.32,6.31,6.329807855326363
20230608093140130,6.32,6.31,6.329807855326363
20230608093140190,6.32,6.31,6.329807855326363
20230608093140200,6.32,6.31,6.3297719594594595
20230608093142720,6.32,6.31,6.3297719594594595
20230608093143040,6.32,6.31,6.3297719594594595
20230608093145090,6.32,6.31,6.3297719594594595
20230608093145100,6.32,6.31,6.329632107023412
20230608093146230,6.32,6.31,6.329632107023412
20230608093148410,6.32,6.31,6.329632107023412
20230608093148460,6.32,6.31,6.329632107023412
20230608093148690,6.32,6.31,6.32962942323767
20230608093150750,6.32,6.31,6.329536882972823
20230608093151010,6.32,6.31,6.329536882972823
20230608093151100,6.32,6.31,6.3293384573154
20230608093151490,6.32,6.31,6.3293384573154
20230608093153330,6.32,6.31,6.3293384573154
20230608093153440,6.32,6.31,6.3292276200873365
20230608093153520,6.32,6.31,6.3292276200873365
20230608093153540,6.32,6.31,6.3292276200873365
20230608093153840,6.32,6.31,6.3292276200873365
20230608093154230,6.32,6.31,6.3292276200873365
20230608093154270,6.32,6.31,6.329185729847494
20230608093156020,6.32,6.31,6.329185729847494
20230608093156190,6.32,6.31,6.329185729847494
20230608093156960,6.32,6.31,6.329185729847494
20230608093157000,6.32,6.31,6.329185729847494
20230608093159130,6.32,6.31,6.3291447189790935
20230608093159530,6.32,6.31,6.329108401084011
20230608093159600,6.32,6.31,6.329077380952381
20230608093159660,6.32,6.31,6.329077380952381
20230608093159690,6.32,6.31,6.3289951508620685
20230608093201670,6.32,6.31,6.3289951508620685
20230608093201700,6.32,6.31,6.3289747039827775
20230608093201870,6.32,6.31,6.3289747039827775
20230608093201890,6.32,6.31,6.32889335476956
20230608093201930,6.32,6.31,6.32889335476956
20230608093204290,6.32,6.31,6.32889335476956
20230608093204310,6.32,6.31,6.32889335476956
20230608093206730,6.31,6.31,6.328777629826898
20230608093206760,6.31,6.31,6.328777629826898
20230608093206950,6.31,6.31,6.328767633750333
20230608093207330,6.31,6.31,6.328722782793415
20230608093209390,6.31,6.31,6.328722782793415
20230608093209460,6.32,6.31,6.328673199152543
20230608093209490,6.32,6.31,6.328673199152543
20230608093209830,6.32,6.31,6.328673199152543
20230608093210110,6.32,6.31,6.328673199152543
20230608093210150,6.32,6.31,6.328673199152543
20230608093210160,6.32,6.31,6.328673199152543
20230608093210190,6.32,6.31,6.328673199152543
20230608093210270,6.32,6.31,6.328673199152543
20230608093210330,6.31,6.31,6.328673199152543
20230608093210350,6.31,6.31,6.328445786295616
20230608093210540,6.31,6.31,6.328445786295616
20230608093210550,6.31,6.31,6.328445786295616
20230608093210620,6.31,6.31,6.328445786295616
20230608093210630,6.31,6.31,6.328445786295616
20230608093210650,6.31,6.31,6.328445786295616
20230608093212220,6.31,6.31,6.328445786295616
20230608093212360,6.31,6.31,6.328445786295616
20230608093212840,6.31,6.31,6.328445786295616
20230608093212900,6.31,6.31,6.328445786295616
20230608093213110,6.31,6.31,6.328445786295616
20230608093214980,6.31,6.31,6.328445786295616
20230608093214990,6.31,6.31,6.328445786295616
20230608093215100,6.31,6.31,6.328445786295616
20230608093215310,6.31,6.31,6.328445786295616
20230608093215410,6.31,6.31,6.328445786295616
20230608093215530,6.31,6.31,6.328445786295616
20230608093215580,6.31,6.31,6.328445786295616
20230608093215670,6.31,6.31,6.328438320209973
20230608093215680,6.31,6.31,6.328216145833333
20230608093215850,6.31,6.31,6.328216145833333
20230608093217620,6.31,6.31,6.328216145833333
20230608093218740,6.31,6.31,6.328216145833333
20230608093220310,6.31,6.31,6.328216145833333
20230608093220350,6.31,6.31,6.328118837571354
20230608093220460,6.31,6.31,6.328118837571354
20230608093220780,6.31,6.31,6.328118837571354
20230608093220830,6.31,6.31,6.328118837571354
20230608093220990,6.31,6.31,6.328118837571354
20230608093221100,6.31,6.31,6.328118837571354
20230608093221150,6.31,6.31,6.327725769524294
20230608093223440,6.31,6.31,6.327725769524294
20230608093223560,6.31,6.31,6.327725769524294
20230608093223900,6.31,6.31,6.327725769524294
20230608093224140,6.31,6.31,6.327725769524294
20230608093225830,6.31,6.31,6.327725769524294
20230608093225980,6.31,6.31,6.327725769524294
20230608093226080,6.31,6.31,6.327725769524294
20230608093226740,6.31,6.31,6.327725769524294
20230608093226780,6.31,6.31,6.327363568402691
20230608093226790,6.31,6.31,6.327258064516129
20230608093226820,6.31,6.31,6.327258064516129
20230608093228720,6.31,6.31,6.327258064516129
20230608093228750,6.31,6.31,6.327258064516129
20230608093229110,6.31,6.31,6.327258064516129
20230608093229130,6.31,6.31,6.327258064516129
20230608093229370,6.31,6.31,6.327258064516129
20230608093231010,6.31,6.31,6.327258064516129
20230608093231370,6.31,6.31,6.327258064516129
20230608093231410,6.31,6.31,6.327258064516129
20230608093231810,6.31,6.31,6.327258064516129
20230608093231890,6.31,6.31,6.327258064516129
20230608093231990,6.31,6.31,6.327149209486166
20230608093232040,6.31,6.31,6.3261231281198
20230608093232180,6.31,6.31,6.326116920152091
20230608093232210,6.31,6.31,6.326116920152091
20230608093233750,6.31,6.31,6.326116920152091
20230608093233850,6.31,6.31,6.326116920152091
20230608093234330,6.31,6.31,6.326116920152091
20230608093234400,6.31,6.31,6.326116920152091
20230608093234620,6.31,6.31,6.326116920152091
20230608093234720,6.31,6.31,6.324967998234385
20230608093234800,6.31,6.31,6.324934979061053
20230608093234820,6.31,6.31,6.324925110132159
20230608093236520,6.31,6.3,6.324702030124427
20230608093236880,6.31,6.3,6.324702030124427
20230608093236890,6.31,6.3,6.324702030124427
20230608093237020,6.31,6.3,6.324702030124427
20230608093237150,6.31,6.3,6.324686000872219
20230608093237600,6.31,6.3,6.324686000872219
20230608093239250,6.31,6.3,6.324686000872219
20230608093239470,6.31,6.3,6.324686000872219
20230608093239760,6.31,6.3,6.324686000872219
20230608093239840,6.31,6.3,6.324643012625163
20230608093239900,6.31,6.3,6.324643012625163
20230608093240190,6.31,6.3,6.324643012625163
20230608093242020,6.31,6.3,6.324643012625163
20230608093242120,6.31,6.3,6.324605520539013
20230608093242360,6.31,6.3,6.324605520539013
20230608093242820,6.31,6.3,6.324605520539013
20230608093245480,6.31,6.3,6.324605520539013
20230608093245720,6.31,6.3,6.324314352740457
20230608093247270,6.31,6.3,6.324314352740457
20230608093247290,6.31,6.3,6.324314352740457
20230608093247670,6.31,6.3,6.324314352740457
20230608093248230,6.31,6.3,6.324314352740457
20230608093250050,6.31,6.3,6.324291799787008
20230608093250060,6.31,6.3,6.324291799787008
20230608093250370,6.31,6.3,6.324291799787008
20230608093250380,6.31,6.3,6.324291799787008
20230608093250430,6.31,6.3,6.324291799787008
20230608093250900,6.31,6.3,6.324291799787008
20230608093250930,6.31,6.3,6.324291799787008
20230608093251040,6.31,6.3,6.324291799787008
20230608093251060,6.31,6.3,6.324291799787008
20230608093251100,6.31,6.3,6.324291799787008
20230608093252690,6.31,6.3,6.324226847918437
20230608093253340,6.31,6.3,6.324226847918437
20230608093253750,6.31,6.3,6.324226847918437
20230608093255900,6.31,6.3,6.324226847918437
20230608093255930,6.31,6.3,6.324226847918437
20230608093256210,6.31,6.3,6.324226847918437
20230608093256420,6.31,6.3,6.324226847918437
20230608093256430,6.31,6.3,6.324226847918437
20230608093258070,6.31,6.3,6.324226847918437
20230608093258320,6.31,6.3,6.324226847918437
20230608093258410,6.31,6.3,6.324226847918437
20230608093258640,6.31,6.3,6.324226847918437
20230608093258650,6.31,6.3,6.324226847918437
20230608093258660,6.31,6.3,6.324226847918437
20230608093258720,6.31,6.3,6.324226847918437
20230608093300920,6.31,6.3,6.324226847918437
20230608093301340,6.31,6.29,6.318703552136193
20230608093301900,6.31,6.29,6.318703552136193
20230608093301910,6.31,6.29,6.318703552136193
20230608093301920,6.31,6.3,6.318703552136193
20230608093303510,6.31,6.3,6.318703552136193
20230608093303580,6.31,6.3,6.318703552136193
20230608093303840,6.31,6.3,6.318703552136193
20230608093304080,6.31,6.3,6.318703552136193
20230608093304090,6.31,6.3,6.318703552136193
20230608093304180,6.31,6.3,6.318703552136193
20230608093304250,6.31,6.29,6.318703552136193
20230608093304290,6.31,6.29,6.318703552136193
20230608093304460,6.31,6.29,6.318703552136193
20230608093304540,6.31,6.29,6.318703552136193
20230608093304560,6.31,6.29,6.318703552136193
20230608093304570,6.31,6.29,6.318703552136193
20230608093306450,6.31,6.3,6.318703552136193
20230608093306490,6.31,6.3,6.318703552136193
20230608093306510,6.31,6.3,6.318703552136193
20230608093306580,6.31,6.3,6.318703552136193
20230608093307080,6.31,6.3,6.318703552136193
20230608093309610,6.31,6.29,6.316400572246065
20230608093309640,6.31,6.3,6.316400572246065
20230608093309760,6.31,6.3,6.316400572246065
20230608093309770,6.31,6.3,6.316400572246065
20230608093311990,6.31,6.3,6.316400572246065
20230608093312090,6.31,6.3,6.316400572246065
20230608093312350,6.31,6.3,6.316400572246065
20230608093312650,6.31,6.3,6.316400572246065
20230608093314290,6.31,6.3,6.316400572246065
20230608093314340,6.31,6.3,6.316400572246065
20230608093314560,6.31,6.3,6.316400572246065
20230608093315420,6.31,6.3,6.316400572246065
20230608093317400,6.31,6.3,6.316400572246065
20230608093317420,6.31,6.3,6.316400572246065
20230608093317470,6.31,6.3,6.316400572246065
20230608093317560,6.31,6.3,6.316400572246065
20230608093317780,6.31,6.3,6.316400572246065
20230608093317970,6.31,6.3,6.316400572246065
20230608093318090,6.31,6.3,6.316400572246065
20230608093318110,6.31,6.3,6.316400572246065
20230608093320250,6.31,6.3,6.316400572246065
20230608093320410,6.31,6.3,6.316400572246065
20230608093320500,6.31,6.3,6.316400572246065
20230608093320610,6.31,6.3,6.316400572246065
20230608093322390,6.31,6.3,6.316400572246065
20230608093322640,6.31,6.3,6.316400572246065
20230608093323000,6.31,6.3,6.316400572246065
20230608093323230,6.31,6.3,6.316400572246065
20230608093325240,6.31,6.3,6.316400572246065
20230608093325480,6.31,6.3,6.316400572246065
20230608093325610,6.31,6.3,6.316400572246065
20230608093325810,6.31,6.3,6.316400572246065
20230608093325830,6.31,6.3,6.316400572246065
20230608093326180,6.31,6.3,6.316400572246065
20230608093328070,6.31,6.3,6.316127199667452
20230608093328210,6.31,6.3,6.316127199667452
20230608093328410,6.31,6.3,6.316127199667452
20230608093328580,6.31,6.3,6.316127199667452
20230608093328740,6.31,6.3,6.316127199667452
20230608093328770,6.31,6.3,6.316127199667452
20230608093328850,6.31,6.3,6.316127199667452
20230608093328930,6.31,6.3,6.316127199667452
20230608093330370,6.31,6.3,6.316126350789692
20230608093330540,6.31,6.3,6.316126350789692
20230608093331080,6.31,6.3,6.316126350789692
20230608093331160,6.31,6.3,6.316126350789692
20230608093331220,6.31,6.3,6.315930793991416
20230608093331360,6.31,6.3,6.315930793991416
20230608093331380,6.31,6.3,6.315930793991416
20230608093331560,6.31,6.3,6.315922057051025
20230608093333100,6.31,6.3,6.315922057051025
20230608093333120,6.31,6.3,6.315867834394904
20230608093333150,6.31,6.31,6.315867834394904
20230608093333160,6.31,6.31,6.315867834394904
20230608093333190,6.31,6.31,6.315867834394904
20230608093333200,6.31,6.31,6.315867834394904
20230608093333210,6.31,6.31,6.315867834394904
20230608093333220,6.31,6.31,6.315867834394904
20230608093333240,6.31,6.31,6.315867834394904
20230608093333270,6.31,6.31,6.315867834394904
20230608093333330,6.31,6.31,6.315867055857768
20230608093333340,6.31,6.31,6.315866277527196
20230608093333460,6.31,6.31,6.315863166268894
20230608093333470,6.31,6.31,6.315863166268894
20230608093334070,6.31,6.31,6.315860058309038
20230608093334080,6.31,6.31,6.315852302805717
20230608093336000,6.31,6.31,6.315852302805717
20230608093336180,6.31,6.31,6.315852302805717
20230608093336330,6.31,6.31,6.315852302805717
20230608093336370,6.31,6.31,6.315852302805717
20230608093336550,6.31,6.31,6.315852302805717
20230608093336770,6.31,6.31,6.315852302805717
20230608093338530,6.31,6.31,6.315852302805717
20230608093338940,6.31,6.31,6.315852302805717
20230608093338970,6.31,6.31,6.315852302805717
20230608093339280,6.31,6.31,6.315852302805717
20230608093339470,6.31,6.31,6.315852302805717
20230608093341180,6.31,6.31,6.315852302805717
20230608093341350,6.31,6.31,6.315852302805717
20230608093341460,6.31,6.31,6.315852302805717
20230608093341690,6.31,6.31,6.315852302805717
20230608093342040,6.31,6.31,6.315852302805717
20230608093342110,6.31,6.31,6.315852302805717
20230608093344240,6.31,6.31,6.315852302805717
20230608093344690,6.31,6.31,6.315852302805717
20230608093346630,6.31,6.31,6.315852302805717
20230608093347030,6.31,6.31,6.315852302805717
20230608093347780,6.31,6.31,6.315852302805717
20230608093349370,6.31,6.31,6.315852302805717
20230608093349640,6.31,6.31,6.315852302805717
20230608093349820,6.31,6.31,6.315852302805717
20230608093350130,6.31,6.31,6.315852302805717
20230608093350170,6.31,6.31,6.315852302805717
20230608093350230,6.31,6.31,6.315852302805717
20230608093350320,6.31,6.31,6.315852302805717
20230608093352710,6.31,6.31,6.315852302805717
20230608093352750,6.31,6.31,6.31577444589309
20230608093352800,6.31,6.31,6.31577444589309
20230608093353090,6.31,6.31,6.31577444589309
20230608093353130,6.31,6.31,6.315777198697068
20230608093354900,6.31,6.31,6.315777198697068
20230608093354930,6.33,6.32,6.316174393975053
20230608093355080,6.33,6.32,6.316174393975053
20230608093355180,6.33,6.32,6.316204995895391
20230608093355190,6.33,6.32,6.316204995895391
20230608093355300,6.33,6.32,6.316204995895391
20230608093355310,6.33,6.32,6.316209847596718
20230608093355340,6.33,6.32,6.316209847596718
20230608093355690,6.33,6.32,6.316209847596718
20230608093357470,6.33,6.32,6.316209847596718
20230608093357700,6.33,6.32,6.316209847596718
20230608093357820,6.33,6.32,6.316297892162571
20230608093358150,6.33,6.32,6.316297892162571
20230608093358160,6.33,6.32,6.316399260201133
20230608093358180,6.33,6.32,6.316403975040444
20230608093358590,6.33,6.32,6.316403975040444
20230608093358620,6.33,6.32,6.316403975040444
20230608093400180,6.33,6.32,6.316410256410256
20230608093400260,6.33,6.32,6.316413394919168
20230608093400290,6.33,6.32,6.316413394919168
20230608093400380,6.33,6.32,6.316413394919168
20230608093400590,6.33,6.32,6.31641809996537
20230608093401170,6.33,6.32,6.31641809996537
20230608093401280,6.33,6.32,6.31641809996537
20230608093402960,6.33,6.32,6.31641809996537
20230608093403100,6.33,6.32,6.31641809996537
20230608093403740,6.33,6.32,6.316420579074864
20230608093403810,6.33,6.32,6.316420579074864
20230608093403970,6.33,6.32,6.316458069711262
20230608093405610,6.33,6.33,6.316621206955336
20230608093405620,6.33,6.33,6.316621206955336
20230608093405630,6.33,6.33,6.316621206955336
20230608093405650,6.33,6.33,6.316621206955336
20230608093405740,6.33,6.32,6.316666666666666
20230608093405770,6.33,6.32,6.316666666666666
20230608093405910,6.33,6.33,6.316666666666666
20230608093406030,6.33,6.32,6.3166968018985195
20230608093406040,6.33,6.32,6.3166968018985195
20230608093406050,6.33,6.32,6.3166968018985195
20230608093406080,6.33,6.32,6.3166968018985195
20230608093406480,6.33,6.32,6.3166968018985195
20230608093408570,6.33,6.32,6.3166998079313075
20230608093409400,6.33,6.32,6.3166998079313075
20230608093411320,6.33,6.33,6.31670881788416
20230608093411580,6.33,6.33,6.31670881788416
20230608093411590,6.33,6.32,6.316714817740661
20230608093413880,6.33,6.32,6.316714817740661
20230608093413970,6.33,6.32,6.316714817740661
20230608093414430,6.33,6.32,6.316714817740661
20230608093414830,6.33,6.32,6.316714817740661
20230608093416380,6.33,6.32,6.316714817740661
20230608093416430,6.33,6.32,6.316714817740661
20230608093416530,6.33,6.32,6.316714817740661
20230608093416570,6.33,6.32,6.316714817740661
20230608093416750,6.33,6.32,6.316714817740661
20230608093416970,6.33,6.32,6.316714817740661
20230608093417040,6.33,6.32,6.316714817740661
20230608093417130,6.33,6.32,6.316714817740661
20230608093417330,6.33,6.32,6.316714817740661
20230608093417450,6.33,6.32,6.316714817740661
20230608093419080,6.33,6.32,6.316714817740661
20230608093419400,6.33,6.32,6.316714817740661
20230608093419660,6.33,6.32,6.316714817740661
20230608093419820,6.33,6.32,6.316714817740661
20230608093420180,6.33,6.32,6.316714817740661
20230608093420220,6.33,6.32,6.316714817740661
20230608093421890,6.33,6.32,6.316714817740661
20230608093422090,6.33,6.32,6.316714817740661
20230608093422240,6.33,6.32,6.316742066171506
20230608093422640,6.33,6.32,6.316742066171506
20230608093422820,6.33,6.32,6.316742066171506
20230608093422870,6.33,6.33,6.316742066171506
20230608093424800,6.33,6.33,6.316742066171506
20230608093425100,6.33,6.33,6.316742066171506
20230608093425360,6.33,6.33,6.316768210431655
20230608093425400,6.33,6.33,6.316768210431655
20230608093425630,6.33,6.33,6.316768210431655
20230608093427140,6.33,6.33,6.316768210431655
20230608093427270,6.33,6.33,6.316768210431655
20230608093427330,6.33,6.33,6.316768210431655
20230608093427660,6.33,6.33,6.316768210431655
20230608093427730,6.33,6.33,6.316768210431655
20230608093428150,6.33,6.33,6.316768210431655
20230608093430020,6.33,6.33,6.316768210431655
20230608093430180,6.33,6.33,6.316768210431655
20230608093430220,6.33,6.33,6.316768210431655
20230608093430310,6.33,6.33,6.316768210431655
20230608093430810,6.33,6.33,6.316768210431655
20230608093432600,6.33,6.33,6.316768210431655
20230608093433280,6.33,6.33,6.316768210431655
20230608093433420,6.33,6.33,6.316768210431655
20230608093435540,6.33,6.33,6.316768210431655
20230608093435580,6.33,6.33,6.316768210431655
20230608093437950,6.33,6.33,6.316768210431655
20230608093438410,6.33,6.33,6.316768210431655
20230608093438420,6.33,6.33,6.316768210431655
20230608093438990,6.33,6.33,6.316768210431655
20230608093440780,6.33,6.33,6.316768210431655
20230608093441030,6.33,6.33,6.316806147632937
20230608093441530,6.33,6.33,6.316806147632937
20230608093441590,6.33,6.33,6.316806147632937
20230608093441690,6.33,6.33,6.316806147632937
20230608093444220,6.33,6.33,6.316808749298934
20230608093446100,6.33,6.33,6.316808749298934
20230608093446120,6.33,6.33,6.316808749298934
20230608093446180,6.33,6.33,6.316808749298934
20230608093446230,6.33,6.33,6.3170150083379655
20230608093446450,6.33,6.33,6.3170150083379655
20230608093446890,6.33,6.33,6.3170150083379655
20230608093448910,6.33,6.33,6.3170150083379655
20230608093449000,6.33,6.33,6.3170150083379655
20230608093449090,6.33,6.33,6.3170150083379655
20230608093449160,6.33,6.33,6.3170150083379655
20230608093449170,6.33,6.33,6.3170150083379655
20230608093449350,6.33,6.33,6.3170150083379655
20230608093449410,6.33,6.33,6.3170150083379655
20230608093449550,6.33,6.33,6.3170150083379655
20230608093449770,6.33,6.33,6.3170150083379655
20230608093452220,6.33,6.33,6.3170150083379655
20230608093454750,6.33,6.33,6.3170150083379655
20230608093454850,6.33,6.33,6.3170150083379655
20230608093454930,6.33,6.33,6.3170150083379655
20230608093457110,6.33,6.33,6.3170150083379655
20230608093500670,6.33,6.33,6.3170150083379655
20230608093502290,6.33,6.33,6.3170150083379655
20230608093502450,6.33,6.33,6.3170150083379655
20230608093503410,6.33,6.33,6.3170150083379655
20230608093504880,6.33,6.33,6.3170150083379655
20230608093505840,6.33,6.33,6.317104972375691
20230608093505880,6.33,6.33,6.317104972375691
20230608093507790,6.33,6.33,6.317104972375691
20230608093508750,6.33,6.33,6.317104972375691
20230608093513050,6.33,6.33,6.317104972375691
20230608093513190,6.33,6.33,6.3171412803532005
20230608093513570,6.33,6.33,6.3171412803532005
20230608093513970,6.33,6.33,6.3171412803532005
20230608093514130,6.33,6.33,6.317181126667402
20230608093514220,6.33,6.34,6.317181126667402
20230608093515710,6.33,6.34,6.317181126667402
20230608093515960,6.33,6.34,6.317181126667402
20230608093515980,6.33,6.34,6.3177106604489754
20230608093516150,6.33,6.34,6.3177106604489754
20230608093516570,6.33,6.34,6.3177106604489754
20230608093516660,6.33,6.34,6.3177106604489754
20230608093516700,6.33,6.34,6.3177106604489754
20230608093516720,6.33,6.34,6.317714161787031
20230608093518480,6.33,6.34,6.317714161787031
20230608093518650,6.33,6.34,6.317714161787031
20230608093519080,6.33,6.34,6.317714161787031
20230608093519170,6.33,6.34,6.317714161787031
20230608093521090,6.33,6.34,6.317714161787031
20230608093521360,6.33,6.34,6.317714161787031
20230608093521560,6.33,6.34,6.317714161787031
20230608093521640,6.33,6.34,6.317714161787031
20230608093521940,6.33,6.34,6.317714161787031
20230608093521960,6.33,6.34,6.317714161787031
20230608093522030,6.33,6.34,6.317714161787031
20230608093523940,6.33,6.34,6.317714161787031
20230608093524070,6.33,6.34,6.317714161787031
20230608093524280,6.33,6.34,6.317714161787031
20230608093524290,6.33,6.34,6.317714161787031
20230608093524670,6.33,6.34,6.317714161787031
20230608093526810,6.33,6.34,6.3177281595491
20230608093527060,6.33,6.34,6.317763100909485
20230608093527130,6.33,6.34,6.317763100909485
20230608093527630,6.33,6.34,6.318108397600685
20230608093527670,6.33,6.34,6.318108397600685
20230608093529510,6.33,6.34,6.318108397600685
20230608093529980,6.33,6.34,6.318108397600685
20230608093530090,6.33,6.34,6.318152743608942
20230608093532120,6.33,6.34,6.318173169428113
20230608093532310,6.33,6.34,6.318173169428113
20230608093532380,6.33,6.34,6.318173169428113
20230608093532750,6.33,6.34,6.318173169428113
20230608093534690,6.33,6.34,6.318173169428113
20230608093535010,6.33,6.34,6.318325902335457
20230608093535030,6.33,6.34,6.318325902335457
20230608093535100,6.33,6.34,6.318349421873343
20230608093535550,6.33,6.34,6.318382960686659
20230608093537390,6.33,6.34,6.318393008474576
20230608093537590,6.33,6.34,6.318393008474576
20230608093538220,6.33,6.34,6.318393008474576
20230608093540100,6.33,6.34,6.318396356318186
20230608093540300,6.33,6.34,6.31843647519306
20230608093540360,6.33,6.34,6.31843647519306
20230608093540600,6.33,6.34,6.3185856887674685
20230608093540690,6.33,6.34,6.3185856887674685
20230608093540930,6.33,6.34,6.3185856887674685
20230608093542700,6.33,6.34,6.3185856887674685
20230608093543160,6.33,6.34,6.3185856887674685
20230608093543750,6.33,6.34,6.3185856887674685
20230608093545370,6.33,6.34,6.3185856887674685
20230608093546020,6.33,6.34,6.3185856887674685
20230608093546380,6.33,6.34,6.3185856887674685
20230608093548250,6.33,6.34,6.3185856887674685
20230608093548370,6.33,6.34,6.3185856887674685
20230608093548680,6.33,6.34,6.3185856887674685
20230608093548710,6.33,6.34,6.3185856887674685
20230608093548760,6.33,6.34,6.3185922891059985
20230608093549220,6.33,6.34,6.318595588235294
20230608093549270,6.33,6.34,6.318595588235294
20230608093549320,6.33,6.34,6.318595588235294
20230608093550930,6.33,6.34,6.318595588235294
20230608093551180,6.33,6.34,6.318595588235294
20230608093551360,6.33,6.34,6.318595588235294
20230608093556450,6.33,6.34,6.318595588235294
20230608093556870,6.34,6.34,6.318792275574113
20230608093559300,6.34,6.34,6.32023989647621
20230608093559330,6.34,6.34,6.32023989647621
20230608093559380,6.34,6.34,6.32023989647621
20230608093602140,6.34,6.34,6.320245820063694
20230608093602250,6.34,6.34,6.320245820063694
20230608093602320,6.34,6.34,6.320245820063694
20230608093602340,6.34,6.34,6.320245820063694
20230608093602410,6.35,6.34,6.320319666435024
20230608093602420,6.35,6.34,6.320319666435024
20230608093602560,6.35,6.34,6.3203402777777775
20230608093602630,6.35,6.34,6.3203402777777775
20230608093604390,6.35,6.34,6.320372609255773
20230608093604550,6.35,6.34,6.320372609255773
20230608093604560,6.35,6.34,6.320531548380746
20230608093604940,6.35,6.34,6.320531548380746
20230608093605420,6.35,6.34,6.320557631785995
20230608093606990,6.35,6.34,6.320557631785995
20230608093607020,6.35,6.34,6.3205721026245945
20230608093607140,6.35,6.34,6.3205721026245945
20230608093607800,6.35,6.34,6.3205721026245945
20230608093607840,6.35,6.34,6.3205721026245945
20230608093609670,6.35,6.34,6.320635481023831
20230608093610360,6.35,6.34,6.320635481023831
20230608093610470,6.35,6.34,6.320635481023831
20230608093610650,6.35,6.34,6.320635481023831
20230608093610670,6.35,6.34,6.320684354807128
20230608093612360,6.35,6.34,6.320684354807128
20230608093612510,6.35,6.34,6.320690093970243
20230608093612870,6.35,6.34,6.320690093970243
20230608093613170,6.35,6.34,6.320801560214529
20230608093613420,6.35,6.34,6.320801560214529
20230608093615350,6.35,6.34,6.320827162899454
20230608093615360,6.35,6.34,6.320827162899454
20230608093615420,6.35,6.34,6.320827162899454
20230608093618050,6.35,6.34,6.320841367221735
20230608093618360,6.35,6.34,6.320841367221735
20230608093618680,6.35,6.34,6.320841367221735
20230608093618690,6.35,6.34,6.320841367221735
20230608093620540,6.35,6.34,6.321826307866014
20230608093620750,6.35,6.34,6.321826307866014
20230608093621280,6.35,6.34,6.321826307866014
20230608093621480,6.35,6.34,6.321826307866014
20230608093621490,6.35,6.34,6.321826307866014
20230608093623360,6.35,6.34,6.321826307866014
20230608093624030,6.35,6.34,6.321826307866014
20230608093624080,6.35,6.34,6.321826307866014
20230608093626430,6.35,6.34,6.321826307866014
20230608093628920,6.35,6.34,6.321826307866014
20230608093629120,6.35,6.34,6.321839556098937
20230608093629140,6.35,6.34,6.321839556098937
20230608093629500,6.35,6.34,6.321841263870604
20230608093629560,6.35,6.34,6.321841263870604
20230608093631350,6.35,6.34,6.321841263870604
20230608093631580,6.35,6.34,6.321841263870604
20230608093632080,6.35,6.34,6.321841263870604
20230608093632160,6.35,6.34,6.321841263870604
20230608093632410,6.35,6.34,6.321841263870604
20230608093632480,6.35,6.34,6.321841263870604
20230608093634010,6.35,6.34,6.321841263870604
20230608093634190,6.35,6.34,6.321841263870604
20230608093634260,6.35,6.34,6.321841263870604
20230608093634360,6.35,6.34,6.321841263870604
20230608093634720,6.35,6.34,6.321841263870604
20230608093634820,6.35,6.34,6.321841263870604
20230608093634990,6.35,6.34,6.321841263870604
20230608093637180,6.35,6.34,6.321841263870604
20230608093637380,6.35,6.34,6.321841263870604
20230608093637630,6.35,6.34,6.321841263870604
20230608093637710,6.35,6.34,6.321848091746569
20230608093640040,6.35,6.34,6.321848091746569
20230608093640080,6.35,6.34,6.321848091746569
20230608093640210,6.35,6.34,6.321848091746569
20230608093642760,6.35,6.34,6.321848091746569
20230608093642880,6.35,6.34,6.321848091746569
20230608093642920,6.35,6.34,6.321848091746569
20230608093642930,6.35,6.34,6.321848091746569
20230608093642970,6.35,6.34,6.321848091746569
20230608093643270,6.35,6.34,6.321848091746569
20230608093644860,6.35,6.34,6.321848091746569
20230608093644900,6.35,6.34,6.321848091746569
20230608093644930,6.35,6.34,6.321848091746569
20230608093645750,6.35,6.34,6.321848091746569
20230608093645970,6.35,6.34,6.321848091746569
20230608093648190,6.35,6.34,6.322110262618737
20230608093648560,6.35,6.34,6.322110262618737
20230608093650200,6.35,6.34,6.322110262618737
20230608093650210,6.35,6.34,6.322110262618737
20230608093650410,6.35,6.34,6.322110262618737
20230608093650720,6.35,6.34,6.322110262618737
20230608093650910,6.35,6.34,6.322160104011887
20230608093651230,6.35,6.34,6.322160104011887
20230608093651410,6.35,6.34,6.322160104011887
20230608093656750,6.35,6.34,6.322160104011887
20230608093658250,6.35,6.34,6.322160104011887
20230608093658350,6.35,6.34,6.322160104011887
20230608093659100,6.35,6.34,6.322160104011887
20230608093701090,6.35,6.34,6.322160104011887
20230608093701160,6.35,6.34,6.322162689200483
20230608093701330,6.35,6.34,6.322162689200483
20230608093701350,6.35,6.34,6.322162689200483
20230608093701810,6.35,6.34,6.322162689200483
20230608093702030,6.35,6.34,6.322162689200483
20230608093702080,6.35,6.34,6.322183353437877
20230608093702090,6.35,6.34,6.322185934310633
20230608093703680,6.35,6.34,6.32219367405621
20230608093703740,6.35,6.34,6.32219367405621
20230608093704080,6.35,6.34,6.322209140632243
20230608093704200,6.35,6.34,6.322209140632243
20230608093704260,6.35,6.34,6.322209140632243
20230608093704390,6.35,6.34,6.322209140632243
20230608093704620,6.35,6.34,6.3222503008423585
20230608093704670,6.35,6.34,6.3222503008423585
20230608093707050,6.35,6.34,6.3222503008423585
20230608093707190,6.35,6.34,6.3222503008423585
20230608093707230,6.35,6.34,6.3222503008423585
20230608093707310,6.35,6.34,6.3222503008423585
20230608093707320,6.35,6.34,6.3222503008423585
20230608093709920,6.35,6.34,6.322275964117266
20230608093710280,6.35,6.34,6.322275964117266
20230608093712140,6.35,6.34,6.322275964117266
20230608093712880,6.35,6.34,6.322291339310472
20230608093714450,6.35,6.34,6.322291339310472
20230608093714620,6.35,6.34,6.322296460585898
20230608093715010,6.35,6.34,6.322296460585898
20230608093715200,6.35,6.34,6.322296460585898
20230608093715360,6.35,6.34,6.322296460585898
20230608093717840,6.35,6.34,6.322296460585898
20230608093718180,6.35,6.34,6.322325581395349
20230608093718400,6.35,6.34,6.322325581395349
20230608093720120,6.35,6.34,6.322325581395349
20230608093721100,6.35,6.34,6.322325581395349
20230608093722590,6.35,6.34,6.322325581395349
20230608093722780,6.35,6.34,6.322367354458364
20230608093722940,6.35,6.34,6.322367354458364
20230608093723590,6.35,6.34,6.322367354458364
20230608093725290,6.35,6.34,6.322367354458364
20230608093725330,6.35,6.34,6.322367354458364
20230608093725410,6.35,6.34,6.322367354458364
20230608093725540,6.35,6.34,6.322367354458364
20230608093725710,6.35,6.34,6.322367354458364
20230608093726200,6.35,6.34,6.322367354458364
20230608093726230,6.35,6.34,6.322367354458364
20230608093727990,6.35,6.34,6.322367354458364
20230608093728080,6.35,6.34,6.322367354458364
20230608093728100,6.35,6.34,6.322429777859372
20230608093728130,6.35,6.34,6.322429777859372
20230608093728180,6.35,6.34,6.322432308398348
20230608093728210,6.35,6.34,6.322434838472834
20230608093728360,6.35,6.34,6.322465163182985
20230608093728420,6.35,6.34,6.322465163182985
20230608093729110,6.35,6.34,6.322487862966017
20230608093729180,6.35,6.34,6.322492902280429
20230608093730770,6.35,6.34,6.322492902280429
20230608093730780,6.35,6.34,6.322505492493592
20230608093731180,6.35,6.34,6.322510525352371
20230608093731360,6.35,6.34,6.322510525352371
20230608093731450,6.35,6.34,6.322518071186751
20230608093733760,6.35,6.34,6.322518071186751
20230608093733850,6.35,6.34,6.322518071186751
20230608093734300,6.35,6.34,6.322545703839123
20230608093736420,6.35,6.34,6.322545703839123
20230608093736490,6.35,6.34,6.322545703839123
20230608093737130,6.35,6.34,6.322545703839123
20230608093737190,6.35,6.34,6.322545703839123
20230608093737270,6.35,6.34,6.322545703839123
20230608093737280,6.35,6.34,6.322545703839123
20230608093738960,6.35,6.34,6.322545703839123
20230608093739590,6.35,6.34,6.3225707762557075
20230608093739900,6.35,6.34,6.3225707762557075
20230608093742090,6.35,6.34,6.3225707762557075
20230608093742390,6.35,6.34,6.3225707762557075
20230608093742450,6.35,6.34,6.3225707762557075
20230608093742490,6.35,6.34,6.322573280978906
20230608093744380,6.35,6.34,6.322573280978906
20230608093744490,6.35,6.34,6.322573280978906
20230608093744560,6.35,6.34,6.322573280978906
20230608093746890,6.35,6.34,6.322573280978906
20230608093746910,6.35,6.34,6.322573280978906
20230608093747710,6.35,6.34,6.322573280978906
20230608093749710,6.35,6.34,6.3226082201767975
20230608093749820,6.35,6.34,6.322648530615958
20230608093750190,6.35,6.34,6.322648530615958
20230608093750740,6.35,6.34,6.322648530615958
20230608093752650,6.35,6.34,6.322648530615958
20230608093752680,6.35,6.34,6.322678117048346
20230608093753120,6.35,6.34,6.322690525933328
20230608093753130,6.35,6.34,6.322712833545108
20230608093753240,6.35,6.34,6.322722736345491
20230608093755210,6.35,6.34,6.322722736345491
20230608093755220,6.35,6.34,6.322769829771822
20230608093755620,6.35,6.34,6.322782152230971
20230608093755950,6.35,6.34,6.322782152230971
20230608093757760,6.35,6.34,6.322782152230971
20230608093757970,6.35,6.34,6.322782152230971
20230608093758750,6.35,6.34,6.322782152230971
20230608093800750,6.35,6.34,6.323005920344456
20230608093800780,6.35,6.34,6.323008341555297
20230608093801280,6.35,6.34,6.323008341555297
20230608093803600,6.35,6.34,6.323008341555297
20230608093803790,6.35,6.34,6.323008341555297
20230608093805850,6.35,6.34,6.323008341555297
20230608093806200,6.35,6.34,6.323008341555297
20230608093809330,6.35,6.34,6.323008341555297
20230608093809580,6.35,6.34,6.323008341555297
20230608093811260,6.35,6.34,6.3230204410973645
20230608093811430,6.35,6.34,6.323022859704168
20230608093811510,6.35,6.34,6.323022859704168
20230608093811570,6.35,6.34,6.323104835105908
20230608093811680,6.35,6.34,6.323104835105908
20230608093814450,6.35,6.34,6.323104835105908
20230608093814660,6.35,6.34,6.323104835105908
20230608093814740,6.35,6.34,6.323104835105908
20230608093816900,6.35,6.34,6.323125892857143
20230608093817550,6.35,6.34,6.323125892857143
20230608093817590,6.35,6.34,6.323125892857143
20230608093817660,6.35,6.34,6.323125892857143
20230608093817670,6.35,6.34,6.323125892857143
20230608093817780,6.35,6.34,6.323196261682243
20230608093819260,6.35,6.34,6.323217716115262
20230608093819460,6.35,6.34,6.323217716115262
20230608093819480,6.35,6.34,6.323217716115262
20230608093820130,6.35,6.34,6.3232593841512115
20230608093820240,6.35,6.34,6.3232593841512115
20230608093821960,6.35,6.34,6.323266808586127
20230608093822310,6.35,6.34,6.323266808586127
20230608093822570,6.35,6.34,6.323266808586127
20230608093823090,6.35,6.34,6.323266808586127
20230608093825090,6.35,6.34,6.323266808586127
20230608093825200,6.35,6.34,6.323266808586127
20230608093825720,6.35,6.34,6.323266808586127
20230608093825730,6.35,6.34,6.323266808586127
20230608093825850,6.35,6.34,6.323275403440326
20230608093825870,6.35,6.34,6.323275403440326
20230608093825880,6.35,6.34,6.323275403440326
20230608093830140,6.35,6.34,6.323275403440326
20230608093830280,6.35,6.34,6.323275403440326
20230608093830330,6.35,6.34,6.323275403440326
20230608093830540,6.35,6.34,6.323275403440326
20230608093833320,6.35,6.34,6.323275403440326
20230608093833470,6.35,6.34,6.323275403440326
20230608093836240,6.35,6.34,6.323275403440326
20230608093836510,6.35,6.34,6.323275403440326
20230608093836570,6.35,6.34,6.323275403440326
20230608093838350,6.35,6.34,6.323275403440326
20230608093838580,6.35,6.34,6.323275403440326
20230608093841940,6.35,6.34,6.323275403440326
20230608093844000,6.35,6.34,6.323275403440326
20230608093844030,6.35,6.34,6.323363042710907
20230608093844150,6.35,6.34,6.323363042710907
20230608093846720,6.35,6.34,6.323363042710907
20230608093849010,6.35,6.34,6.323363042710907
20230608093849270,6.35,6.34,6.323363042710907
20230608093849280,6.35,6.34,6.323363042710907
20230608093852090,6.35,6.34,6.323363042710907
20230608093852490,6.35,6.34,6.323363042710907
20230608093854930,6.35,6.34,6.323363042710907
20230608093854940,6.35,6.34,6.3233885754583925
20230608093854990,6.35,6.34,6.323409671452479
20230608093855390,6.35,6.34,6.323409671452479
20230608093857470,6.35,6.34,6.323409671452479
20230608093858020,6.35,6.34,6.323451732020398
20230608093858070,6.35,6.34,6.323454065934066
20230608093859970,6.35,6.34,6.323454065934066
20230608093902460,6.35,6.34,6.323549514902544
20230608093903090,6.35,6.34,6.323549514902544
20230608093903380,6.35,6.34,6.32355182660374
20230608093903450,6.35,6.34,6.32355182660374
20230608093903520,6.35,6.34,6.32355182660374
20230608093905340,6.35,6.34,6.323561883133898
20230608093905490,6.35,6.34,6.323561883133898
20230608093905600,6.35,6.34,6.323561883133898
20230608093905730,6.35,6.34,6.323590548434911
20230608093906110,6.35,6.34,6.323590548434911
20230608093906130,6.35,6.34,6.323590548434911
20230608093908400,6.35,6.34,6.323590548434911
20230608093908850,6.35,6.34,6.323611256316432
20230608093911540,6.35,6.34,6.323611256316432
20230608093913320,6.35,6.34,6.323611256316432
20230608093914230,6.35,6.34,6.323611256316432
20230608093916110,6.35,6.34,6.323611256316432
20230608093916190,6.35,6.34,6.323611256316432
20230608093916280,6.35,6.34,6.323611256316432
20230608093916700,6.35,6.34,6.323611256316432
20230608093918730,6.35,6.34,6.323611256316432
20230608093918900,6.35,6.34,6.323611256316432
20230608093919040,6.35,6.34,6.323611256316432
20230608093922090,6.35,6.34,6.323611256316432
20230608093922250,6.35,6.34,6.323661078780509
20230608093922370,6.35,6.34,6.323661078780509
20230608093922560,6.35,6.34,6.323685169124024
20230608093924550,6.35,6.34,6.3237079722703635
20230608093924820,6.35,6.34,6.3237079722703635
20230608093925200,6.35,6.34,6.323714805509833
20230608093927200,6.35,6.34,6.323728901584004
20230608093927820,6.35,6.34,6.323728901584004
20230608093929460,6.35,6.34,6.323730309849402
20230608093929480,6.35,6.34,6.323731717871052
20230608093930390,6.35,6.34,6.323735940474131
20230608093932180,6.35,6.34,6.3237491361437455
20230608093932460,6.35,6.34,6.3237491361437455
20230608093932480,6.35,6.34,6.3237491361437455
20230608093932540,6.35,6.34,6.3237491361437455
20230608093932740,6.35,6.34,6.3237491361437455
20230608093933180,6.35,6.34,6.323780918727915
20230608093933240,6.34,6.34,6.323780918727915
20230608093935030,6.34,6.34,6.323780918727915
20230608093935100,6.34,6.34,6.323780918727915
20230608093935140,6.35,6.34,6.323780918727915
20230608093935720,6.34,6.34,6.323780918727915
20230608093935810,6.34,6.34,6.323780918727915
20230608093937660,6.34,6.34,6.323780918727915
20230608093938240,6.35,6.34,6.323780918727915
20230608093938290,6.35,6.34,6.323780918727915
20230608093938630,6.35,6.34,6.323780918727915
20230608093938790,6.34,6.34,6.323780918727915
20230608093940370,6.34,6.34,6.323780918727915
20230608093940510,6.34,6.34,6.323780918727915
20230608093941170,6.34,6.34,6.323780918727915
20230608093941400,6.34,6.34,6.323780918727915
20230608093943750,6.34,6.34,6.323780918727915
20230608093945900,6.34,6.34,6.323780918727915
20230608093946160,6.34,6.34,6.323780918727915
20230608093946190,6.34,6.34,6.323780918727915
20230608093946210,6.34,6.34,6.324338853291171
20230608093946290,6.34,6.34,6.324338853291171
20230608093949020,6.34,6.34,6.324338853291171
20230608093949030,6.34,6.34,6.324338853291171
20230608093949070,6.34,6.34,6.324355762050942
20230608093949190,6.34,6.34,6.324355762050942
20230608093949300,6.34,6.34,6.324355762050942
20230608093951580,6.34,6.34,6.324355762050942
20230608093951690,6.34,6.34,6.324355762050942
20230608093952230,6.34,6.34,6.324355762050942
20230608093952240,6.34,6.34,6.324355762050942
20230608093954100,6.34,6.34,6.324355762050942
20230608093954400,6.34,6.34,6.324355762050942
20230608093954430,6.34,6.34,6.324355762050942
20230608093954790,6.34,6.34,6.324355762050942
20230608093956550,6.34,6.34,6.324355762050942
20230608093956810,6.34,6.34,6.324355762050942
20230608093959300,6.34,6.34,6.324355762050942
20230608094000360,6.34,6.34,6.324355762050942
20230608094002340,6.34,6.34,6.324355762050942
20230608094003070,6.34,6.34,6.324355762050942
20230608094004820,6.34,6.34,6.324355762050942
20230608094005050,6.34,6.34,6.324355762050942
20230608094005690,6.34,6.34,6.324355762050942
20230608094007450,6.34,6.34,6.324355762050942
20230608094007820,6.34,6.34,6.324355762050942
20230608094008340,6.34,6.34,6.324355762050942
20230608094010450,6.34,6.34,6.324355762050942
20230608094011140,6.34,6.34,6.324355762050942
20230608094015360,6.34,6.34,6.324355762050942
20230608094015680,6.34,6.34,6.324355762050942
20230608094016300,6.34,6.34,6.324355762050942
20230608094016540,6.34,6.34,6.324355762050942
20230608094018270,6.34,6.34,6.324355762050942
20230608094018440,6.34,6.34,6.324355762050942
20230608094018850,6.34,6.34,6.324355762050942
20230608094021350,6.34,6.34,6.324355762050942
20230608094021770,6.34,6.34,6.324355762050942
20230608094021800,6.34,6.34,6.324355762050942
20230608094021970,6.34,6.34,6.324355762050942
20230608094023540,6.34,6.34,6.324355762050942
20230608094024080,6.34,6.34,6.324355762050942
20230608094024460,6.34,6.34,6.324355762050942
20230608094026200,6.34,6.34,6.324355762050942
20230608094026320,6.34,6.34,6.324355762050942
20230608094029130,6.34,6.34,6.324355762050942
20230608094031970,6.34,6.34,6.324355762050942
20230608094032230,6.34,6.34,6.324355762050942
20230608094034500,6.34,6.34,6.324355762050942
20230608094034930,6.34,6.34,6.3244884004884
20230608094035320,6.34,6.34,6.3244884004884
20230608094035470,6.34,6.34,6.324494226703529
20230608094035480,6.34,6.34,6.324494226703529
20230608094035490,6.34,6.34,6.324494226703529
20230608094037150,6.34,6.34,6.324494226703529
20230608094037190,6.34,6.34,6.324494226703529
20230608094037300,6.34,6.34,6.324494226703529
20230608094037740,6.34,6.34,6.324494226703529
20230608094037870,6.34,6.34,6.324498700032499
20230608094038140,6.34,6.34,6.324498700032499
20230608094040160,6.34,6.34,6.324498700032499
20230608094040510,6.34,6.34,6.324498700032499
20230608094040630,6.34,6.34,6.324505440961508
20230608094040680,6.34,6.34,6.324505887129517
20230608094042480,6.34,6.34,6.324505887129517
20230608094043000,6.34,6.34,6.324505887129517
20230608094043400,6.34,6.34,6.324505887129517
20230608094045110,6.34,6.34,6.324505887129517
20230608094045350,6.34,6.34,6.324505887129517
20230608094045930,6.34,6.34,6.324505887129517
20230608094046210,6.34,6.34,6.3245067792481935
20230608094048020,6.34,6.34,6.3245067792481935
20230608094050500,6.34,6.34,6.3245067792481935
20230608094050750,6.34,6.34,6.3245067792481935
20230608094050920,6.34,6.34,6.3245067792481935
20230608094050960,6.34,6.34,6.3245067792481935
20230608094051160,6.34,6.34,6.3245067792481935
20230608094053520,6.34,6.34,6.3245067792481935
20230608094053610,6.34,6.34,6.3245067792481935
20230608094053760,6.34,6.34,6.3245067792481935
20230608094056080,6.34,6.34,6.3245067792481935
20230608094056100,6.34,6.34,6.3245067792481935
20230608094056350,6.34,6.34,6.3245067792481935
20230608094056820,6.34,6.34,6.3245067792481935
20230608094057030,6.34,6.34,6.3245067792481935
20230608094059770,6.34,6.34,6.3245067792481935
20230608094102190,6.34,6.34,6.3245067792481935
20230608094104070,6.33,6.34,6.3245067792481935
20230608094104130,6.33,6.34,6.3245067792481935
20230608094104150,6.34,6.34,6.3245067792481935
20230608094104170,6.34,6.34,6.3245067792481935
20230608094104180,6.34,6.34,6.3245067792481935
20230608094104190,6.34,6.34,6.3245067792481935
20230608094104460,6.33,6.34,6.3245067792481935
20230608094104510,6.33,6.34,6.3245067792481935
20230608094104820,6.33,6.34,6.3245067792481935
20230608094105010,6.33,6.34,6.3245067792481935
20230608094105030,6.33,6.34,6.3245067792481935
20230608094105070,6.33,6.34,6.3245067792481935
20230608094105080,6.33,6.34,6.3245067792481935
20230608094105090,6.33,6.34,6.3245067792481935
20230608094105140,6.33,6.34,6.3245067792481935
20230608094106970,6.33,6.34,6.3245379577977205
20230608094107090,6.33,6.34,6.3245379577977205
20230608094107120,6.33,6.34,6.324540164861807
20230608094107140,6.33,6.34,6.324543251756724
20230608094107150,6.33,6.34,6.324543692456792
20230608094107270,6.33,6.34,6.324543692456792
20230608094107300,6.33,6.34,6.324543692456792
20230608094107310,6.33,6.34,6.3245445736434105
20230608094107570,6.33,6.34,6.3245445736434105
20230608094107730,6.33,6.34,6.3245445736434105
20230608094107860,6.33,6.34,6.3245445736434105
20230608094109820,6.33,6.34,6.3245445736434105
20230608094110020,6.33,6.34,6.3245445736434105
20230608094112120,6.33,6.34,6.3245445736434105
20230608094112410,6.33,6.34,6.3245445736434105
20230608094112500,6.33,6.34,6.324548535463568
20230608094112810,6.33,6.34,6.324552930742562
20230608094114730,6.33,6.34,6.32455556450963
20230608094115290,6.33,6.34,6.32455556450963
20230608094115850,6.33,6.34,6.324554535202191
20230608094115880,6.33,6.34,6.324554535202191
20230608094117880,6.33,6.34,6.324554535202191
20230608094117900,6.33,6.34,6.324589835934374
20230608094120370,6.33,6.34,6.324589835934374
20230608094120430,6.33,6.34,6.324589835934374
20230608094121170,6.33,6.34,6.324589835934374
20230608094123070,6.33,6.34,6.32458213486737
20230608094123120,6.33,6.34,6.32458213486737
20230608094123570,6.33,6.34,6.32458213486737
20230608094123590,6.33,6.34,6.324584759933115
20230608094125560,6.33,6.34,6.324584759933115
20230608094125790,6.33,6.34,6.324584759933115
20230608094125970,6.33,6.34,6.324584759933115
20230608094126070,6.33,6.34,6.324584759933115
20230608094126160,6.33,6.34,6.324584759933115
20230608094126380,6.33,6.34,6.324584759933115
20230608094128380,6.33,6.34,6.324584759933115
20230608094129310,6.33,6.34,6.324584759933115
20230608094134350,6.33,6.34,6.3245654931810975
20230608094134860,6.33,6.34,6.3245654931810975
20230608094136380,6.33,6.34,6.3245654931810975
20230608094136470,6.33,6.34,6.324574930802688
20230608094136750,6.33,6.34,6.324574930802688
20230608094136930,6.33,6.34,6.324574930802688
20230608094137010,6.33,6.34,6.324575922851948
20230608094137020,6.33,6.34,6.324575922851948
20230608094137090,6.33,6.34,6.324575922851948
20230608094137110,6.33,6.34,6.324575922851948
20230608094137120,6.33,6.34,6.324575922851948
20230608094137130,6.33,6.34,6.324575922851948
20230608094139020,6.33,6.34,6.324575922851948
20230608094139040,6.33,6.34,6.324575922851948
20230608094139310,6.33,6.34,6.324575922851948
20230608094139670,6.33,6.34,6.324575922851948
20230608094139700,6.33,6.34,6.324575922851948
20230608094140040,6.33,6.34,6.324575922851948
20230608094140190,6.33,6.34,6.324575922851948
20230608094141930,6.33,6.34,6.324575922851948
20230608094142080,6.33,6.34,6.324575922851948
20230608094142530,6.33,6.34,6.324575922851948
20230608094144710,6.33,6.34,6.324575922851948
20230608094144760,6.33,6.34,6.324575922851948
20230608094144910,6.33,6.34,6.324575922851948
20230608094145120,6.33,6.34,6.324575922851948
20230608094145400,6.33,6.34,6.324575922851948
20230608094145550,6.33,6.34,6.324575922851948
20230608094145630,6.33,6.33,6.324650170648464
20230608094145640,6.34,6.33,6.32475273889227
20230608094145670,6.33,6.33,6.32475273889227
20230608094145680,6.34,6.33,6.3247678652708235
20230608094145690,6.34,6.33,6.3247678652708235
20230608094148330,6.34,6.33,6.3247678652708235
20230608094149980,6.34,6.33,6.3247678652708235
20230608094150010,6.34,6.33,6.3247678652708235
20230608094150030,6.34,6.33,6.3247678652708235
20230608094150130,6.34,6.33,6.3247678652708235
20230608094150330,6.34,6.33,6.3247678652708235
20230608094150910,6.34,6.33,6.3247678652708235
20230608094150930,6.34,6.33,6.3247678652708235
20230608094152940,6.34,6.33,6.324776741717838
20230608094152950,6.34,6.33,6.324779116465863
20230608094153080,6.34,6.33,6.324779116465863
20230608094153200,6.34,6.33,6.324779116465863
20230608094155690,6.34,6.33,6.324799214975846
20230608094155930,6.34,6.33,6.324799214975846
20230608094155940,6.34,6.33,6.324799214975846
20230608094155970,6.34,6.33,6.324799607517549
20230608094156280,6.34,6.33,6.324799607517549
20230608094156380,6.34,6.33,6.324799607517549
20230608094158020,6.34,6.33,6.324799607517549
20230608094158210,6.34,6.33,6.324803440730401
20230608094158900,6.34,6.33,6.324803440730401
20230608094200850,6.34,6.33,6.324803440730401
20230608094200950,6.34,6.33,6.324803440730401
20230608094201280,6.34,6.33,6.324803440730401
20230608094203560,6.34,6.33,6.324803440730401
20230608094206760,6.34,6.33,6.324803440730401
20230608094209250,6.34,6.33,6.324803440730401
20230608094209570,6.34,6.33,6.324803440730401
20230608094209830,6.34,6.33,6.324803440730401
20230608094212100,6.34,6.33,6.324803440730401
20230608094212310,6.34,6.33,6.324803440730401
20230608094212440,6.34,6.33,6.324803440730401
20230608094212560,6.34,6.33,6.324803440730401
20230608094214600,6.34,6.33,6.324803440730401
20230608094215040,6.34,6.33,6.324803440730401
20230608094215100,6.34,6.33,6.324803440730401
20230608094216830,6.34,6.33,6.324803440730401
20230608094217220,6.34,6.33,6.324803440730401
20230608094217390,6.34,6.33,6.324803440730401
20230608094217730,6.34,6.33,6.324803440730401
20230608094220070,6.34,6.33,6.324803440730401
20230608094222270,6.34,6.33,6.324803440730401
20230608094222560,6.34,6.33,6.324803440730401
20230608094223080,6.34,6.33,6.324803440730401
20230608094223190,6.34,6.33,6.324803440730401
20230608094225210,6.34,6.33,6.324803440730401
20230608094225360,6.34,6.33,6.324803440730401
20230608094225450,6.34,6.33,6.324803440730401
20230608094225480,6.34,6.33,6.324803440730401
20230608094225690,6.34,6.33,6.324803440730401
20230608094225700,6.34,6.33,6.324803440730401
20230608094225890,6.34,6.33,6.324803440730401
20230608094228780,6.34,6.33,6.324803440730401
20230608094230740,6.34,6.33,6.324803440730401
20230608094231060,6.34,6.33,6.324803440730401
20230608094233170,6.34,6.33,6.324803440730401
20230608094233220,6.34,6.33,6.324803440730401
20230608094233610,6.34,6.33,6.324803440730401
20230608094233620,6.34,6.33,6.324803440730401
20230608094233960,6.34,6.33,6.324803440730401
20230608094234130,6.34,6.33,6.324803440730401
20230608094234210,6.34,6.33,6.324803440730401
20230608094236330,6.34,6.33,6.324803440730401
20230608094238760,6.34,6.33,6.324803440730401
20230608094239310,6.34,6.33,6.324803440730401
20230608094241220,6.34,6.33,6.324803440730401
20230608094241230,6.34,6.33,6.324803440730401
20230608094241760,6.34,6.33,6.324803440730401
20230608094242070,6.34,6.33,6.324803440730401
20230608094242290,6.34,6.33,6.324803440730401
20230608094244800,6.34,6.33,6.324803440730401
20230608094244860,6.34,6.33,6.324803440730401
20230608094246700,6.34,6.33,6.324803440730401
20230608094247180,6.34,6.33,6.324803440730401
20230608094247350,6.34,6.33,6.324803440730401
20230608094247730,6.34,6.33,6.324803440730401
20230608094249590,6.34,6.33,6.324803440730401
20230608094250090,6.35,6.33,6.324803440730401
20230608094250180,6.34,6.33,6.324803440730401
20230608094250430,6.34,6.33,6.324803440730401
20230608094252000,6.34,6.33,6.325097677847402
20230608094252580,6.34,6.33,6.325097677847402
20230608094252790,6.34,6.33,6.325097677847402
20230608094253010,6.34,6.33,6.325097677847402
20230608094253130,6.34,6.33,6.325097677847402
20230608094253160,6.34,6.33,6.325098776352647
20230608094254710,6.34,6.33,6.325098776352647
20230608094255410,6.34,6.33,6.325098776352647
20230608094255500,6.34,6.33,6.325098776352647
20230608094258110,6.34,6.33,6.325098776352647
20230608094258180,6.34,6.33,6.32510426645052
20230608094300840,6.34,6.33,6.32510426645052
20230608094303340,6.34,6.33,6.32510426645052
20230608094303680,6.34,6.33,6.32510426645052
20230608094303950,6.34,6.33,6.32510426645052
20230608094305720,6.34,6.33,6.32510426645052
20230608094306030,6.34,6.33,6.32510426645052
20230608094306180,6.34,6.33,6.32510426645052
20230608094306300,6.34,6.33,6.32510426645052
20230608094308890,6.34,6.33,6.32510426645052
20230608094308970,6.34,6.33,6.32510426645052
20230608094309080,6.34,6.33,6.32510426645052
20230608094311060,6.34,6.33,6.32510426645052
20230608094311160,6.34,6.33,6.32510426645052
20230608094312050,6.34,6.33,6.32510426645052
20230608094313860,6.34,6.33,6.32510426645052
20230608094314210,6.34,6.33,6.32510426645052
20230608094314260,6.34,6.33,6.32510426645052
20230608094314570,6.34,6.33,6.32510426645052
20230608094314620,6.34,6.33,6.325215674806258
20230608094316500,6.34,6.33,6.325215674806258
20230608094316600,6.34,6.33,6.325215674806258
20230608094317160,6.34,6.33,6.32521675561079
20230608094317200,6.34,6.33,6.325218916745852
20230608094317210,6.34,6.33,6.325218916745852
20230608094319650,6.34,6.33,6.325232948736673
20230608094320050,6.34,6.33,6.325232948736673
20230608094321830,6.34,6.33,6.3252383385648585
20230608094322280,6.34,6.33,6.3252383385648585
20230608094322750,6.34,6.33,6.3252383385648585
20230608094324750,6.34,6.33,6.3252383385648585
20230608094325180,6.34,6.33,6.3252383385648585
20230608094325370,6.34,6.33,6.3252383385648585
20230608094327120,6.34,6.33,6.3252383385648585
20230608094327360,6.34,6.33,6.3252383385648585
20230608094327370,6.34,6.33,6.3252383385648585
20230608094327660,6.34,6.33,6.3252383385648585
20230608094330010,6.34,6.33,6.3252383385648585
20230608094330330,6.34,6.33,6.3252383385648585
20230608094335390,6.34,6.33,6.325288280457772
20230608094335650,6.34,6.33,6.325288280457772
20230608094337870,6.34,6.33,6.325288280457772
20230608094338040,6.34,6.33,6.325288280457772
20230608094338060,6.34,6.33,6.325288280457772
20230608094338120,6.34,6.33,6.325288280457772
20230608094338170,6.34,6.33,6.325288280457772
20230608094338420,6.34,6.33,6.325288280457772
20230608094338520,6.34,6.33,6.325288280457772
20230608094339030,6.34,6.33,6.325288280457772
20230608094340760,6.34,6.33,6.325288280457772
20230608094341130,6.34,6.33,6.325288280457772
20230608094341170,6.34,6.33,6.325288280457772
20230608094343820,6.34,6.33,6.325288280457772
20230608094344010,6.34,6.33,6.325288280457772
20230608094346190,6.34,6.33,6.325288280457772
20230608094346310,6.34,6.33,6.325336552320554
20230608094347010,6.34,6.33,6.325336552320554
20230608094348970,6.34,6.33,6.325336552320554
20230608094351370,6.34,6.33,6.325336552320554
20230608094351640,6.34,6.33,6.325336552320554
20230608094351980,6.34,6.33,6.325336552320554
20230608094352200,6.34,6.33,6.325336552320554
20230608094354050,6.34,6.33,6.325336552320554
20230608094354340,6.34,6.33,6.325336552320554
20230608094354570,6.34,6.33,6.325336552320554
20230608094355200,6.34,6.33,6.325336552320554
20230608094357170,6.34,6.33,6.325336552320554
20230608094357700,6.34,6.33,6.325336552320554
20230608094400130,6.34,6.33,6.325336552320554
20230608094400610,6.34,6.33,6.325336552320554
20230608094402950,6.34,6.33,6.325336552320554
20230608094403040,6.34,6.33,6.325336552320554
20230608094403150,6.34,6.33,6.3253763980499
20230608094403300,6.34,6.33,6.3253763980499
20230608094405090,6.34,6.33,6.325389619674007
20230608094405150,6.34,6.33,6.3253906640932165
20230608094405190,6.34,6.33,6.325392752483739
20230608094407530,6.34,6.33,6.325392752483739
20230608094407550,6.34,6.33,6.325392752483739
20230608094407720,6.34,6.33,6.325392752483739
20230608094407860,6.34,6.33,6.325392752483739
20230608094408160,6.34,6.33,6.325392752483739
20230608094408190,6.34,6.33,6.325396927474098
20230608094408220,6.34,6.33,6.325396927474098
20230608094410270,6.34,6.33,6.325396927474098
20230608094410520,6.34,6.33,6.325396927474098
20230608094410950,6.34,6.33,6.325400057151022
20230608094411400,6.34,6.33,6.325400057151022
20230608094411430,6.34,6.33,6.325400057151022
20230608094413470,6.34,6.33,6.325401100078577
20230608094413480,6.34,6.33,6.325403185486751
20230608094413750,6.34,6.33,6.325403185486751
20230608094415990,6.34,6.33,6.325403185486751
20230608094416330,6.34,6.33,6.325403185486751
20230608094419010,6.34,6.33,6.325403185486751
20230608094421380,6.34,6.33,6.325414644590351
20230608094421390,6.34,6.33,6.325414644590351
20230608094421450,6.34,6.33,6.325414644590351
20230608094421520,6.34,6.33,6.325414644590351
20230608094421710,6.34,6.33,6.325414644590351
20230608094422250,6.34,6.33,6.325414644590351
20230608094426420,6.34,6.33,6.325424006846872
20230608094426990,6.34,6.33,6.325672321929333
20230608094427020,6.34,6.33,6.325672321929333
20230608094427320,6.34,6.33,6.325701392289933
20230608094427350,6.34,6.33,6.325701392289933
20230608094429120,6.34,6.33,6.325703392794684
20230608094429160,6.34,6.33,6.325708391608392
20230608094429270,6.34,6.33,6.325708391608392
20230608094429400,6.34,6.33,6.325708391608392
20230608094429440,6.34,6.33,6.325708391608392
20230608094429530,6.34,6.33,6.325708391608392
20230608094429590,6.34,6.33,6.325708391608392
20230608094429840,6.34,6.33,6.325717380669508
20230608094431810,6.34,6.33,6.325717380669508
20230608094431940,6.34,6.33,6.325717380669508
20230608094432000,6.34,6.33,6.325717380669508
20230608094432150,6.34,6.33,6.325718378756115
20230608094432190,6.34,6.33,6.3257203745109
20230608094434640,6.34,6.33,6.325720673513589
20230608094434740,6.34,6.33,6.325720673513589
20230608094435180,6.34,6.33,6.325720673513589
20230608094435190,6.34,6.33,6.325720673513589
20230608094437540,6.34,6.33,6.325720673513589
20230608094437550,6.34,6.33,6.325720673513589
20230608094438020,6.34,6.33,6.325720673513589
20230608094438210,6.34,6.33,6.325721671091239
20230608094440270,6.34,6.33,6.325721671091239
20230608094440380,6.34,6.33,6.325722668529514
20230608094440410,6.34,6.33,6.325722668529514
20230608094440790,6.34,6.33,6.325722668529514
20230608094443280,6.34,6.33,6.325722668529514
20230608094443350,6.34,6.33,6.325731639206926
20230608094445610,6.34,6.33,6.325731639206926
20230608094446020,6.34,6.33,6.325731639206926
20230608094446130,6.34,6.33,6.32574159341426
20230608094448050,6.34,6.33,6.32574159341426
20230608094448150,6.34,6.32,6.325966430978656
20230608094448350,6.33,6.32,6.325966430978656
20230608094448360,6.33,6.32,6.325966430978656
20230608094449090,6.33,6.32,6.325975207701437
20230608094449140,6.33,6.32,6.325975207701437
20230608094451010,6.33,6.33,6.325975207701437
20230608094451380,6.33,6.33,6.325977064522507
20230608094451420,6.33,6.33,6.325977064522507
20230608094451460,6.33,6.32,6.325979449347912
20230608094451940,6.33,6.33,6.325979714153988
20230608094456540,6.33,6.33,6.325979714153988
20230608094456590,6.33,6.33,6.325979714153988
20230608094456660,6.33,6.33,6.325979714153988
20230608094456770,6.33,6.33,6.325982624720284
20230608094456780,6.33,6.32,6.325992647058824
20230608094456950,6.33,6.32,6.325992647058824
20230608094458900,6.33,6.32,6.325992647058824
20230608094459170,6.33,6.32,6.325993566598831
20230608094459250,6.33,6.32,6.325993566598831
20230608094500040,6.33,6.32,6.325993566598831
20230608094502010,6.33,6.32,6.325993566598831
20230608094502140,6.33,6.32,6.325993566598831
20230608094502220,6.33,6.32,6.325993566598831
20230608094502360,6.33,6.32,6.325993566598831
20230608094502370,6.33,6.32,6.325993566598831
20230608094502400,6.33,6.32,6.325993566598831
20230608094504230,6.33,6.32,6.325993566598831
20230608094504390,6.33,6.32,6.325993566598831
20230608094504920,6.33,6.32,6.325993566598831
20230608094505070,6.33,6.32,6.325993566598831
20230608094507290,6.33,6.32,6.325993566598831
20230608094507590,6.33,6.32,6.325993566598831
20230608094508060,6.33,6.32,6.325993566598831
20230608094508160,6.33,6.32,6.325996457622671
20230608094509990,6.33,6.32,6.325996457622671
20230608094510580,6.33,6.32,6.325996457622671
20230608094512490,6.33,6.32,6.325996457622671
20230608094512800,6.33,6.32,6.325994884575026
20230608094513020,6.33,6.32,6.325994884575026
20230608094513130,6.33,6.32,6.325994884575026
20230608094513200,6.33,6.32,6.325994884575026
20230608094513220,6.33,6.32,6.325994884575026
20230608094513260,6.33,6.32,6.325994884575026
20230608094515000,6.33,6.32,6.325994884575026
20230608094515480,6.33,6.32,6.325994884575026
20230608094518160,6.33,6.32,6.325994884575026
20230608094518170,6.33,6.32,6.325994884575026
20230608094518910,6.33,6.32,6.325994884575026
20230608094523430,6.33,6.32,6.325994884575026
20230608094524210,6.33,6.32,6.325994884575026
20230608094524340,6.33,6.32,6.325983112972902
20230608094525810,6.33,6.32,6.325985740450026
20230608094526030,6.33,6.32,6.325985740450026
20230608094526120,6.33,6.32,6.325986003008699
20230608094526170,6.33,6.32,6.325986790478682
20230608094526190,6.33,6.32,6.325986790478682
20230608094526830,6.33,6.32,6.325986790478682
20230608094529490,6.33,6.32,6.325986790478682
20230608094529600,6.33,6.32,6.325986790478682
20230608094531300,6.33,6.32,6.325986790478682
20230608094532040,6.33,6.32,6.325986790478682
20230608094532360,6.33,6.32,6.325986790478682
20230608094534000,6.33,6.32,6.325986790478682
20230608094534060,6.33,6.32,6.325986790478682
20230608094534730,6.33,6.32,6.325986790478682
20230608094536820,6.33,6.32,6.325987839958159
20230608094537150,6.33,6.32,6.325987839958159
20230608094537430,6.33,6.32,6.325987839958159
20230608094537470,6.33,6.32,6.326004297154762
20230608094537520,6.33,6.32,6.326004297154762
20230608094539360,6.33,6.32,6.326004297154762
20230608094539750,6.33,6.32,6.326004297154762
20230608094539910,6.33,6.32,6.326004297154762
20230608094540080,6.33,6.32,6.326004297154762
20230608094543020,6.33,6.32,6.326004297154762
20230608094543250,6.33,6.32,6.326004297154762
20230608094545170,6.33,6.32,6.326004297154762
20230608094545550,6.33,6.32,6.326004297154762
20230608094545670,6.33,6.32,6.326004297154762
20230608094545720,6.33,6.32,6.326004297154762
20230608094547720,6.33,6.32,6.326005337499186
20230608094547870,6.33,6.32,6.326005337499186
20230608094548190,6.33,6.32,6.326005337499186
20230608094550150,6.33,6.32,6.326005337499186
20230608094550850,6.33,6.32,6.326005337499186
20230608094553090,6.33,6.32,6.326005337499186
20230608094555630,6.33,6.32,6.326005337499186
20230608094555740,6.33,6.32,6.326005337499186
20230608094556080,6.33,6.32,6.326005337499186
20230608094556160,6.33,6.32,6.326005337499186
20230608094558260,6.33,6.32,6.326005337499186
20230608094558400,6.33,6.32,6.326005337499186
20230608094558420,6.33,6.32,6.326005337499186
20230608094558430,6.33,6.32,6.326005337499186
20230608094559060,6.33,6.32,6.326005337499186
20230608094559160,6.33,6.32,6.326005337499186
20230608094601090,6.33,6.32,6.326005337499186
20230608094601150,6.33,6.32,6.326005337499186
20230608094601230,6.33,6.32,6.326005337499186
20230608094601320,6.33,6.32,6.326005337499186
20230608094602030,6.33,6.32,6.326005337499186
20230608094602160,6.33,6.32,6.326015193818583
20230608094603590,6.33,6.32,6.326015193818583
20230608094603670,6.33,6.32,6.326015193818583
20230608094603960,6.33,6.32,6.326015193818583
20230608094604050,6.33,6.32,6.326015193818583
20230608094604180,6.33,6.32,6.326015193818583
20230608094604260,6.33,6.32,6.326015193818583
20230608094604270,6.33,6.32,6.326015193818583
20230608094607020,6.33,6.32,6.326015193818583
20230608094607170,6.33,6.32,6.326015193818583
20230608094607290,6.33,6.32,6.326015193818583
20230608094609210,6.33,6.32,6.326015193818583
20230608094609470,6.33,6.32,6.326015193818583
20230608094610190,6.33,6.32,6.326015193818583
20230608094611960,6.33,6.32,6.326015193818583
20230608094614420,6.33,6.32,6.326015193818583
20230608094614500,6.33,6.32,6.326015193818583
20230608094614600,6.33,6.32,6.326015452538631
20230608094615340,6.33,6.32,6.326022940833387
20230608094615440,6.33,6.32,6.326023971493359
20230608094617180,6.33,6.32,6.326023971493359
20230608094617220,6.33,6.32,6.326024486623049
20230608094617760,6.33,6.32,6.326024486623049
20230608094617780,6.33,6.32,6.326024744137841
20230608094618190,6.33,6.32,6.326022793498672
20230608094618230,6.33,6.32,6.326022793498672
20230608094620060,6.33,6.32,6.326022793498672
20230608094620150,6.33,6.32,6.326023051023051
20230608094620430,6.33,6.32,6.326023051023051
20230608094622570,6.33,6.32,6.326023308514082
20230608094622930,6.33,6.32,6.326023308514082
20230608094622970,6.33,6.32,6.326023308514082
20230608094623340,6.33,6.32,6.326023308514082
20230608094625200,6.33,6.32,6.326023308514082
20230608094625330,6.33,6.32,6.3260243381448635
20230608094625340,6.33,6.32,6.3260243381448635
20230608094625370,6.33,6.32,6.3260243381448635
20230608094625690,6.33,6.32,6.3260243381448635
20230608094625970,6.33,6.32,6.3260243381448635
20230608094628030,6.33,6.32,6.3260243381448635
20230608094628230,6.33,6.32,6.3260243381448635
20230608094628320,6.33,6.32,6.3260243381448635
20230608094629110,6.33,6.32,6.3260243381448635
20230608094631100,6.33,6.32,6.3260243381448635
20230608094631580,6.33,6.32,6.3260243381448635
20230608094633660,6.33,6.32,6.3260243381448635
20230608094634110,6.33,6.32,6.3260243381448635
20230608094634120,6.33,6.32,6.3260243381448635
20230608094634220,6.33,6.32,6.3260243381448635
20230608094634270,6.33,6.32,6.3260243381448635
20230608094634300,6.33,6.32,6.3260243381448635
20230608094636390,6.33,6.32,6.3260241898971605
20230608094636500,6.33,6.32,6.3260241898971605
20230608094637120,6.33,6.32,6.3260241898971605
20230608094639720,6.33,6.32,6.3260241898971605
20230608094641720,6.33,6.32,6.326023410722369
20230608094641760,6.33,6.32,6.326023410722369
20230608094641880,6.33,6.32,6.326023410722369
20230608094642620,6.33,6.32,6.326023410722369
20230608094644380,6.33,6.32,6.326023410722369
20230608094644560,6.33,6.32,6.326035460992908
20230608094645230,6.33,6.32,6.326035460992908
20230608094647000,6.33,6.32,6.326035460992908
20230608094647080,6.33,6.32,6.326035460992908
20230608094647120,6.33,6.32,6.326035716588228
20230608094647410,6.33,6.32,6.326035716588228
20230608094647500,6.33,6.32,6.326036994070637
20230608094647870,6.33,6.32,6.3259531220224865
20230608094647910,6.33,6.32,6.3259531220224865
20230608094649610,6.33,6.32,6.3259531220224865
20230608094649970,6.33,6.32,6.3259531220224865
20230608094650000,6.33,6.32,6.3259531220224865
20230608094650020,6.33,6.32,6.3259531220224865
20230608094650040,6.33,6.32,6.3259531220224865
20230608094650060,6.33,6.32,6.3259531220224865
20230608094650070,6.33,6.32,6.3259531220224865
20230608094650130,6.33,6.32,6.3259531220224865
20230608094650170,6.33,6.32,6.3259531220224865
20230608094650210,6.33,6.32,6.3259531220224865
20230608094650430,6.33,6.32,6.3259383505285145
20230608094650450,6.33,6.32,6.3259383505285145
20230608094650460,6.33,6.32,6.3259383505285145
20230608094650470,6.33,6.32,6.325940149310388
20230608094652290,6.33,6.32,6.325940149310388
20230608094652340,6.33,6.32,6.325940149310388
20230608094652350,6.33,6.32,6.325940149310388
20230608094653120,6.33,6.32,6.325940149310388
20230608094653140,6.33,6.32,6.325940149310388
20230608094653150,6.33,6.32,6.325940149310388
20230608094653170,6.33,6.32,6.325940149310388
20230608094653300,6.33,6.32,6.325940149310388
20230608094655010,6.33,6.32,6.325940149310388
20230608094655170,6.33,6.32,6.325940149310388
20230608094655230,6.33,6.32,6.325940149310388
20230608094655270,6.33,6.32,6.325940149310388
20230608094655320,6.33,6.32,6.325940149310388
20230608094656020,6.33,6.32,6.325940149310388
20230608094656050,6.33,6.32,6.325940149310388
20230608094656110,6.33,6.32,6.325940149310388
20230608094658070,6.33,6.32,6.325940149310388
20230608094658150,6.33,6.32,6.325940149310388
20230608094658270,6.33,6.32,6.325940149310388
20230608094658300,6.33,6.32,6.325940149310388
20230608094658340,6.33,6.32,6.325940149310388
20230608094658830,6.33,6.32,6.325940149310388
20230608094700440,6.33,6.32,6.325940149310388
20230608094701140,6.33,6.32,6.325940149310388
20230608094701180,6.33,6.32,6.325940149310388
20230608094701230,6.33,6.32,6.325940149310388
20230608094701240,6.33,6.32,6.325940149310388
20230608094701320,6.33,6.32,6.325940149310388
20230608094703010,6.33,6.32,6.325940149310388
20230608094703070,6.33,6.32,6.325940149310388
20230608094703120,6.33,6.32,6.325940149310388
20230608094703170,6.33,6.32,6.325940149310388
20230608094704110,6.33,6.32,6.325940149310388
20230608094704130,6.33,6.32,6.325940149310388
20230608094704140,6.33,6.31,6.325617051764285
20230608094705710,6.33,6.32,6.325617051764285
20230608094709020,6.33,6.32,6.325617051764285
20230608094709190,6.33,6.32,6.325619144238229
20230608094709200,6.33,6.32,6.325619144238229
20230608094709290,6.33,6.32,6.325619144238229
20230608094709540,6.33,6.32,6.325619144238229
20230608094709560,6.33,6.32,6.325619144238229
20230608094711120,6.33,6.32,6.325619144238229
20230608094711190,6.33,6.32,6.325619144238229
20230608094711200,6.33,6.32,6.325619144238229
20230608094711520,6.33,6.32,6.325619144238229
20230608094711760,6.33,6.32,6.325619144238229
20230608094712290,6.33,6.32,6.325619144238229
20230608094712310,6.33,6.32,6.325619144238229
20230608094713900,6.33,6.32,6.325619144238229
20230608094714040,6.33,6.32,6.325619144238229
20230608094714050,6.33,6.32,6.325619144238229
20230608094714300,6.33,6.32,6.325619144238229
20230608094716520,6.32,6.32,6.325619144238229
20230608094717080,6.32,6.32,6.325619144238229
20230608094717090,6.32,6.32,6.325616797900262
20230608094717450,6.32,6.32,6.325616462869072
20230608094717500,6.32,6.32,6.325616462869072
20230608094719220,6.32,6.32,6.325616462869072
20230608094719280,6.32,6.32,6.325616462869072
20230608094719340,6.32,6.32,6.325613114754098
20230608094719530,6.32,6.32,6.325613114754098
20230608094719720,6.32,6.32,6.325613114754098
20230608094719880,6.32,6.32,6.325613114754098
20230608094719950,6.32,6.32,6.325613114754098
20230608094720080,6.32,6.32,6.325613114754098
20230608094720110,6.32,6.32,6.325613114754098
20230608094720130,6.32,6.32,6.3256121110978665
20230608094720430,6.32,6.32,6.3256121110978665
20230608094720440,6.32,6.32,6.3256121110978665
20230608094721890,6.32,6.32,6.3256121110978665
20230608094722040,6.32,6.32,6.3256121110978665
20230608094722090,6.32,6.32,6.3256121110978665
20230608094722120,6.32,6.32,6.3256085065824745
20230608094722280,6.32,6.32,6.3256085065824745
20230608094722460,6.32,6.32,6.3256085065824745
20230608094722470,6.32,6.32,6.3256085065824745
20230608094722620,6.32,6.32,6.3256085065824745
20230608094722930,6.32,6.32,6.3256085065824745
20230608094723120,6.32,6.32,6.3256085065824745
20230608094724770,6.32,6.32,6.3256085065824745
20230608094725000,6.32,6.32,6.3256085065824745
20230608094725130,6.32,6.32,6.3256085065824745
20230608094725290,6.32,6.32,6.3256085065824745
20230608094725730,6.32,6.32,6.3256085065824745
20230608094727650,6.32,6.32,6.325597835780962
20230608094727660,6.32,6.32,6.325597835780962
20230608094727680,6.32,6.32,6.325597835780962
20230608094727780,6.32,6.32,6.325597835780962
20230608094728030,6.32,6.32,6.325597835780962
20230608094728370,6.32,6.32,6.325597835780962
20230608094728400,6.32,6.32,6.325597835780962
20230608094728470,6.32,6.32,6.325593200190204
20230608094730140,6.32,6.32,6.325593200190204
20230608094730220,6.32,6.32,6.325593200190204
20230608094730670,6.32,6.32,6.325593200190204
20230608094731000,6.32,6.32,6.325593200190204
20230608094731150,6.32,6.32,6.325593200190204
20230608094733020,6.32,6.32,6.325593200190204
20230608094733400,6.32,6.32,6.325593200190204
20230608094733410,6.32,6.32,6.325593200190204
20230608094733440,6.32,6.32,6.325593200190204
20230608094733470,6.32,6.32,6.325593200190204
20230608094735680,6.32,6.32,6.325593200190204
20230608094735950,6.32,6.32,6.325590209707123
20230608094736190,6.32,6.32,6.325583906954664
20230608094736210,6.32,6.32,6.325583906954664
20230608094736350,6.32,6.32,6.325583906954664
20230608094738100,6.32,6.32,6.325583906954664
20230608094738530,6.32,6.32,6.325583906954664
20230608094739010,6.32,6.32,6.325583906954664
20230608094739050,6.32,6.32,6.325583906954664
20230608094739310,6.32,6.32,6.325583906954664
20230608094741080,6.32,6.32,6.325583906954664
20230608094741110,6.32,6.32,6.325583906954664
20230608094741930,6.32,6.32,6.325583906954664
20230608094744180,6.32,6.32,6.325583906954664
20230608094744540,6.32,6.32,6.325583906954664
20230608094744600,6.32,6.32,6.325580926398197
20230608094746320,6.32,6.32,6.325580926398197
20230608094746370,6.32,6.32,6.325580926398197
20230608094747130,6.32,6.32,6.325580595421658
20230608094747150,6.32,6.32,6.325580595421658
20230608094747170,6.32,6.32,6.325579602727542
20230608094749030,6.32,6.32,6.325579602727542
20230608094749150,6.32,6.32,6.325579602727542
20230608094749240,6.32,6.32,6.325579602727542
20230608094749960,6.32,6.32,6.325579271907981
20230608094750010,6.32,6.32,6.325579271907981
20230608094751780,6.32,6.32,6.325579271907981
20230608094751990,6.32,6.32,6.325579271907981
20230608094752330,6.32,6.32,6.325579271907981
20230608094752400,6.32,6.32,6.325579271907981
20230608094752450,6.32,6.32,6.32557596586869
20230608094754280,6.32,6.31,6.325572663745114
20230608094754300,6.32,6.31,6.325572663745114
20230608094754960,6.32,6.31,6.325572663745114
20230608094755190,6.32,6.31,6.325572663745114
20230608094755270,6.32,6.31,6.325572663745114
20230608094757090,6.32,6.31,6.325572663745114
20230608094757110,6.32,6.31,6.325572663745114
20230608094757200,6.32,6.31,6.325572663745114
20230608094757210,6.32,6.31,6.325572663745114
20230608094757330,6.32,6.31,6.325572663745114
20230608094757850,6.32,6.31,6.325572663745114
20230608094758030,6.32,6.31,6.325572663745114
20230608094758170,6.32,6.31,6.325572663745114
20230608094759700,6.32,6.31,6.325572663745114
20230608094759940,6.32,6.31,6.325572663745114
20230608094800040,6.32,6.31,6.325572663745114
20230608094800250,6.32,6.31,6.325572663745114
20230608094800340,6.32,6.31,6.325572663745114
20230608094802410,6.32,6.31,6.325572663745114
20230608094802800,6.32,6.31,6.325572663745114
20230608094803010,6.32,6.31,6.325572663745114
20230608094803090,6.32,6.31,6.325572663745114
20230608094805200,6.32,6.31,6.325572663745114
20230608094805350,6.32,6.31,6.325572663745114
20230608094805480,6.32,6.31,6.325572663745114
20230608094805620,6.32,6.31,6.325568047337278
20230608094808800,6.32,6.31,6.325568047337278
20230608094808940,6.32,6.31,6.325568047337278
20230608094813230,6.32,6.31,6.325568047337278
20230608094814050,6.32,6.31,6.325568047337278
20230608094814180,6.32,6.31,6.325568047337278
20230608094814370,6.32,6.31,6.325568047337278
20230608094814440,6.32,6.31,6.325568047337278
20230608094816040,6.32,6.31,6.325568047337278
20230608094816350,6.32,6.31,6.325568047337278
20230608094816430,6.32,6.31,6.325568047337278
20230608094818870,6.32,6.31,6.325568047337278
20230608094818950,6.32,6.31,6.325568047337278
20230608094818970,6.32,6.31,6.325568047337278
20230608094819140,6.32,6.31,6.325568047337278
20230608094819240,6.32,6.31,6.325568047337278
20230608094819380,6.32,6.31,6.325568047337278
20230608094819470,6.32,6.31,6.325568047337278
20230608094821620,6.32,6.31,6.325568047337278
20230608094821760,6.32,6.31,6.325568047337278
20230608094822360,6.32,6.31,6.325568047337278
20230608094824330,6.32,6.31,6.325568047337278
20230608094824580,6.32,6.31,6.325568047337278
20230608094824610,6.32,6.31,6.325568047337278
20230608094825010,6.32,6.31,6.325568047337278
20230608094825150,6.32,6.31,6.325568047337278
20230608094827010,6.32,6.31,6.325568047337278
20230608094827250,6.32,6.31,6.325568047337278
20230608094829740,6.32,6.31,6.325568047337278
20230608094829970,6.32,6.31,6.325568047337278
20230608094830240,6.32,6.31,6.325568047337278
20230608094832310,6.32,6.31,6.325568047337278
20230608094832630,6.32,6.31,6.325568047337278
20230608094833220,6.32,6.31,6.325568047337278
20230608094833260,6.32,6.31,6.325568047337278
20230608094833340,6.32,6.31,6.325568047337278
20230608094835080,6.32,6.31,6.325568047337278
20230608094837680,6.32,6.31,6.325568047337278
20230608094837750,6.32,6.31,6.325568047337278
20230608094838050,6.32,6.31,6.325568047337278
20230608094838190,6.32,6.31,6.325568047337278
20230608094840270,6.32,6.31,6.325568047337278
20230608094840360,6.32,6.31,6.325568047337278
20230608094840880,6.32,6.31,6.325568047337278
20230608094841240,6.32,6.31,6.325568047337278
20230608094843080,6.32,6.31,6.325568047337278
20230608094843130,6.32,6.31,6.325568047337278
20230608094845770,6.32,6.31,6.325568047337278
20230608094845980,6.32,6.31,6.325568047337278
20230608094846390,6.32,6.31,6.325568047337278
20230608094848530,6.32,6.31,6.325568047337278
20230608094849010,6.32,6.31,6.325568047337278
20230608094849100,6.32,6.31,6.325568047337278
20230608094849210,6.32,6.31,6.325568047337278
20230608094849240,6.32,6.31,6.325568047337278
20230608094851020,6.32,6.31,6.325568047337278
20230608094851110,6.32,6.31,6.325568047337278
20230608094851210,6.32,6.31,6.325568047337278
20230608094851240,6.32,6.31,6.325568047337278
20230608094851310,6.32,6.31,6.325568047337278
20230608094851960,6.32,6.31,6.325568047337278
20230608094851990,6.32,6.31,6.325568047337278
20230608094852030,6.32,6.31,6.325568047337278
20230608094852040,6.32,6.31,6.325568047337278
20230608094853780,6.32,6.31,6.325568047337278
20230608094854000,6.32,6.31,6.325568047337278
20230608094854430,6.32,6.31,6.325568047337278
20230608094857110,6.32,6.31,6.325568047337278
20230608094857250,6.32,6.31,6.325568047337278
20230608094857430,6.32,6.31,6.325568047337278
20230608094859740,6.32,6.31,6.325568047337278
20230608094900090,6.32,6.31,6.325568047337278
20230608094900170,6.32,6.31,6.325568047337278
20230608094900310,6.32,6.31,6.325568047337278
20230608094901790,6.32,6.31,6.325568047337278
20230608094902030,6.32,6.31,6.325568047337278
20230608094902420,6.32,6.31,6.325568047337278
20230608094902470,6.32,6.31,6.325568047337278
20230608094902610,6.32,6.31,6.325568047337278
20230608094903010,6.32,6.31,6.325568047337278
20230608094903030,6.32,6.31,6.325568047337278
20230608094905090,6.32,6.31,6.325568047337278
20230608094905200,6.32,6.31,6.325568047337278
20230608094905260,6.32,6.31,6.325568047337278
20230608094905290,6.32,6.31,6.325568047337278
20230608094905550,6.32,6.31,6.325568047337278
20230608094907260,6.32,6.31,6.325568047337278
20230608094908050,6.32,6.31,6.325568047337278
20230608094908110,6.32,6.31,6.325568047337278
20230608094908160,6.32,6.31,6.325568047337278
20230608094909960,6.32,6.31,6.325568047337278
20230608094910010,6.32,6.31,6.325568047337278
20230608094910160,6.32,6.31,6.325568047337278
20230608094910310,6.32,6.31,6.325568047337278
20230608094910410,6.32,6.31,6.325568047337278
20230608094910850,6.32,6.31,6.325427635427635
20230608094911090,6.32,6.31,6.325427635427635
20230608094912730,6.32,6.31,6.325427635427635
20230608094913170,6.32,6.31,6.325427635427635
20230608094913250,6.32,6.31,6.325427635427635
20230608094915300,6.32,6.31,6.325427635427635
20230608094915550,6.32,6.31,6.325427635427635
20230608094915650,6.32,6.31,6.325427635427635
20230608094915670,6.32,6.31,6.325427635427635
20230608094916120,6.32,6.31,6.325427635427635
20230608094916150,6.32,6.31,6.325427635427635
20230608094916300,6.32,6.31,6.325427635427635
20230608094916370,6.32,6.31,6.325427635427635
20230608094916470,6.32,6.31,6.325427635427635
20230608094918210,6.32,6.31,6.325427635427635
20230608094918380,6.32,6.31,6.325427635427635
20230608094918590,6.32,6.31,6.325427635427635
20230608094918880,6.32,6.31,6.325424462114126
20230608094919010,6.32,6.31,6.325424462114126
20230608094919020,6.32,6.31,6.325424462114126
20230608094919090,6.32,6.31,6.3254208557400045
20230608094919100,6.32,6.31,6.3254208557400045
20230608094919220,6.32,6.31,6.3254208557400045
20230608094921210,6.32,6.31,6.3254208557400045
20230608094921490,6.32,6.31,6.3254208557400045
20230608094923410,6.32,6.31,6.3254208557400045
20230608094923760,6.32,6.31,6.3254208557400045
20230608094923930,6.32,6.31,6.3254208557400045
20230608094924010,6.32,6.31,6.3254208557400045
20230608094926130,6.32,6.31,6.3254208557400045
20230608094926310,6.32,6.31,6.3254208557400045
20230608094926390,6.32,6.31,6.3254208557400045
20230608094926400,6.32,6.31,6.3254208557400045
20230608094926480,6.32,6.31,6.3254208557400045
20230608094926500,6.32,6.31,6.3254208557400045
20230608094926780,6.32,6.31,6.3254208557400045
20230608094926940,6.32,6.31,6.325071967100754
20230608094926950,6.32,6.31,6.325069384958026
20230608094926960,6.32,6.31,6.325069384958026
20230608094927010,6.32,6.31,6.325069384958026
20230608094927050,6.32,6.31,6.325069384958026
20230608094927090,6.32,6.31,6.325069384958026
20230608094927100,6.32,6.31,6.325069384958026
20230608094927110,6.32,6.31,6.325069384958026
20230608094927200,6.32,6.31,6.325069384958026
20230608094927220,6.32,6.31,6.325069384958026
20230608094927320,6.32,6.31,6.325069384958026
20230608094929090,6.32,6.31,6.325069384958026
20230608094929140,6.32,6.31,6.325063312799452
20230608094929170,6.32,6.31,6.325063312799452
20230608094929180,6.32,6.31,6.325054725800935
20230608094929320,6.32,6.31,6.325054725800935
20230608094929610,6.32,6.31,6.325054725800935
20230608094929720,6.32,6.31,6.324942288106824
20230608094929740,6.32,6.3,6.324509642327345
20230608094929750,6.32,6.3,6.324475443981583
20230608094929790,6.32,6.3,6.324448517343254
20230608094929800,6.32,6.3,6.324442196215684
20230608094929810,6.32,6.3,6.324441406463608
20230608094929850,6.31,6.3,6.324427993881119
20230608094929860,6.31,6.3,6.324427993881119
20230608094929880,6.31,6.3,6.324427993881119
20230608094929910,6.31,6.3,6.324427993881119
20230608094929940,6.31,6.3,6.324427993881119
20230608094931480,6.31,6.3,6.32442405374406
20230608094931520,6.31,6.3,6.32442405374406
20230608094931610,6.31,6.3,6.32442405374406
20230608094931820,6.31,6.3,6.32442405374406
20230608094931890,6.31,6.3,6.32442405374406
20230608094932010,6.31,6.3,6.324423265974877
20230608094932020,6.31,6.3,6.324421690694627
20230608094932050,6.31,6.3,6.324411459754434
20230608094932120,6.31,6.3,6.324410673360253
20230608094932130,6.31,6.3,6.324409100829333
20230608094932150,6.31,6.3,6.324401243319882
20230608094932180,6.31,6.3,6.324386337636869
20230608094932370,6.31,6.3,6.324379287814439
20230608094932480,6.31,6.3,6.324378504927315
20230608094932490,6.31,6.3,6.324378504927315
20230608094932580,6.31,6.3,6.324378504927315
20230608094932590,6.31,6.3,6.324378504927315
20230608094934300,6.31,6.3,6.324374591770085
20230608094934430,6.31,6.3,6.324374591770085
20230608094934700,6.31,6.3,6.324278124152887
20230608094934750,6.31,6.3,6.324278124152887
20230608094934770,6.31,6.3,6.324275802254987
20230608094934850,6.31,6.3,6.324275802254987
20230608094935120,6.31,6.3,6.324272707565576
20230608094935190,6.31,6.3,6.324271160723963
20230608094935320,6.31,6.3,6.324271160723963
20230608094937000,6.31,6.3,6.324268068046376
20230608094937060,6.31,6.3,6.324268068046376
20230608094937110,6.31,6.3,6.324267295086408
20230608094937190,6.31,6.3,6.324246456778102
20230608094937320,6.31,6.3,6.32424568615784
20230608094937330,6.31,6.3,6.32424568615784
20230608094937350,6.31,6.3,6.3242441451673965
20230608094937380,6.31,6.3,6.3242441451673965
20230608094937440,6.31,6.3,6.3242441451673965
20230608094937560,6.31,6.3,6.3242441451673965
20230608094937970,6.31,6.3,6.3242441451673965
20230608094938040,6.31,6.3,6.3242441451673965
20230608094938050,6.31,6.3,6.324243374797188
20230608094938120,6.31,6.3,6.3242418343067275
20230608094940400,6.31,6.3,6.324241064186449
20230608094940490,6.31,6.3,6.324238754325259
20230608094942560,6.31,6.3,6.324234906221285
20230608094942910,6.31,6.3,6.324233367562017
20230608094942960,6.31,6.3,6.324233367562017
20230608094943000,6.31,6.3,6.324232598357112
20230608094943090,6.31,6.3,6.324231829235342
20230608094943260,6.31,6.3,6.324231829235342
20230608094943310,6.31,6.3,6.324231060196693
20230608094945100,6.31,6.3,6.324225679252417
20230608094945250,6.31,6.3,6.324224910878255
20230608094945260,6.31,6.3,6.3242241425870915
20230608094945780,6.31,6.3,6.324222606253713
20230608094945890,6.31,6.3,6.324222606253713
20230608094945940,6.31,6.3,6.324214760028073
20230608094945990,6.31,6.3,6.324213992658173
20230608094946000,6.31,6.3,6.32421322537112
20230608094946030,6.31,6.3,6.3242124581669
20230608094948210,6.31,6.3,6.324211691045501
20230608094948390,6.31,6.3,6.324202492043799
20230608094948800,6.31,6.3,6.324202492043799
20230608094948870,6.31,6.3,6.324202492043799
20230608094951010,6.31,6.3,6.324202492043799
20230608094951180,6.31,6.3,6.324202492043799
20230608094951220,6.31,6.3,6.324202492043799
20230608094951240,6.31,6.3,6.324202492043799
20230608094951250,6.31,6.3,6.324202492043799
20230608094951310,6.31,6.3,6.324202492043799
20230608094951330,6.31,6.3,6.324202492043799
20230608094951340,6.31,6.3,6.324202492043799
20230608094951380,6.31,6.3,6.324202492043799
20230608094951630,6.31,6.3,6.324202492043799
20230608094953100,6.31,6.3,6.324166576993436
20230608094953110,6.31,6.3,6.324165814816808
20230608094953170,6.31,6.3,6.324165052722186
20230608094953380,6.31,6.3,6.324165052722186
20230608094953960,6.31,6.3,6.324165052722186
20230608094956020,6.31,6.3,6.324164290709559
20230608094956030,6.31,6.3,6.3241635287789135
20230608094956120,6.31,6.3,6.3241635287789135
20230608094956130,6.31,6.3,6.324162766930235
20230608094956460,6.31,6.3,6.324162766930235
20230608094956810,6.31,6.3,6.324162766930235
20230608094957020,6.31,6.3,6.324162005163511
20230608094958610,6.31,6.3,6.324155152948766
20230608094958710,6.31,6.3,6.324129326536088
20230608094958800,6.31,6.3,6.324129326536088
20230608094959060,6.31,6.3,6.324129326536088
20230608094959080,6.31,6.3,6.324128568362309
20230608094959190,6.31,6.3,6.324128568362309
20230608094959390,6.31,6.3,6.324128568362309
20230608094959430,6.31,6.3,6.324128568362309
