timestamp,preclose,open,high,low,close,preclose_range,open_range,high_range,low_range,close_range,ask_price_0,ask_price_1,ask_price_2,ask_price_3,ask_price_4,ask_price_5,ask_price_6,ask_price_7,ask_price_8,ask_price_9,ask_volume_0,ask_volume_1,ask_volume_2,ask_volume_3,ask_volume_4,ask_volume_5,ask_volume_6,ask_volume_7,ask_volume_8,ask_volume_9,bid_price_0,bid_price_1,bid_price_2,bid_price_3,bid_price_4,bid_price_5,bid_price_6,bid_price_7,bid_price_8,bid_price_9,bid_volume_0,bid_volume_1,bid_volume_2,bid_volume_3,bid_volume_4,bid_volume_5,bid_volume_6,bid_volume_7,bid_volume_8,bid_volume_9,ask_order_num_0,ask_order_num_1,ask_order_num_2,ask_order_num_3,ask_order_num_4,ask_order_num_5,ask_order_num_6,ask_order_num_7,ask_order_num_8,ask_order_num_9,bid_order_num_0,bid_order_num_1,bid_order_num_2,bid_order_num_3,bid_order_num_4,bid_order_num_5,bid_order_num_6,bid_order_num_7,bid_order_num_8,bid_order_num_9,ask_order_stale_0,ask_order_stale_1,ask_order_stale_2,ask_order_stale_3,ask_order_stale_4,ask_order_stale_5,ask_order_stale_6,ask_order_stale_7,ask_order_stale_8,ask_order_stale_9,bid_order_stale_0,bid_order_stale_1,bid_order_stale_2,bid_order_stale_3,bid_order_stale_4,bid_order_stale_5,bid_order_stale_6,bid_order_stale_7,bid_order_stale_8,bid_order_stale_9,order_num,volume,VWAP,amount,passive_num,passive_stale_total,order_num_range,volume_range,VWAP_range,amount_range,passive_num_range,passive_stale_total_range,passive_stale_avg_range,depth
20230817093006000,6.46,6.48,6.49,6.48,6.49,6.49,6.48,6.49,6.48,6.49,5.85,6.1,6.37,6.41,6.48,6.49,6.5,6.51,6.52,6.53,16200,1100,16800,2000,800,19800,3700,3100,7000,4000,6.55,6.49,6.47,6.46,6.45,6.44,6.43,6.42,6.41,6.4,1800,900,12800,39700,57300,4100,8500,6400,17400,37500,8,42,1,5,9,2,6,2,4,3,18,3,5,6,9,2,2,2,1,2,-1,-1,-1,-1,-1,1502060.0,-1,-1,-1,-1,-1,0.0,-1,0.0,-1,-1,-1,-1,-1,-1,6,3900,6.4663157894736845,25221.0,1,1502060,0,0,-1,0.0,0,-1,-1,11782.848096224308
20230817093009000,6.46,6.46,6.46,6.46,6.46,6.48,6.47,6.48,6.46,6.46,6.46,6.47,6.48,6.49,6.5,6.51,6.52,6.53,6.54,6.55,16300,10400,500,19800,3700,3100,7000,9000,500,6600,6.46,6.45,6.44,6.43,6.42,6.41,6.4,6.39,6.38,6.37,20900,57300,4100,8500,6400,17400,37500,83100,25700,43600,8,42,1,5,9,2,6,2,4,3,18,3,5,6,9,2,2,2,1,2,0.0,-1,1050.0,1502060.0,-1,-1,-1,-1,-1,-1,1450.0,-1,-1,-1,-1,-1,-1,-1,-1,-1,29,28000,6.463571428571429,180980.0,3,1507460,23,24100,6.463029045643154,155759.0,2,5400,2700.0,17855.35088418034
20230817093012000,6.46,6.46,6.46,6.46,6.46,6.46,6.46,6.46,6.46,6.46,6.45,6.46,6.47,6.48,6.49,6.5,6.51,6.52,6.53,6.54,22000,16300,10400,500,19800,3700,3100,7000,9000,500,6.46,6.45,6.44,6.43,6.42,6.41,6.4,6.39,6.38,6.37,20900,57300,4100,8500,6400,17400,37500,83100,25700,43600,8,42,1,5,9,2,6,2,4,3,18,3,5,6,9,2,2,2,1,2,0.0,0.0,-1,1050.0,1502060.0,-1,-1,-1,-1,-1,1450.0,-1,-1,-1,-1,-1,-1,-1,-1,-1,29,28000,6.463571428571429,180980.0,3,1507460,0,0,-1,0.0,0,-1,-1,19330.6426238649
20230817093015000,6.44,6.44,6.44,6.44,6.44,6.44,6.44,6.44,6.44,6.44,6.44,6.45,6.46,6.47,6.48,6.49,6.5,6.51,6.52,6.53,28500,22000,16400,10400,500,19800,3700,3100,7000,9000,6.46,6.45,6.43,6.42,6.41,6.4,6.39,6.38,6.37,6.36,14000,50400,8500,8400,17400,37500,83100,25700,43600,10700,8,42,1,5,9,2,6,2,4,3,18,3,5,6,9,2,2,2,1,2,0.0,0.0,0.0,-1,1050.0,1502060.0,-1,-1,-1,-1,1450.0,-1,-1,-1,-1,-1,-1,-1,-1,-1,35,34900,6.458911174785101,225416.0,5,2501460,6,6900,6.44,44436.0,2,994000,497000.0,21215.479130157717
20230817093018000,6.44,6.44,6.44,6.44,6.44,6.43,6.43,6.44,6.43,6.44,6.44,6.45,6.46,6.47,6.48,6.49,6.5,6.51,6.52,6.53,20500,22000,16400,10400,500,19800,3700,3100,7000,9000,6.46,6.45,6.43,6.42,6.41,6.4,6.39,6.38,6.37,6.36,600,36800,9500,8400,17400,37500,83100,25700,43600,10700,8,42,1,5,9,2,6,2,4,3,18,10,5,6,9,2,2,2,1,2,0.0,0.0,0.0,-1,1050.0,1502060.0,-1,-1,-1,-1,1087.5,-1,1515000.0,-1,-1,-1,-1,-1,-1,-1,43,48500,6.453154639175258,312978.0,6,4016460,8,13600,6.438382352941177,87562.0,1,1515000,1515000.0,17483.721323880836
20230817093021000,6.44,6.44,6.44,6.44,6.44,6.44,6.44,6.44,6.44,6.44,6.44,6.45,6.46,6.47,6.48,6.49,6.5,6.51,6.52,6.53,29300,22000,16400,10500,500,19800,3700,3100,7000,9000,6.45,6.44,6.43,6.42,6.41,6.4,6.39,6.38,6.37,6.36,36200,200,9700,8400,17400,37500,83100,25700,43600,10700,8,42,1,5,9,2,6,2,4,3,18,11,5,6,9,2,2,2,1,2,0.0,0.0,0.0,-1,1050.0,1502060.0,-1,-1,-1,-1,-1,124250.0,1515000.0,-1,-1,-1,-1,-1,-1,-1,44,49300,6.452941176470588,318130.0,6,4016460,1,800,6.452941176470588,5152.0,0,-1,-1,20062.687191333436
20230817093024000,6.44,6.45,6.45,6.45,6.45,6.45,6.45,6.45,6.45,6.45,6.44,6.45,6.46,6.47,6.48,6.49,6.5,6.51,6.52,6.53,27500,-1600,16400,10500,500,19800,3700,3100,7000,9000,6.45,6.44,6.43,6.42,6.41,6.4,6.39,6.38,6.37,6.36,36200,16000,9700,8400,17400,37500,83100,25700,43600,10700,8,42,1,5,9,2,6,2,4,3,18,11,5,6,9,2,2,2,1,2,0.0,4153.333333333333,0.0,-1,1050.0,1502060.0,-1,-1,-1,-1,-1,124250.0,1515000.0,-1,-1,-1,-1,-1,-1,-1,46,51100,6.452837573385518,329740.0,7,4028920,2,1800,6.45,11610.0,1,12460,12460.0,18757.171021188467
20230817093027000,6.45,6.45,6.45,6.45,6.45,6.45,6.45,6.45,6.45,6.45,6.44,6.46,6.47,6.48,6.49,6.5,6.51,6.52,6.53,6.54,26600,16500,10500,500,19800,3700,3100,7000,9000,500,6.45,6.44,6.43,6.42,6.41,6.4,6.39,6.38,6.37,6.36,36200,16500,9700,8400,17400,37500,83100,25700,43600,10700,8,42,1,5,9,2,6,2,4,3,18,11,5,6,9,2,2,2,1,2,0.0,0.0,-1,1050.0,1502060.0,-1,-1,-1,-1,-1,-1,124250.0,1515000.0,-1,-1,-1,-1,-1,-1,-1,47,52000,6.452837573385518,335545.0,7,4028920,1,900,6.452837573385518,5805.0,0,-1,-1,19539.819977696352
20230817093030000,6.45,6.45,6.45,6.45,6.45,6.45,6.45,6.45,6.45,6.45,6.44,6.46,6.47,6.48,6.49,6.5,6.51,6.52,6.53,6.54,26500,20100,10500,500,19800,3700,3100,7000,9000,500,6.45,6.44,6.43,6.42,6.41,6.4,6.39,6.38,6.37,6.36,36700,5600,9700,8400,17400,37500,83100,25700,43600,10700,8,42,1,5,9,2,6,2,4,3,19,11,5,6,9,2,2,2,1,2,0.0,0.0,-1,1050.0,1502060.0,-1,-1,-1,-1,-1,-1,124250.0,1515000.0,-1,-1,-1,-1,-1,-1,-1,48,52100,6.45278310940499,336190.0,7,4028920,1,100,6.45278310940499,645.0,0,-1,-1,19141.908953321654
20230817093033000,6.45,6.44,6.44,6.44,6.44,6.44,6.44,6.44,6.44,6.44,6.44,6.45,6.46,6.47,6.48,6.49,6.5,6.51,6.52,6.53,26500,2200,20100,10500,500,19800,6700,3100,7000,9000,6.45,6.44,6.43,6.42,6.41,6.4,6.39,6.38,6.37,6.36,36000,10500,9700,8400,18300,39500,83100,25700,43600,10700,8,42,1,5,9,2,6,2,4,3,19,11,5,6,9,2,2,2,1,2,0.0,3115.0,0.0,-1,1050.0,1502060.0,-1,-1,-1,-1,-1,110777.77777777778,1515000.0,-1,-1,-1,-1,-1,-1,-1,50,52800,6.452613636363636,340698.0,8,4031920,2,700,6.44,4508.0,1,3000,3000.0,18946.761988210932
20230817093036000,6.45,6.44,6.44,6.44,6.44,6.45,6.45,6.45,6.44,6.44,6.44,6.45,6.46,6.47,6.48,6.49,6.5,6.51,6.52,6.53,26300,2500,20100,10500,500,19800,6700,3100,7000,9000,6.45,6.44,6.43,6.42,6.41,6.4,6.39,6.38,6.37,6.36,35200,39300,9700,8400,19300,39500,83100,25700,43600,10700,8,42,1,5,9,2,6,2,4,3,19,11,5,6,9,2,2,2,1,2,0.0,3115.0,0.0,-1,1050.0,1502060.0,-1,-1,-1,-1,0.0,110777.77777777778,1515000.0,-1,-1,-1,-1,-1,-1,-1,53,53700,6.45243947858473,346496.0,8,4031920,3,900,6.45243947858473,5798.0,0,-1,-1,20961.94639158834
20230817093039000,6.44,6.45,6.45,6.45,6.45,6.45,6.45,6.45,6.45,6.45,6.44,6.45,6.46,6.47,6.48,6.49,6.5,6.51,6.52,6.53,26200,10500,20100,10500,500,19800,6700,3100,7000,9000,6.45,6.44,6.43,6.42,6.41,6.4,6.39,6.38,6.37,6.36,35200,41400,9700,8400,19300,39500,83100,25700,43600,10700,8,42,1,5,9,2,6,2,4,3,19,11,5,6,9,2,2,2,1,2,0.0,3115.0,0.0,-1,1050.0,1502060.0,-1,-1,-1,-1,0.0,110777.77777777778,1515000.0,-1,-1,-1,-1,-1,-1,-1,54,53800,6.45243947858473,347141.0,8,4031920,1,100,6.45243947858473,645.0,0,-1,-1,21099.950215070894
20230817093042000,6.45,6.45,6.45,6.45,6.45,6.45,6.45,6.45,6.45,6.45,6.44,6.45,6.46,6.47,6.48,6.49,6.5,6.51,6.52,6.53,25000,16100,20100,10500,500,19800,6700,3100,7000,9000,6.45,6.44,6.43,6.42,6.41,6.4,6.39,6.38,6.37,6.36,34300,41900,9700,8400,19300,39500,83100,25700,43600,10700,8,42,1,5,9,2,6,2,4,3,19,11,5,6,9,2,2,2,1,2,0.0,3115.0,0.0,-1,1050.0,1502060.0,-1,-1,-1,-1,0.0,110777.77777777778,1515000.0,-1,-1,-1,-1,-1,-1,-1,57,55000,6.45243947858473,354881.0,8,4031920,3,1200,6.45243947858473,7740.0,0,-1,-1,22169.4798470607
20230817093045000,6.45,6.45,6.45,6.45,6.45,6.45,6.45,6.45,6.45,6.45,6.44,6.45,6.46,6.47,6.48,6.49,6.5,6.51,6.52,6.53,25000,16100,19900,10500,500,19800,6700,3100,7000,9000,6.45,6.44,6.43,6.42,6.41,6.4,6.39,6.38,6.37,6.36,35000,42000,9900,12900,19300,39500,83100,25700,43600,10700,8,42,1,5,9,2,6,2,4,3,20,13,5,6,9,2,2,2,1,2,0.0,3115.0,0.0,-1,1050.0,1502060.0,-1,-1,-1,-1,0.0,110777.77777777778,1515000.0,-1,-1,-1,-1,-1,-1,-1,57,55000,6.45243947858473,354881.0,8,4031920,0,0,-1,0.0,0,-1,-1,22419.726780309065
20230817093048000,6.45,6.45,6.45,6.45,6.45,6.45,6.45,6.45,6.45,6.45,6.44,6.45,6.46,6.47,6.48,6.49,6.5,6.51,6.52,6.53,23100,13600,19900,10500,500,19800,6700,3100,7000,9000,6.45,6.44,6.43,6.42,6.41,6.4,6.39,6.38,6.37,6.36,30900,41900,9900,12900,19300,40500,83600,25700,43600,10700,8,42,1,5,9,2,6,2,4,3,22,13,5,6,9,2,2,2,1,2,0.0,2492.0,0.0,-1,1050.0,1502060.0,-1,-1,-1,-1,0.0,110777.77777777778,1515000.0,-1,-1,-1,-1,-1,-1,-1,59,59400,6.45243947858473,383261.0,8,4031920,2,4400,6.45243947858473,28380.0,0,-1,-1,22391.35932770432
20230817093051000,6.45,6.45,6.45,6.45,6.45,6.45,6.45,6.45,6.45,6.45,6.44,6.45,6.46,6.47,6.48,6.49,6.5,6.51,6.52,6.53,23100,13600,19900,10500,500,19800,6700,3100,7000,9000,6.45,6.44,6.43,6.42,6.41,6.4,6.39,6.38,6.37,6.36,31400,41900,9900,12900,19300,41500,83600,25700,43600,10700,8,42,1,5,9,2,6,2,4,3,22,13,5,6,9,2,2,2,1,2,0.0,2492.0,0.0,-1,1050.0,1502060.0,-1,-1,-1,-1,0.0,110777.77777777778,1515000.0,-1,-1,-1,-1,-1,-1,-1,59,59400,6.45243947858473,383261.0,8,4031920,0,0,-1,0.0,0,-1,-1,21620.837979926717
20230817093054000,6.45,6.45,6.45,6.45,6.45,6.45,6.45,6.45,6.45,6.45,6.44,6.45,6.46,6.47,6.48,6.49,6.5,6.51,6.52,6.53,19500,13600,19900,10400,500,19800,6700,3100,7000,9000,6.45,6.44,6.43,6.42,6.41,6.4,6.39,6.38,6.37,6.36,27800,41900,9900,12900,19300,41600,83600,25700,43600,10700,8,42,1,5,9,2,6,2,4,3,23,13,5,6,9,2,2,2,1,2,0.0,1780.0,0.0,-1,1050.0,1502060.0,-1,-1,-1,-1,0.0,110777.77777777778,1515000.0,-1,-1,-1,-1,-1,-1,-1,61,63000,6.45243947858473,406481.0,8,4031920,2,3600,6.45243947858473,23220.0,0,-1,-1,20842.266409112635
20230817093057000,6.44,6.45,6.45,6.45,6.45,6.44,6.44,6.45,6.44,6.45,6.44,6.45,6.46,6.47,6.48,6.49,6.5,6.51,6.52,6.53,10100,14500,20100,10400,500,19800,6700,3100,7000,9000,6.45,6.44,6.43,6.42,6.41,6.4,6.39,6.38,6.37,6.36,17900,41400,9900,12900,19300,41600,83600,25700,43600,10700,8,42,1,5,9,2,6,2,4,3,23,13,5,6,9,2,2,2,1,2,0.0,1780.0,0.0,-1,1050.0,1502060.0,-1,-1,-1,-1,0.0,110777.77777777778,1515000.0,-1,-1,-1,-1,-1,-1,-1,63,72900,6.451984251968504,470331.0,8,4031920,2,9900,6.451984251968504,63850.0,0,-1,-1,18009.967938505655
20230817093100000,6.45,6.45,6.45,6.45,6.45,6.45,6.45,6.45,6.45,6.45,6.44,6.45,6.46,6.47,6.48,6.49,6.5,6.51,6.52,6.53,9200,13800,20100,10400,500,19800,6700,3100,7000,9000,6.45,6.44,6.43,6.42,6.41,6.4,6.39,6.38,6.37,6.36,17900,41400,9900,12900,19300,41600,83600,25700,43600,10700,8,42,1,5,9,2,6,2,4,3,23,13,5,6,9,2,2,2,1,2,0.0,1992.5,0.0,-1,1050.0,1502060.0,-1,-1,-1,-1,0.0,110777.77777777778,1515000.0,-1,-1,-1,-1,-1,-1,-1,65,73800,6.451707317073171,476136.0,9,4035400,2,900,6.45,5805.0,1,3480,3480.0,18483.781065795763
20230817093103000,6.45,6.45,6.45,6.45,6.45,6.45,6.45,6.45,6.45,6.45,6.44,6.45,6.46,6.47,6.48,6.49,6.5,6.51,6.52,6.53,5000,13400,23500,10400,500,19800,6700,3100,7000,9000,6.45,6.44,6.43,6.42,6.41,6.4,6.39,6.38,6.37,6.36,13700,41400,9900,12900,19300,41600,83600,25700,43600,10700,8,42,1,5,9,2,6,2,4,3,23,13,5,6,9,2,2,2,1,2,0.0,1594.0,0.0,-1,1050.0,1502060.0,-1,-1,-1,-1,0.0,110777.77777777778,1515000.0,-1,-1,-1,-1,-1,-1,-1,67,77600,6.451707317073171,500646.0,9,4035400,2,3800,6.451707317073171,24510.0,0,-1,-1,17830.562967978334
20230817093106000,6.45,6.45,6.45,6.45,6.45,6.45,6.45,6.45,6.45,6.45,6.44,6.45,6.46,6.47,6.48,6.49,6.5,6.51,6.52,6.53,5000,13400,23500,10400,500,19800,6700,3100,7000,9000,6.45,6.44,6.43,6.42,6.41,6.4,6.39,6.38,6.37,6.36,13700,41400,9900,12900,19300,41600,83600,25700,43600,10700,8,42,1,5,9,2,6,2,4,3,23,13,5,6,9,2,2,2,1,2,0.0,1594.0,0.0,-1,1050.0,1502060.0,-1,-1,-1,-1,0.0,110777.77777777778,1515000.0,-1,-1,-1,-1,-1,-1,-1,67,77600,6.451707317073171,500646.0,9,4035400,0,0,-1,0.0,0,-1,-1,17830.562967978334
20230817093109000,6.45,6.45,6.45,6.45,6.45,6.45,6.45,6.45,6.45,6.45,6.44,6.45,6.46,6.47,6.48,6.49,6.5,6.51,6.52,6.53,4900,13300,23500,10400,500,19800,6700,3100,7000,9000,6.45,6.44,6.43,6.42,6.41,6.4,6.39,6.38,6.37,6.36,14100,42400,9900,12900,19300,41600,83600,25700,43600,10700,8,42,1,5,9,2,6,2,4,3,26,13,5,6,9,2,2,2,1,2,0.0,1449.090909090909,0.0,-1,1050.0,1502060.0,-1,-1,-1,-1,0.0,110777.77777777778,1515000.0,-1,-1,-1,-1,-1,-1,-1,69,77800,6.451707317073171,501936.0,9,4035400,2,200,6.451707317073171,1290.0,0,-1,-1,17807.56233073124
20230817093112000,6.45,6.45,6.45,6.45,6.45,6.45,6.45,6.45,6.45,6.45,6.45,6.46,6.47,6.48,6.49,6.5,6.51,6.52,6.53,6.54,17000,39700,10400,500,19800,6700,3100,7000,9000,500,6.45,6.44,6.43,6.42,6.41,6.4,6.39,6.38,6.37,6.36,5900,42400,10900,12900,19300,41600,83600,25700,43600,10700,8,42,1,5,9,2,6,2,4,3,23,14,5,6,9,2,2,2,1,2,1226.1538461538462,0.0,-1,1050.0,1502060.0,-1,-1,-1,-1,-1,1639.2857142857142,110777.77777777778,1515000.0,-1,-1,-1,-1,-1,-1,-1,81,91400,6.451378555798687,589656.0,19,4058350,12,13600,6.45,87720.0,10,22950,2295.0,19523.642862832567
20230817093115000,6.45,6.44,6.44,6.44,6.44,6.44,6.44,6.44,6.44,6.44,6.45,6.46,6.47,6.48,6.49,6.5,6.51,6.52,6.53,6.54,17000,39700,10400,500,19800,6700,3100,7000,9000,500,6.45,6.44,6.43,6.42,6.41,6.4,6.39,6.38,6.37,6.36,5600,42100,11300,12900,19300,41600,83600,25700,43600,10700,8,42,1,5,9,2,6,2,4,3,23,15,5,6,9,2,2,2,1,2,1226.1538461538462,0.0,-1,1050.0,1502060.0,-1,-1,-1,-1,-1,1639.2857142857142,110777.77777777778,1515000.0,-1,-1,-1,-1,-1,-1,-1,83,91700,6.4513413304253,591588.0,19,4058350,2,300,6.4513413304253,1932.0,0,-1,-1,17903.244981679145
20230817093118000,6.44,6.45,6.45,6.45,6.45,6.45,6.45,6.45,6.45,6.45,6.45,6.46,6.47,6.48,6.49,6.5,6.51,6.52,6.53,6.54,18600,40600,10400,500,19800,6700,3100,7000,9000,500,6.45,6.44,6.43,6.42,6.41,6.4,6.39,6.38,6.37,6.36,5400,42100,11300,12900,19300,41600,83600,25700,43600,10700,8,42,1,5,9,2,6,2,4,3,23,15,5,6,9,2,2,2,1,2,1226.1538461538462,0.0,-1,1050.0,1502060.0,-1,-1,-1,-1,-1,1639.2857142857142,110777.77777777778,1515000.0,-1,-1,-1,-1,-1,-1,-1,84,91900,6.4513413304253,592878.0,19,4058350,1,200,6.4513413304253,1290.0,0,-1,-1,19985.03564600924
20230817093121000,6.44,6.45,6.45,6.45,6.45,6.45,6.45,6.45,6.45,6.45,6.45,6.46,6.47,6.48,6.49,6.5,6.51,6.52,6.53,6.54,19000,40600,10400,500,19800,6700,3100,7000,9000,500,6.45,6.44,6.43,6.42,6.41,6.4,6.39,6.38,6.37,6.36,5400,51500,11300,13900,18400,41600,83600,25700,43600,10700,8,42,1,5,9,2,6,2,4,3,23,15,5,6,9,2,2,2,1,2,1226.1538461538462,0.0,-1,1050.0,1502060.0,-1,-1,-1,-1,-1,1639.2857142857142,110777.77777777778,1515000.0,-1,-1,-1,-1,-1,-1,-1,84,91900,6.4513413304253,592878.0,19,4058350,0,0,-1,0.0,0,-1,-1,20933.976222717858
20230817093124000,6.44,6.44,6.44,6.44,6.44,6.44,6.44,6.44,6.44,6.44,6.44,6.45,6.46,6.47,6.48,6.49,6.5,6.51,6.52,6.53,61800,19100,40600,10400,500,19800,6700,3100,7000,9000,6.44,6.43,6.42,6.41,6.4,6.39,6.38,6.37,6.36,6.35,46700,11300,13900,18400,41600,83600,25700,43600,10700,8100,8,42,1,5,9,2,6,2,4,3,23,15,5,6,9,2,2,2,1,2,0.0,1226.1538461538462,0.0,-1,1050.0,1502060.0,-1,-1,-1,-1,90794.54545454546,1515000.0,-1,-1,-1,-1,-1,-1,-1,-1,91,104300,6.4499904122722915,672734.0,20,4060090,7,12400,6.44,79856.0,1,1740,1740.0,29791.300581487976
20230817093127000,6.44,6.44,6.44,6.44,6.44,6.44,6.44,6.44,6.44,6.44,6.44,6.45,6.46,6.47,6.48,6.49,6.5,6.51,6.52,6.53,61900,19100,40600,10400,500,19800,6700,3100,7000,9000,6.44,6.43,6.42,6.41,6.4,6.39,6.38,6.37,6.36,6.35,46700,11800,13900,18400,41600,83600,25700,43600,10700,8100,8,42,1,5,9,2,6,2,4,3,23,15,5,6,9,2,2,2,1,2,0.0,1226.1538461538462,0.0,-1,1050.0,1502060.0,-1,-1,-1,-1,83228.33333333333,1515000.0,-1,-1,-1,-1,-1,-1,-1,-1,92,105300,6.449895536562203,679174.0,20,4060090,1,1000,6.449895536562203,6440.0,0,-1,-1,28885.07547395253
20230817093130000,6.44,6.44,6.44,6.44,6.44,6.43,6.43,6.44,6.43,6.44,6.44,6.45,6.46,6.47,6.48,6.49,6.5,6.51,6.52,6.53,65900,19100,40600,10400,500,19800,6700,3100,7000,9000,6.44,6.43,6.42,6.41,6.4,6.39,6.38,6.37,6.36,6.35,43200,8300,13900,18400,41600,83600,25700,43600,10700,8100,8,42,1,5,9,2,6,2,4,3,23,16,5,6,9,2,2,2,1,2,0.0,1226.1538461538462,0.0,-1,1050.0,1502060.0,-1,-1,-1,-1,76826.15384615384,1515000.0,-1,-1,-1,-1,-1,-1,-1,-1,95,110700,6.449096657633243,713915.0,20,4060090,3,5400,6.449096657633243,34741.0,0,-1,-1,28880.47534650311
20230817093133000,6.44,6.44,6.44,6.44,6.44,6.44,6.44,6.44,6.44,6.44,6.44,6.45,6.46,6.47,6.48,6.49,6.5,6.51,6.52,6.53,65800,19100,40600,10400,500,19800,6700,3100,7000,9000,6.44,6.43,6.42,6.41,6.4,6.39,6.38,6.37,6.36,6.35,43200,9100,13900,18400,41600,83600,25700,43600,10700,13100,8,43,1,5,9,2,6,2,4,3,23,17,5,6,9,2,2,2,1,2,0.0,1226.1538461538462,0.0,-1,1050.0,1502060.0,-1,-1,-1,-1,71338.57142857143,1515000.0,-1,-1,-1,-1,-1,-1,-1,-1,97,111700,6.449015219337511,720355.0,20,4060090,2,1000,6.449015219337511,6440.0,0,-1,-1,29064.48044447985
20230817093136000,6.44,6.44,6.44,6.44,6.44,6.44,6.44,6.44,6.44,6.44,6.44,6.45,6.46,6.47,6.48,6.49,6.5,6.51,6.52,6.53,62900,19100,39800,10400,500,19800,6700,3100,7000,9000,6.44,6.43,6.42,6.41,6.4,6.39,6.38,6.37,6.36,6.35,43200,9100,13900,18400,41600,83600,25700,43600,10700,13100,8,43,1,5,9,2,6,2,4,3,23,17,5,6,9,2,2,2,1,2,0.0,1226.1538461538462,0.0,-1,1050.0,1502060.0,-1,-1,-1,-1,62421.25,1515000.0,-1,-1,-1,-1,-1,-1,-1,-1,100,114600,6.448787085514835,739031.0,20,4060090,3,2900,6.448787085514835,18676.0,0,-1,-1,28632.068464234515
20230817093139000,6.44,6.44,6.44,6.44,6.44,6.44,6.44,6.44,6.44,6.44,6.44,6.45,6.46,6.47,6.48,6.49,6.5,6.51,6.52,6.53,62700,19100,39800,10400,500,19800,6700,3100,8000,9000,6.44,6.43,6.42,6.41,6.4,6.39,6.38,6.37,6.36,6.35,43200,9100,13900,18400,41600,83600,25700,43300,10700,13100,8,43,1,5,9,2,6,2,4,3,23,17,5,6,9,2,2,2,1,2,0.0,1226.1538461538462,0.0,-1,1050.0,1502060.0,-1,-1,-1,-1,55485.555555555555,1515000.0,-1,-1,-1,-1,-1,-1,-1,-1,102,114800,6.4487717770034845,740319.0,20,4060090,2,200,6.4487717770034845,1288.0,0,-1,-1,28623.78823482556
20230817093142000,6.44,6.43,6.43,6.43,6.43,6.43,6.43,6.43,6.43,6.43,6.44,6.45,6.46,6.47,6.48,6.49,6.5,6.51,6.52,6.53,63700,19100,39800,10400,500,19800,6700,3100,8000,9000,6.44,6.43,6.42,6.41,6.4,6.39,6.38,6.37,6.36,6.35,43100,9600,13900,18400,41600,83600,25700,43300,10700,13100,8,43,1,5,9,2,6,2,4,3,23,18,5,6,9,2,2,2,1,2,0.0,1226.1538461538462,0.0,-1,1050.0,1502060.0,-1,-1,-1,-1,55485.555555555555,1515000.0,-1,-1,-1,-1,-1,-1,-1,-1,103,114900,6.4487717770034845,740962.0,20,4060090,1,100,6.4487717770034845,643.0,0,-1,-1,28729.591166162183
20230817093145000,6.43,6.44,6.44,6.44,6.44,6.44,6.44,6.44,6.44,6.44,6.44,6.45,6.46,6.47,6.48,6.49,6.5,6.51,6.52,6.53,69200,19100,39800,10400,500,19800,6700,3100,8000,9000,6.44,6.43,6.42,6.41,6.4,6.39,6.38,6.37,6.36,6.35,42200,20600,13900,13400,41600,83600,25700,44300,10700,13100,8,43,1,5,9,2,6,2,4,3,23,21,5,6,10,2,2,2,1,2,2267.0588235294117,1226.1538461538462,0.0,-1,1050.0,1502060.0,-1,-1,-1,-1,55485.555555555555,1515000.0,-1,-1,-1,-1,-1,-1,-1,-1,106,115800,6.448687392055268,746758.0,22,4098630,3,900,6.44,5796.0,2,38540,19270.0,30226.93265094791
20230817093148000,6.43,6.44,6.44,6.44,6.44,6.44,6.44,6.44,6.44,6.44,6.44,6.45,6.46,6.47,6.48,6.49,6.5,6.51,6.52,6.53,69200,19100,39800,10400,500,19800,6700,3100,8000,9000,6.44,6.43,6.42,6.41,6.4,6.39,6.38,6.37,6.36,6.35,42200,20600,13900,13400,41600,83600,25700,44300,10700,13100,8,43,1,5,9,2,6,2,4,3,23,21,5,6,10,2,2,2,1,2,2267.0588235294117,1226.1538461538462,0.0,-1,1050.0,1502060.0,-1,-1,-1,-1,55485.555555555555,1515000.0,-1,-1,-1,-1,-1,-1,-1,-1,106,115800,6.448687392055268,746758.0,22,4098630,0,0,-1,0.0,0,-1,-1,30226.93265094791
20230817093151000,6.44,6.43,6.43,6.43,6.43,6.43,6.43,6.43,6.43,6.43,6.44,6.45,6.46,6.47,6.48,6.49,6.5,6.51,6.52,6.53,70400,19100,39800,10400,500,19800,6700,3100,8000,9000,6.43,6.42,6.41,6.4,6.39,6.38,6.37,6.36,6.35,6.33,500,13900,15400,41600,83600,25700,44300,10700,13100,21300,8,43,1,5,9,2,6,2,4,3,23,21,5,6,10,2,2,2,1,2,2267.0588235294117,1226.1538461538462,0.0,-1,1050.0,1502060.0,-1,-1,-1,-1,823220.0,-1,-1,-1,-1,-1,-1,-1,-1,-1,108,165100,6.444611748818366,1063757.0,23,4230070,2,49300,6.43,316999.0,1,131440,131440.0,28642.10809303807
20230817093154000,6.44,6.44,6.44,6.44,6.44,6.44,6.44,6.44,6.44,6.44,6.44,6.45,6.46,6.47,6.48,6.49,6.5,6.51,6.52,6.53,69200,19100,39800,10400,500,19800,7100,3100,8000,9000,6.43,6.42,6.41,6.4,6.39,6.38,6.37,6.36,6.35,6.33,500,13900,15400,41900,83600,25700,44300,10700,13100,21300,8,43,1,5,9,2,6,2,4,3,23,22,5,6,10,2,2,2,1,2,2267.0588235294117,1226.1538461538462,0.0,-1,1050.0,1502060.0,-1,-1,-1,-1,823220.0,-1,-1,-1,-1,-1,-1,-1,-1,-1,110,166500,6.444611748818366,1072773.0,23,4230070,2,1400,6.444611748818366,9016.0,0,-1,-1,26642.241516648075
20230817093157000,6.43,6.43,6.43,6.43,6.43,6.43,6.43,6.44,6.43,6.43,6.44,6.45,6.46,6.47,6.48,6.49,6.5,6.51,6.52,6.53,68300,19100,39800,10400,500,19800,7100,3100,8000,9000,6.43,6.42,6.41,6.4,6.39,6.38,6.37,6.36,6.35,6.33,1000,13900,15400,41900,83600,25700,44300,10700,13100,21300,8,43,1,5,9,2,6,2,4,3,23,21,5,6,10,2,2,2,1,2,2267.0588235294117,1226.1538461538462,0.0,-1,1050.0,1502060.0,-1,-1,-1,-1,556953.3333333334,-1,-1,-1,-1,-1,-1,-1,-1,-1,115,173200,6.442678260869565,1115863.0,24,4254490,5,6700,6.431343283582089,43090.0,1,24420,24420.0,28382.660904890865
20230817093200000,6.43,6.43,6.43,6.43,6.43,6.43,6.43,6.43,6.43,6.43,6.44,6.45,6.46,6.47,6.48,6.49,6.5,6.51,6.52,6.53,68400,19100,39800,10400,500,19800,7100,3100,8000,9000,6.43,6.42,6.41,6.4,6.39,6.38,6.37,6.36,6.35,6.33,700,23900,15400,41900,83800,25700,44300,10700,13100,21300,8,43,1,5,9,2,6,2,4,3,23,21,5,6,10,2,2,2,1,2,2267.0588235294117,1226.1538461538462,0.0,-1,1050.0,1502060.0,-1,-1,-1,-1,422387.5,-1,-1,-1,-1,-1,-1,-1,-1,-1,117,173500,6.44261973456434,1117792.0,25,4273180,2,300,6.43,1929.0,1,18690,18690.0,27248.144017842915
20230817093203000,6.44,6.44,6.44,6.44,6.44,6.43,6.43,6.44,6.43,6.44,6.44,6.45,6.46,6.47,6.48,6.49,6.5,6.51,6.52,6.53,67400,19100,39800,10400,500,19800,7100,3100,8000,9000,6.42,6.41,6.4,6.39,6.38,6.37,6.36,6.35,6.33,6.32,24900,15400,43900,83800,30700,44300,10700,13100,21300,1000,8,43,1,5,9,2,6,2,4,3,23,20,5,6,10,2,2,2,1,2,2267.0588235294117,1226.1538461538462,0.0,-1,1050.0,1502060.0,-1,-1,-1,-1,-1,-1,-1,-1,-1,-1,-1,-1,-1,-1,124,178600,6.442328072153326,1150597.0,26,4331610,7,5100,6.432352941176471,32805.0,1,58430,58430.0,29573.436753226062
20230817093206000,6.43,6.43,6.43,6.43,6.43,6.44,6.44,6.44,6.43,6.43,6.43,6.44,6.45,6.46,6.47,6.48,6.49,6.5,6.51,6.52,10500,67500,19100,39800,10400,500,19800,7100,3100,8000,6.42,6.41,6.4,6.39,6.38,6.37,6.36,6.35,6.33,6.32,30500,25400,43900,83800,30700,44300,10700,13100,21300,1000,8,43,1,5,9,2,6,2,4,3,23,16,5,6,10,2,2,2,1,2,0.0,2267.0588235294117,1226.1538461538462,0.0,-1,1050.0,1502060.0,-1,-1,-1,-1,-1,-1,-1,-1,-1,-1,-1,-1,-1,136,199300,6.4410787757150025,1283707.0,32,4548840,12,20700,6.430434782608696,133110.0,6,217230,36205.0,27590.47614306197
20230817093209000,6.43,6.43,6.43,6.43,6.43,6.43,6.43,6.43,6.43,6.43,6.43,6.44,6.45,6.46,6.47,6.48,6.49,6.5,6.51,6.52,8500,68400,19100,39800,10400,500,19800,7100,3100,8000,6.42,6.41,6.4,6.39,6.38,6.37,6.36,6.35,6.33,6.32,31000,25400,43900,83800,30700,44300,12300,13100,21300,1000,8,43,1,5,9,2,6,2,4,3,23,16,5,6,10,2,2,2,1,2,20.0,2267.0588235294117,1226.1538461538462,0.0,-1,1050.0,1502060.0,-1,-1,-1,-1,-1,-1,-1,-1,-1,-1,-1,-1,-1,140,201300,6.440968703427719,1296567.0,33,4549080,4,2000,6.43,12860.0,1,240,240.0,27501.540345706548
20230817093212000,6.43,6.43,6.43,6.43,6.43,6.42,6.42,6.43,6.42,6.43,6.43,6.44,6.45,6.46,6.47,6.48,6.49,6.5,6.51,6.52,6000,67700,19100,39800,10400,500,19800,7100,3100,8000,6.43,6.42,6.41,6.4,6.39,6.38,6.37,6.36,6.35,6.33,28900,38700,25400,43900,83800,30700,44300,12300,13600,21300,8,43,1,5,9,2,6,2,4,3,23,20,5,6,10,2,2,2,1,2,20.0,2267.0588235294117,1226.1538461538462,0.0,-1,1050.0,1502060.0,-1,-1,-1,109178.33333333333,-1,-1,-1,-1,-1,-1,-1,-1,-1,143,204200,6.440968703427719,1315210.0,33,4549080,3,2900,6.440968703427719,18643.0,0,-1,-1,27854.26059423291
20230817093215000,6.43,6.43,6.43,6.43,6.43,6.43,6.43,6.43,6.43,6.43,6.43,6.44,6.45,6.46,6.47,6.48,6.49,6.5,6.51,6.52,6000,67700,19100,39800,10400,500,19800,7100,3100,8000,6.43,6.42,6.41,6.4,6.39,6.38,6.37,6.36,6.35,6.33,28900,42800,25600,43900,83800,30700,44300,12300,13600,21300,8,43,1,5,9,2,6,2,4,3,23,20,5,6,10,2,2,2,1,2,20.0,2267.0588235294117,1226.1538461538462,0.0,-1,1050.0,1502060.0,-1,-1,-1,109178.33333333333,-1,-1,-1,-1,-1,-1,-1,-1,-1,143,204200,6.440968703427719,1315210.0,33,4549080,0,0,-1,0.0,0,-1,-1,27987.204277521105
20230817093218000,6.45,6.44,6.44,6.44,6.44,6.44,6.44,6.45,6.44,6.44,6.43,6.44,6.45,6.46,6.47,6.48,6.49,6.5,6.51,6.52,500,64000,22500,39800,10400,1000,19800,7100,3100,8000,6.43,6.42,6.41,6.4,6.39,6.38,6.37,6.36,6.35,6.33,29400,42800,25600,43900,83800,30700,44300,12300,13600,21300,8,43,1,5,9,2,6,2,4,3,23,25,5,6,10,2,2,2,1,2,20.0,2141.1111111111113,14039.333333333334,0.0,-1,1050.0,1502060.0,-1,-1,-1,109178.33333333333,-1,-1,-1,-1,-1,-1,-1,-1,-1,150,209700,6.440891750119218,1350655.0,36,4743780,7,5500,6.444545454545454,35445.0,3,194700,64900.0,27375.38732674844
20230817093221000,6.45,6.45,6.45,6.45,6.45,6.45,6.45,6.45,6.45,6.45,6.44,6.45,6.46,6.47,6.48,6.49,6.5,6.51,6.52,6.53,62000,20500,39800,10400,1000,19800,7100,3100,8000,9000,6.44,6.43,6.42,6.41,6.4,6.39,6.38,6.37,6.36,6.35,200,41000,42800,25600,43900,83800,30700,44300,12300,13600,8,43,1,5,9,2,6,2,4,3,23,30,5,6,10,2,2,2,1,2,2141.1111111111113,14039.333333333334,0.0,-1,1050.0,1502060.0,-1,-1,-1,-1,43425.65217391304,109178.33333333333,-1,-1,-1,-1,-1,-1,-1,-1,152,212200,6.440891750119218,1366780.0,36,4743780,2,2500,6.440891750119218,16125.0,0,-1,-1,27279.691731718973
20230817093224000,6.44,6.44,6.44,6.44,6.44,6.45,6.45,6.45,6.44,6.44,6.44,6.45,6.46,6.47,6.48,6.49,6.5,6.51,6.52,6.53,58800,17800,39800,10400,1000,19800,7100,3100,8000,9000,6.44,6.43,6.42,6.41,6.4,6.39,6.38,6.37,6.36,6.35,6800,51800,41900,25600,43900,83800,30700,44300,12300,13600,8,43,1,5,9,2,6,2,4,3,23,32,5,6,10,2,2,2,1,2,2141.1111111111113,14039.333333333334,0.0,-1,1050.0,1502060.0,-1,-1,-1,-1,38513.46153846154,109178.33333333333,-1,-1,-1,-1,-1,-1,-1,-1,160,215600,6.44110853432282,1388703.0,38,4746340,8,3400,6.4479411764705885,21923.0,2,2560,1280.0,29747.48386968297
20230817093227000,6.44,6.45,6.45,6.45,6.45,6.45,6.45,6.45,6.45,6.45,6.44,6.45,6.46,6.47,6.48,6.49,6.5,6.51,6.52,6.53,58000,17000,39800,10400,1000,19800,7100,3100,8000,9000,6.44,6.43,6.42,6.41,6.4,6.39,6.38,6.37,6.36,6.35,8000,53800,41900,25600,45400,83800,30700,44300,12300,13600,8,43,1,5,9,2,6,2,4,3,23,33,5,6,10,2,2,2,1,2,2141.1111111111113,14039.333333333334,0.0,-1,1050.0,1502060.0,-1,-1,-1,-1,38513.46153846154,109178.33333333333,-1,-1,-1,-1,-1,-1,-1,-1,161,216400,6.441141404805915,1393863.0,38,4746340,1,800,6.441141404805915,5160.0,0,-1,-1,29868.401505496255
20230817093230000,6.45,6.44,6.44,6.44,6.44,6.44,6.44,6.44,6.44,6.44,6.44,6.45,6.46,6.47,6.48,6.49,6.5,6.51,6.52,6.53,58000,29500,39800,10400,1000,19800,7100,3100,8000,9000,6.44,6.43,6.42,6.41,6.4,6.39,6.38,6.37,6.36,6.35,6500,53800,41900,25600,46400,83800,30700,44300,12300,13600,8,43,1,5,9,2,6,2,4,3,23,33,5,6,10,2,2,2,1,2,2028.421052631579,14039.333333333334,0.0,-1,1050.0,1502060.0,-1,-1,-1,-1,38513.46153846154,109178.33333333333,-1,-1,-1,-1,-1,-1,-1,-1,162,217200,6.441137200736648,1399015.0,38,4746340,1,800,6.441137200736648,5152.0,0,-1,-1,31161.69447984706
20230817093233000,6.45,6.45,6.45,6.45,6.45,6.45,6.45,6.45,6.45,6.45,6.44,6.45,6.46,6.47,6.48,6.49,6.5,6.51,6.52,6.53,56100,27600,39800,10400,1000,19800,7100,3100,8000,9000,6.44,6.43,6.42,6.41,6.4,6.39,6.38,6.37,6.36,6.35,6500,53800,48900,25600,46900,83800,30700,44300,12300,13600,8,43,1,5,9,2,6,2,4,3,23,33,5,6,10,2,2,2,1,2,2028.421052631579,14039.333333333334,0.0,-1,1050.0,1502060.0,-1,-1,-1,-1,38513.46153846154,109178.33333333333,-1,-1,-1,-1,-1,-1,-1,-1,171,219100,6.441214057507987,1411270.0,38,4746340,9,1900,6.441214057507987,12255.0,0,-1,-1,30928.40230205512
20230817093236000,6.44,6.44,6.44,6.44,6.44,6.44,6.44,6.44,6.44,6.44,6.44,6.45,6.46,6.47,6.48,6.49,6.5,6.51,6.52,6.53,53200,27900,39800,10400,1000,19800,7100,3100,8000,9000,6.43,6.42,6.41,6.4,6.39,6.38,6.37,6.36,6.35,6.33,57400,48900,25600,47900,83800,50700,44300,12300,13600,21300,8,44,1,5,9,2,6,2,4,3,23,33,5,6,10,2,2,2,1,2,1927.0,14039.333333333334,0.0,-1,1050.0,1502060.0,-1,-1,-1,-1,109178.33333333333,-1,-1,-1,-1,-1,-1,-1,-1,-1,177,226500,6.4411896243291595,1458926.0,41,4773640,6,7400,6.44,47656.0,3,27300,9100.0,34365.586665604584
20230817093239000,6.44,6.43,6.43,6.43,6.43,6.44,6.44,6.44,6.43,6.43,6.44,6.45,6.46,6.47,6.48,6.49,6.5,6.51,6.52,6.53,52500,27900,39800,10400,1000,19800,7100,3100,8000,9000,6.43,6.42,6.41,6.4,6.39,6.38,6.37,6.36,6.35,6.33,55400,48900,25600,47900,83800,50700,41100,12300,13600,21300,8,44,1,5,9,2,6,2,4,3,23,34,5,6,10,2,2,2,1,2,1927.0,14039.333333333334,0.0,-1,1050.0,1502060.0,-1,-1,-1,-1,109178.33333333333,-1,-1,-1,-1,-1,-1,-1,-1,-1,179,229500,6.4410718954248365,1478226.0,41,4773640,2,3000,6.4410718954248365,19300.0,0,-1,-1,34416.18806754819
20230817093242000,6.44,6.43,6.43,6.43,6.43,6.43,6.43,6.43,6.43,6.43,6.44,6.45,6.46,6.47,6.48,6.49,6.5,6.51,6.52,6.53,52500,27900,39800,10400,1000,19800,7100,3100,8000,9000,6.43,6.42,6.41,6.4,6.39,6.38,6.37,6.36,6.35,6.33,57300,48700,25600,47900,83800,50700,41100,12300,13600,21300,8,44,1,5,9,2,6,2,4,3,23,35,5,6,10,2,2,2,1,2,1927.0,14039.333333333334,0.0,-1,1050.0,1502060.0,-1,-1,-1,-1,109178.33333333333,-1,-1,-1,-1,-1,-1,-1,-1,-1,179,229500,6.4410718954248365,1478226.0,41,4773640,0,0,-1,0.0,0,-1,-1,34492.85685837183
20230817093245000,6.44,6.44,6.44,6.44,6.44,6.44,6.44,6.44,6.44,6.44,6.44,6.45,6.46,6.47,6.48,6.49,6.5,6.51,6.52,6.53,50300,27900,39800,10400,1000,19800,7100,3100,8000,9000,6.43,6.42,6.41,6.4,6.39,6.38,6.37,6.36,6.35,6.33,57300,48700,25600,47900,83800,50700,41100,12300,13600,21300,8,44,1,5,9,2,6,2,4,3,23,35,5,6,10,2,2,2,1,2,1927.0,14039.333333333334,0.0,-1,1050.0,1502060.0,-1,-1,-1,-1,109178.33333333333,-1,-1,-1,-1,-1,-1,-1,-1,-1,181,232300,6.4410718954248365,1496258.0,41,4773640,2,2800,6.4410718954248365,18032.0,0,-1,-1,34175.44806436195
20230817093248000,6.44,6.44,6.44,6.44,6.44,6.44,6.44,6.44,6.44,6.44,6.44,6.45,6.46,6.47,6.48,6.49,6.5,6.51,6.52,6.53,48800,27900,39800,10400,1000,19800,7100,3100,8000,9000,6.43,6.42,6.41,6.4,6.39,6.38,6.37,6.36,6.35,6.33,57300,48700,25600,49900,83800,50700,41100,12300,13600,21300,8,44,1,5,9,2,6,2,4,3,23,35,5,6,10,2,2,2,1,2,1927.0,14039.333333333334,0.0,-1,1050.0,1502060.0,-1,-1,-1,-1,109178.33333333333,-1,-1,-1,-1,-1,-1,-1,-1,-1,182,233800,6.4410718954248365,1505918.0,41,4773640,1,1500,6.4410718954248365,9660.0,0,-1,-1,33991.44296638521
20230817093251000,6.44,6.44,6.44,6.44,6.44,6.44,6.44,6.44,6.44,6.44,6.44,6.45,6.46,6.47,6.48,6.49,6.5,6.51,6.52,6.53,53000,27900,39800,10400,1000,19800,7100,3100,8000,9000,6.43,6.42,6.41,6.4,6.39,6.38,6.37,6.36,6.35,6.33,57300,48700,25600,49900,83800,51700,41100,12300,13600,21300,8,44,1,5,9,2,6,2,4,3,23,35,5,6,10,2,2,2,1,2,1927.0,14039.333333333334,0.0,-1,1050.0,1502060.0,-1,-1,-1,-1,109178.33333333333,-1,-1,-1,-1,-1,-1,-1,-1,-1,184,234200,6.4410718954248365,1508494.0,41,4773640,2,400,6.4410718954248365,2576.0,0,-1,-1,30857.626055440494
20230817093254000,6.44,6.43,6.43,6.43,6.43,6.44,6.44,6.44,6.43,6.43,6.44,6.45,6.46,6.47,6.48,6.49,6.5,6.51,6.52,6.53,54500,27900,39800,10400,1000,19800,7100,3100,8000,9000,6.43,6.42,6.41,6.4,6.39,6.38,6.37,6.36,6.35,6.33,56000,49600,25600,49900,83800,51700,41100,12300,13600,21300,8,44,1,5,9,2,6,2,4,3,23,35,5,6,10,2,2,2,1,2,2530.4761904761904,14039.333333333334,0.0,-1,1050.0,1502060.0,-1,-1,-1,-1,109178.33333333333,-1,-1,-1,-1,-1,-1,-1,-1,-1,187,236400,6.440985617597293,1522649.0,42,4788240,3,2200,6.4340909090909095,14155.0,1,14600,14600.0,34382.45379958579
20230817093257000,6.44,6.44,6.44,6.44,6.44,6.43,6.43,6.44,6.43,6.44,6.44,6.45,6.46,6.47,6.48,6.49,6.5,6.51,6.52,6.53,52600,27900,39800,10400,1000,19800,7100,3100,8000,9000,6.43,6.42,6.41,6.4,6.39,6.38,6.37,6.36,6.35,6.33,55900,49600,25600,49900,85300,51700,41100,12300,13600,21300,8,44,1,5,9,2,6,2,4,3,23,35,5,6,10,2,2,2,1,2,2530.4761904761904,14039.333333333334,0.0,-1,1050.0,1502060.0,-1,-1,-1,-1,109178.33333333333,-1,-1,-1,-1,-1,-1,-1,-1,-1,190,239300,6.440980972515856,1541324.0,42,4788240,3,2900,6.440980972515856,18675.0,0,-1,-1,31014.260395093195
20230817093300000,6.44,6.43,6.43,6.43,6.43,6.44,6.44,6.44,6.43,6.43,6.43,6.44,6.45,6.46,6.47,6.48,6.49,6.5,6.51,6.52,57400,51300,27900,39800,10400,1000,19800,7100,3100,8000,6.42,6.41,6.4,6.39,6.38,6.37,6.36,6.35,6.33,6.32,49600,25600,49900,85300,51700,41100,12300,13600,21300,1000,8,45,1,5,9,2,6,2,4,3,23,26,5,6,10,2,2,2,1,2,17.142857142857142,2530.4761904761904,14039.333333333334,0.0,-1,1050.0,1502060.0,-1,-1,-1,-1,-1,-1,-1,-1,-1,-1,-1,-1,-1,201,308000,6.43898333900034,1983082.0,51,5111670,11,68700,6.430247452692868,441758.0,9,323430,35936.666666666664,35318.47120439701
20230817093303000,6.42,6.43,6.43,6.43,6.43,6.42,6.42,6.43,6.42,6.43,6.43,6.44,6.45,6.46,6.47,6.48,6.49,6.5,6.51,6.52,58400,51400,27900,40300,10400,500,19800,7100,3100,8000,6.42,6.41,6.4,6.39,6.38,6.37,6.36,6.35,6.33,6.32,49300,25600,49900,85300,51700,41100,12300,14100,21300,1000,8,46,1,5,9,2,6,2,4,3,23,26,5,6,10,2,2,2,1,2,17.142857142857142,2530.4761904761904,14039.333333333334,0.0,-1,1050.0,1502060.0,-1,-1,-1,-1,-1,-1,-1,-1,-1,-1,-1,-1,-1,203,310100,6.438516607545953,1996584.0,51,5111670,2,2100,6.438516607545953,13502.0,0,-1,-1,36370.58606818544
20230817093306000,6.43,6.43,6.43,6.43,6.43,6.43,6.43,6.43,6.43,6.43,6.43,6.44,6.45,6.46,6.47,6.48,6.49,6.5,6.51,6.52,57800,51600,27900,40300,10400,500,19800,7100,3100,8000,6.42,6.41,6.4,6.39,6.38,6.37,6.36,6.35,6.33,6.32,49300,25600,49900,85300,51700,41100,12300,14100,21300,1000,8,46,1,5,9,2,6,2,4,3,23,26,5,6,10,2,2,2,1,2,17.142857142857142,2530.4761904761904,14039.333333333334,0.0,-1,1050.0,1502060.0,-1,-1,-1,-1,-1,-1,-1,-1,-1,-1,-1,-1,-1,204,310700,6.438500160926939,2000442.0,51,5111670,1,600,6.438500160926939,3858.0,0,-1,-1,36301.584156444165
20230817093309000,6.43,6.43,6.43,6.43,6.43,6.43,6.43,6.43,6.43,6.43,6.43,6.44,6.45,6.46,6.47,6.48,6.49,6.5,6.51,6.52,56900,51600,27900,40300,10400,500,19800,7100,3100,8000,6.42,6.41,6.4,6.39,6.38,6.37,6.36,6.35,6.33,6.32,50800,25600,49900,85300,51700,41100,12300,14100,21300,1000,8,46,1,5,9,2,6,2,4,3,23,26,5,6,10,2,2,2,1,2,17.142857142857142,2530.4761904761904,14039.333333333334,0.0,-1,1050.0,1502060.0,-1,-1,-1,-1,-1,-1,-1,-1,-1,-1,-1,-1,-1,205,311600,6.438475609756098,2006229.0,51,5111670,1,900,6.438475609756098,5787.0,0,-1,-1,36195.78122510754
20230817093312000,6.42,6.43,6.43,6.43,6.43,6.42,6.42,6.43,6.42,6.43,6.43,6.44,6.45,6.46,6.47,6.48,6.49,6.5,6.51,6.52,64100,51600,27900,40300,10400,500,19800,7100,3100,8000,6.42,6.41,6.4,6.39,6.38,6.37,6.36,6.35,6.33,6.32,49700,25600,49900,86300,51700,41100,12500,14100,21300,1000,8,46,1,5,9,2,6,2,4,3,23,26,5,6,10,2,2,2,1,2,17.142857142857142,2530.4761904761904,14039.333333333334,0.0,-1,1050.0,1502060.0,-1,-1,-1,-1,-1,-1,-1,-1,-1,-1,-1,-1,-1,207,313200,6.438397190293742,2016506.0,51,5111670,2,1600,6.438397190293742,10277.0,0,-1,-1,34317.08320057353
20230817093315000,6.43,6.42,6.42,6.42,6.42,6.42,6.42,6.42,6.42,6.42,6.43,6.44,6.45,6.46,6.47,6.48,6.49,6.5,6.51,6.52,64500,51600,27900,40300,10400,500,19800,7100,3100,8000,6.42,6.41,6.4,6.39,6.38,6.37,6.36,6.35,6.33,6.32,49200,25600,49900,86300,51700,41100,13500,14100,21300,1000,8,46,1,5,9,2,6,2,4,3,23,26,5,6,10,2,2,2,1,2,17.142857142857142,2530.4761904761904,14039.333333333334,0.0,-1,1050.0,1502060.0,-1,-1,-1,-1,-1,-1,-1,-1,-1,-1,-1,-1,-1,208,313700,6.438367867389226,2019716.0,51,5111670,1,500,6.438367867389226,3210.0,0,-1,-1,32146.503106579574
20230817093318000,6.42,6.42,6.42,6.42,6.42,6.42,6.42,6.42,6.42,6.42,6.43,6.44,6.45,6.46,6.47,6.48,6.49,6.5,6.51,6.52,79200,51600,27900,40300,10400,500,19800,7100,3100,8000,6.42,6.41,6.4,6.39,6.38,6.37,6.36,6.35,6.33,6.32,49000,25600,49900,86300,51700,41100,13500,14100,21300,1000,8,46,1,5,9,2,6,2,4,3,23,26,5,6,10,2,2,2,1,2,17.142857142857142,2530.4761904761904,14039.333333333334,0.0,-1,1050.0,1502060.0,-1,-1,-1,-1,-1,-1,-1,-1,-1,-1,-1,-1,-1,209,313900,6.438367867389226,2021000.0,51,5111670,1,200,6.438367867389226,1284.0,0,-1,-1,33411.53815516966
20230817093321000,6.42,6.43,6.43,6.43,6.43,6.43,6.43,6.43,6.42,6.43,6.43,6.44,6.45,6.46,6.47,6.48,6.49,6.5,6.51,6.52,78000,57800,27900,40300,10400,500,19800,7100,3100,8000,6.42,6.41,6.4,6.39,6.38,6.37,6.36,6.35,6.33,6.32,43900,27000,49900,86300,51700,41100,13500,14100,21300,1000,8,46,1,5,9,2,6,2,4,3,23,26,5,6,10,2,2,2,1,2,17.142857142857142,2530.4761904761904,14039.333333333334,0.0,-1,1050.0,1502060.0,-1,-1,-1,276440.0,-1,-1,-1,-1,-1,-1,-1,-1,-1,214,320700,6.438019956345494,2064673.0,52,5388110,5,6800,6.4225,43673.0,1,276440,276440.0,36579.42588019755
20230817093324000,6.42,6.43,6.43,6.43,6.43,6.43,6.43,6.43,6.42,6.43,6.43,6.44,6.45,6.46,6.47,6.48,6.49,6.5,6.51,6.52,83300,57800,27900,40300,10400,500,19800,7100,3100,8000,6.42,6.41,6.4,6.39,6.38,6.37,6.36,6.35,6.33,6.32,43500,27000,50900,86300,51700,41100,13500,14100,21300,1000,8,46,1,5,9,2,6,2,4,3,23,26,5,6,10,2,2,2,1,2,17.142857142857142,2530.4761904761904,14039.333333333334,0.0,-1,1050.0,1502060.0,-1,-1,-1,276440.0,-1,-1,-1,-1,-1,-1,-1,-1,-1,218,323800,6.43793082149475,2084602.0,52,5388110,4,3100,6.43793082149475,19929.0,0,-1,-1,40055.28815516967
20230817093327000,6.43,6.43,6.43,6.43,6.43,6.42,6.42,6.43,6.42,6.43,6.43,6.44,6.45,6.46,6.47,6.48,6.49,6.5,6.51,6.52,68600,57800,27900,40300,10400,500,19800,7100,3100,8000,6.42,6.41,6.4,6.39,6.38,6.37,6.36,6.35,6.33,6.32,39300,27000,50900,86300,52300,41100,13500,14100,21300,1000,8,47,1,5,9,2,6,2,4,3,23,26,5,6,10,2,2,2,1,2,17.142857142857142,2530.4761904761904,14039.333333333334,0.0,-1,1050.0,1502060.0,-1,-1,-1,276440.0,-1,-1,-1,-1,-1,-1,-1,-1,-1,223,336000,6.437488095238095,2162996.0,52,5388110,5,12200,6.437488095238095,78394.0,0,-1,-1,38781.710012744945
20230817093330000,6.43,6.43,6.43,6.43,6.43,6.43,6.43,6.43,6.42,6.43,6.43,6.44,6.45,6.46,6.47,6.48,6.49,6.5,6.51,6.52,64000,57800,27900,40300,10400,500,19800,7100,3100,8000,6.42,6.41,6.4,6.39,6.38,6.37,6.36,6.35,6.33,6.32,11600,27000,50900,86300,52300,41100,13500,14100,21300,1000,8,47,1,5,9,2,6,2,5,3,23,26,5,6,10,2,2,2,1,2,17.142857142857142,2530.4761904761904,14039.333333333334,0.0,-1,1050.0,1502060.0,-1,-1,-1,196605.0,-1,-1,-1,-1,-1,-1,-1,-1,-1,231,370300,6.435992438563327,2383248.0,55,5898090,8,34300,6.42134110787172,220252.0,3,509980,169993.33333333334,32531.313724709253
20230817093333000,6.43,6.43,6.43,6.43,6.43,6.43,6.43,6.43,6.43,6.43,6.43,6.44,6.45,6.46,6.47,6.48,6.49,6.5,6.51,6.52,61200,57800,27900,40300,10400,500,19800,7100,3100,8000,6.42,6.41,6.4,6.39,6.38,6.37,6.36,6.35,6.33,6.32,11600,27000,50900,91300,53800,41100,13500,14100,21300,1000,8,47,1,5,9,2,6,2,5,3,23,26,5,7,10,2,2,2,1,2,17.142857142857142,2530.4761904761904,14039.333333333334,0.0,-1,1050.0,1502060.0,-1,-1,-1,196605.0,-1,-1,-1,-1,-1,-1,-1,-1,-1,233,373100,6.435947467166979,2401252.0,55,5898090,2,2800,6.435947467166979,18004.0,0,-1,-1,32393.80277202485
20230817093336000,6.43,6.43,6.43,6.43,6.43,6.43,6.43,6.43,6.43,6.43,6.43,6.44,6.45,6.46,6.47,6.48,6.49,6.5,6.51,6.52,59200,55300,27900,40300,10400,500,19800,7100,3100,8000,6.42,6.41,6.4,6.39,6.38,6.37,6.36,6.35,6.33,6.32,13900,27000,50900,91300,53800,41100,13500,14100,21300,1000,8,47,1,5,9,2,6,2,5,3,23,26,5,7,10,2,2,2,1,2,17.142857142857142,2530.4761904761904,14039.333333333334,0.0,-1,1050.0,1502060.0,-1,-1,-1,196605.0,-1,-1,-1,-1,-1,-1,-1,-1,-1,235,375100,6.435915755798454,2414112.0,55,5898090,2,2000,6.435915755798454,12860.0,0,-1,-1,33932.518519993624
20230817093339000,6.43,6.42,6.42,6.42,6.42,6.42,6.42,6.42,6.42,6.42,6.42,6.43,6.44,6.45,6.46,6.47,6.48,6.49,6.5,6.51,4700,59300,55300,27900,40300,10400,500,19800,7100,3100,6.42,6.41,6.4,6.39,6.38,6.37,6.36,6.35,6.33,6.32,3000,27000,56300,91300,53800,41100,13500,14100,21300,1000,8,47,1,5,9,2,6,2,5,3,23,26,5,7,10,2,2,2,1,2,0.0,17.142857142857142,2530.4761904761904,14039.333333333334,0.0,-1,1050.0,1502060.0,-1,-1,178778.0,-1,-1,-1,-1,-1,-1,-1,-1,-1,236,386300,6.435454310121667,2486016.0,56,6005560,1,11200,6.42,71904.0,1,107470,107470.0,29268.20336147841
20230817093342000,6.42,6.42,6.42,6.42,6.42,6.42,6.42,6.42,6.42,6.42,6.42,6.43,6.44,6.45,6.46,6.47,6.48,6.49,6.5,6.51,700,59300,55300,27900,40300,10400,500,19800,7100,3100,6.41,6.4,6.39,6.38,6.37,6.36,6.35,6.33,6.32,6.31,27000,56300,91300,53800,41100,13500,14100,21300,1000,14300,8,47,1,5,9,2,6,2,5,3,23,26,5,7,10,2,2,2,1,2,0.0,17.142857142857142,2530.4761904761904,14039.333333333334,0.0,-1,1050.0,1502060.0,-1,-1,-1,-1,-1,-1,-1,-1,-1,-1,-1,-1,246,402000,6.434850746268657,2586810.0,58,6031200,10,15700,6.42,100794.0,2,25640,12820.0,31538.897960809303
20230817093345000,6.42,6.42,6.42,6.42,6.42,6.42,6.42,6.42,6.42,6.42,6.42,6.43,6.44,6.45,6.46,6.47,6.48,6.49,6.5,6.51,700,59300,55300,34600,40300,10400,500,19800,7100,3100,6.41,6.4,6.39,6.38,6.37,6.36,6.35,6.33,6.32,6.31,27000,57400,91300,53800,41100,13500,14600,21300,1000,14300,8,47,1,5,9,2,6,2,5,3,23,26,5,7,10,2,2,2,1,2,0.0,17.142857142857142,2530.4761904761904,14039.333333333334,0.0,-1,1050.0,1502060.0,-1,-1,-1,-1,-1,-1,-1,-1,-1,-1,-1,-1,250,404500,6.434758961681088,2602860.0,60,6042150,4,2500,6.42,16050.0,2,10950,5475.0,31834.379480643616
20230817093348000,6.43,6.42,6.42,6.42,6.42,6.43,6.43,6.43,6.42,6.42,6.43,6.44,6.45,6.46,6.47,6.48,6.49,6.5,6.51,6.52,55300,55300,34600,40300,10400,500,19800,7100,3100,8000,6.42,6.41,6.4,6.39,6.38,6.37,6.36,6.35,6.33,6.32,100,27000,57400,91300,53800,41100,13500,14600,21300,1000,8,47,1,5,9,2,6,2,5,3,23,26,5,8,10,2,2,2,1,2,17.142857142857142,2530.4761904761904,14039.333333333334,0.0,-1,1050.0,1502060.0,-1,-1,-1,93832.0,-1,-1,-1,-1,-1,-1,-1,-1,-1,253,412400,6.434686355870149,2653625.0,61,6049990,3,7900,6.425949367088608,50765.0,1,7840,7840.0,36647.73876851999
20230817093351000,6.42,6.42,6.42,6.42,6.42,6.42,6.42,6.42,6.42,6.42,6.43,6.44,6.45,6.46,6.47,6.48,6.49,6.5,6.51,6.52,58300,56400,34600,40300,10400,500,19800,7100,3100,8000,6.42,6.41,6.4,6.39,6.38,6.37,6.36,6.35,6.33,6.32,5000,27500,57400,91300,54800,41100,13500,14600,21300,1000,8,48,1,5,9,2,6,2,5,3,23,26,5,8,10,2,2,2,1,2,17.142857142857142,2530.4761904761904,14039.333333333334,0.0,-1,1050.0,1502060.0,-1,-1,-1,93832.0,-1,-1,-1,-1,-1,-1,-1,-1,-1,255,417900,6.434686355870149,2688935.0,61,6049990,2,5500,6.434686355870149,35310.0,0,-1,-1,29029.785327385693
20230817093354000,6.42,6.42,6.42,6.42,6.42,6.42,6.42,6.42,6.42,6.42,6.43,6.44,6.45,6.46,6.47,6.48,6.49,6.5,6.51,6.52,59300,56400,34600,40300,10400,500,19800,7100,3100,8000,6.42,6.41,6.4,6.39,6.38,6.37,6.36,6.35,6.33,6.32,6000,27500,57400,91300,56800,41100,13500,14600,21300,1000,8,48,1,5,9,2,6,2,5,3,23,26,5,8,10,2,2,2,1,2,17.142857142857142,2530.4761904761904,14039.333333333334,0.0,-1,1050.0,1502060.0,-1,-1,-1,93832.0,-1,-1,-1,-1,-1,-1,-1,-1,-1,255,417900,6.434686355870149,2688935.0,61,6049990,0,0,-1,0.0,0,-1,-1,34441.161183686476
20230817093357000,6.42,6.42,6.42,6.42,6.42,6.42,6.42,6.43,6.42,6.42,6.42,6.43,6.44,6.45,6.46,6.47,6.48,6.49,6.5,6.51,21000,65800,56400,34600,40300,10400,500,19800,7100,3100,6.42,6.41,6.4,6.39,6.38,6.37,6.36,6.35,6.33,6.32,1300,29800,57400,91300,56800,41100,13500,14600,21300,1000,8,48,1,5,9,2,6,2,5,3,23,26,5,8,10,2,2,2,1,2,0.0,17.142857142857142,2530.4761904761904,14039.333333333334,0.0,-1,1050.0,1502060.0,-1,-1,78411.66666666667,-1,-1,-1,-1,-1,-1,-1,-1,-1,260,425100,6.4341731357327685,2735167.0,63,6052610,5,7200,6.421111111111111,46232.0,2,2620,1310.0,30932.59518878445
20230817093400000,6.42,6.42,6.42,6.42,6.42,6.42,6.42,6.42,6.42,6.42,6.42,6.43,6.44,6.45,6.46,6.47,6.48,6.49,6.5,6.51,19200,65800,52900,34600,40300,10400,500,19800,7100,3100,6.41,6.4,6.39,6.38,6.37,6.36,6.35,6.33,6.32,6.31,29800,57400,91300,56800,41100,13500,14600,21300,1000,22800,8,48,1,5,9,2,6,2,5,3,23,26,5,8,10,2,2,2,1,2,0.0,17.142857142857142,2530.4761904761904,14039.333333333334,0.0,-1,1050.0,1502060.0,-1,-1,-1,-1,-1,-1,-1,-1,-1,-1,-1,-1,264,430500,6.433995354239257,2769835.0,63,6052610,4,5400,6.433995354239257,34668.0,0,-1,-1,35286.77513143221
20230817093403000,6.42,6.42,6.42,6.42,6.42,6.42,6.42,6.42,6.42,6.42,6.42,6.43,6.44,6.45,6.46,6.47,6.48,6.49,6.5,6.51,13500,65800,52900,34600,40300,10400,500,19800,6700,3100,6.41,6.4,6.39,6.38,6.37,6.36,6.35,6.33,6.32,6.31,40000,58400,93300,56800,41100,13500,14600,21300,1000,25800,8,48,1,5,9,2,6,2,5,3,23,26,5,9,10,2,2,2,1,2,1714.4,17.142857142857142,2530.4761904761904,14039.333333333334,0.0,-1,1050.0,1502060.0,-1,-1,-1,-1,-1,-1,-1,-1,-1,-1,-1,-1,269,436200,6.433812471343421,2806429.0,64,6095470,5,5700,6.42,36594.0,1,42860,42860.0,35731.14744304604
20230817093406000,6.42,6.43,6.43,6.43,6.43,6.42,6.42,6.43,6.42,6.43,6.42,6.43,6.44,6.45,6.46,6.47,6.48,6.49,6.5,6.51,4700,58300,52900,34600,40300,10400,500,19800,6700,3100,6.42,6.41,6.4,6.39,6.38,6.37,6.36,6.35,6.33,6.32,13200,40100,58400,93300,56800,41100,13500,14600,21300,1000,8,48,1,5,9,2,6,2,5,3,23,26,5,9,10,2,2,2,1,2,3376.923076923077,7661.875,2530.4761904761904,14039.333333333334,0.0,-1,1050.0,1502060.0,-1,-1,55349.41176470588,-1,-1,-1,-1,-1,-1,-1,-1,-1,275,447500,6.43365004492363,2879050.0,67,6262760,6,11300,6.426637168141593,72621.0,3,167290,55763.333333333336,30654.74749083957
20230817093409000,6.43,6.43,6.43,6.43,6.43,6.43,6.43,6.43,6.43,6.43,6.42,6.43,6.44,6.45,6.46,6.47,6.48,6.49,6.5,6.51,1900,55800,52900,34600,40300,10400,500,19800,6700,3100,6.42,6.41,6.4,6.39,6.38,6.37,6.36,6.35,6.33,6.32,13300,40100,58500,93300,56800,41100,13500,14600,21300,1000,8,48,1,5,9,2,6,2,5,3,23,26,5,9,10,2,2,2,1,2,3376.923076923077,7661.875,2530.4761904761904,14039.333333333334,0.0,-1,1050.0,1502060.0,-1,-1,55349.41176470588,-1,-1,-1,-1,-1,-1,-1,-1,-1,277,450300,6.433608705307573,2897054.0,67,6262760,2,2800,6.433608705307573,18004.0,0,-1,-1,28540.35267643779
20230817093412000,6.43,6.43,6.43,6.43,6.43,6.42,6.42,6.43,6.42,6.43,6.43,6.44,6.45,6.46,6.47,6.48,6.49,6.5,6.51,6.52,70800,52900,34600,40300,10400,500,19800,6700,3100,8000,6.42,6.41,6.4,6.39,6.38,6.37,6.36,6.35,6.33,6.32,10000,40100,58500,93300,56800,41100,13500,14600,21300,1000,8,48,1,5,9,2,6,2,5,3,23,26,5,9,10,2,2,2,1,2,6962.777777777777,2530.4761904761904,14039.333333333334,0.0,-1,1050.0,1502060.0,-1,-1,-1,55349.41176470588,-1,-1,-1,-1,-1,-1,-1,-1,-1,282,455400,6.433495827843654,2929814.0,69,6265570,5,5100,6.423529411764706,32760.0,2,2810,1405.0,37162.94706866338
20230817093415000,6.43,6.43,6.43,6.43,6.43,6.43,6.43,6.43,6.43,6.43,6.43,6.44,6.45,6.46,6.47,6.48,6.49,6.5,6.51,6.52,69000,52900,34600,40300,10400,500,19800,6700,3100,8000,6.42,6.41,6.4,6.39,6.38,6.37,6.36,6.35,6.33,6.32,11000,40100,58500,93300,56800,41100,13500,14600,21300,1000,8,48,1,5,9,2,7,2,5,3,23,26,6,9,10,2,2,2,1,2,6962.777777777777,2530.4761904761904,14039.333333333334,0.0,-1,1050.0,1502060.0,-1,-1,-1,55349.41176470588,-1,-1,-1,-1,-1,-1,-1,-1,-1,283,457200,6.4334820647419075,2941388.0,69,6265570,1,1800,6.4334820647419075,11574.0,0,-1,-1,36914.540186394785
20230817093418000,6.43,6.43,6.43,6.43,6.43,6.43,6.43,6.43,6.43,6.43,6.43,6.44,6.45,6.46,6.47,6.48,6.49,6.5,6.51,6.52,69000,55700,34600,40300,10400,500,19800,6700,3100,8000,6.42,6.41,6.4,6.39,6.38,6.37,6.36,6.35,6.33,6.32,11400,40100,58500,93300,56800,41100,13500,14600,21300,1000,8,48,1,5,9,2,7,2,5,3,23,26,6,9,10,2,2,2,1,2,6962.777777777777,2530.4761904761904,14039.333333333334,0.0,-1,1050.0,1502060.0,-1,-1,-1,55349.41176470588,-1,-1,-1,-1,-1,-1,-1,-1,-1,283,457200,6.4334820647419075,2941388.0,69,6265570,0,0,-1,0.0,0,-1,-1,37043.343754978494
20230817093421000,6.42,6.42,6.42,6.42,6.42,6.43,6.43,6.43,6.42,6.42,6.43,6.44,6.45,6.46,6.47,6.48,6.49,6.5,6.51,6.52,69300,52900,34600,40300,10400,500,19800,6700,3100,8000,6.42,6.41,6.4,6.39,6.38,6.37,6.36,6.35,6.33,6.32,8400,40100,59000,93300,56800,41100,13500,14600,21300,1000,8,48,1,5,9,2,7,2,5,3,23,26,6,9,10,2,2,2,1,2,5969.523809523809,2530.4761904761904,14039.333333333334,0.0,-1,1050.0,1502060.0,-1,-1,-1,52920.555555555555,-1,-1,-1,-1,-1,-1,-1,-1,-1,291,462400,6.43343030829353,2974794.0,72,6277230,8,5200,6.424230769230769,33406.0,3,11660,3886.6666666666665,36808.73725505815
20230817093424000,6.42,6.43,6.43,6.43,6.43,6.43,6.43,6.43,6.43,6.43,6.43,6.44,6.45,6.46,6.47,6.48,6.49,6.5,6.51,6.52,76900,58000,34600,40300,10400,500,19800,6700,3100,8000,6.42,6.41,6.4,6.39,6.38,6.37,6.36,6.35,6.33,6.32,15400,41100,59000,93300,57800,41100,13500,14600,21300,1000,8,48,1,5,9,2,7,2,5,3,23,26,6,9,10,2,2,2,1,2,5969.523809523809,2530.4761904761904,14039.333333333334,0.0,-1,1050.0,1502060.0,-1,-1,-1,52920.555555555555,-1,-1,-1,-1,-1,-1,-1,-1,-1,291,465100,6.43343030829353,2992155.0,72,6277230,0,2700,6.43343030829353,17361.0,0,-1,-1,38646.81675163295
20230817093427000,6.43,6.43,6.43,6.43,6.43,6.43,6.43,6.43,6.43,6.43,6.43,6.44,6.45,6.46,6.47,6.48,6.49,6.5,6.51,6.52,73400,58000,34600,40300,10400,500,19800,6700,3100,8000,6.42,6.41,6.4,6.39,6.38,6.37,6.36,6.35,6.33,6.32,17200,41200,59000,91300,57800,41100,13500,14600,21300,1000,8,48,1,5,9,2,7,2,5,3,23,26,6,9,10,2,2,2,1,2,5969.523809523809,2530.4761904761904,14039.333333333334,0.0,-1,1050.0,1502060.0,-1,-1,-1,52920.555555555555,-1,-1,-1,-1,-1,-1,-1,-1,-1,292,468600,6.433333333333334,3014660.0,72,6277230,1,3500,6.433333333333334,22505.0,0,-1,-1,38697.41815357655
20230817093430000,6.43,6.43,6.43,6.43,6.43,6.43,6.43,6.43,6.43,6.43,6.43,6.44,6.45,6.46,6.47,6.48,6.49,6.5,6.51,6.52,73400,58000,34600,40300,10400,500,19800,6700,3100,8000,6.42,6.41,6.4,6.39,6.38,6.37,6.36,6.35,6.33,6.32,23800,41200,59000,91300,57800,41100,13500,34600,21300,1000,8,48,1,5,10,2,7,2,5,3,23,26,6,9,10,2,2,2,1,2,5969.523809523809,2530.4761904761904,14039.333333333334,0.0,-1,1050.0,1502060.0,-1,-1,-1,52920.555555555555,-1,-1,-1,-1,-1,-1,-1,-1,-1,292,468600,6.433333333333334,3014660.0,72,6277230,0,0,-1,0.0,0,-1,-1,39679.54536402741
20230817093433000,6.43,6.43,6.43,6.43,6.43,6.43,6.43,6.43,6.43,6.43,6.43,6.44,6.45,6.46,6.47,6.48,6.49,6.5,6.51,6.52,73800,58200,34600,40300,10400,500,19800,6700,3100,8000,6.42,6.41,6.4,6.39,6.38,6.37,6.36,6.35,6.33,6.32,23800,41200,59000,91300,57800,41100,13500,34600,21300,1000,8,48,1,5,10,2,7,2,5,3,23,26,6,9,10,2,2,2,1,2,5969.523809523809,2530.4761904761904,14039.333333333334,0.0,-1,1050.0,1502060.0,-1,-1,-1,52920.555555555555,-1,-1,-1,-1,-1,-1,-1,-1,-1,292,468600,6.433333333333334,3014660.0,72,6277230,0,0,-1,0.0,0,-1,-1,39918.75199139717
20230817093436000,6.42,6.42,6.42,6.42,6.42,6.42,6.42,6.42,6.42,6.42,6.43,6.44,6.45,6.46,6.47,6.48,6.49,6.5,6.51,6.52,75700,58200,34600,40300,10400,500,19800,6700,3100,8000,6.42,6.41,6.4,6.39,6.38,6.37,6.36,6.35,6.33,6.32,23700,44300,59000,91300,57800,41100,13500,35600,21300,1000,8,48,1,5,10,2,7,2,5,3,23,26,6,9,10,2,2,2,1,2,5969.523809523809,2530.4761904761904,14039.333333333334,0.0,-1,1050.0,1502060.0,-1,-1,-1,52920.555555555555,-1,-1,-1,-1,-1,-1,-1,-1,-1,295,469500,6.433333333333334,3020438.0,72,6277230,3,900,6.433333333333334,5778.0,0,-1,-1,40404.06543731082
20230817093439000,6.43,6.43,6.43,6.43,6.43,6.43,6.43,6.43,6.43,6.43,6.43,6.44,6.45,6.46,6.47,6.48,6.49,6.5,6.51,6.52,81300,58200,34600,40300,10400,500,19800,6700,3100,8000,6.43,6.42,6.41,6.4,6.39,6.38,6.37,6.36,6.35,6.33,100,24200,44300,59000,91300,57800,41100,13500,35600,21300,8,48,1,5,10,2,7,2,5,3,23,27,6,9,10,2,2,2,1,2,5969.523809523809,2530.4761904761904,14039.333333333334,0.0,-1,1050.0,1502060.0,-1,-1,-1,49761.95652173913,52920.555555555555,-1,-1,-1,-1,-1,-1,-1,-1,298,473900,6.43327706267145,3048730.0,73,6277570,3,4400,6.43,28292.0,1,340,340.0,38101.2087780787
20230817093442000,6.43,6.43,6.43,6.43,6.43,6.44,6.43,6.44,6.43,6.43,6.43,6.44,6.45,6.46,6.47,6.48,6.49,6.5,6.51,6.52,80700,61400,34600,40300,10400,500,19800,6700,3100,8000,6.42,6.41,6.4,6.39,6.38,6.37,6.36,6.35,6.33,6.32,27600,44700,59000,91300,57800,41100,13500,35600,21300,1000,8,48,1,5,10,2,7,2,5,3,23,27,6,9,10,2,2,2,1,2,5465.217391304348,2530.4761904761904,14039.333333333334,0.0,-1,1050.0,1502060.0,-1,-1,-1,52920.555555555555,-1,-1,-1,-1,-1,-1,-1,-1,-1,304,479800,6.433247186327637,3086672.0,76,6278570,6,5900,6.430847457627118,37942.0,3,1000,333.3333333333333,41710.50163294568
20230817093445000,6.43,6.43,6.43,6.43,6.43,6.43,6.43,6.43,6.43,6.43,6.43,6.44,6.45,6.46,6.47,6.48,6.49,6.5,6.51,6.52,79800,61400,34600,40300,10400,500,19800,6700,3100,8000,6.42,6.41,6.4,6.39,6.38,6.37,6.36,6.35,6.33,6.32,41100,44700,61000,91300,57800,41100,13500,35600,21300,1000,8,48,1,5,10,2,7,2,5,3,23,27,6,9,10,2,2,2,2,2,5465.217391304348,2530.4761904761904,14039.333333333334,0.0,-1,1050.0,1502060.0,-1,-1,-1,52920.555555555555,-1,-1,-1,-1,-1,-1,-1,-1,-1,305,480700,6.433247186327637,3092459.0,76,6278570,1,900,6.433247186327637,5787.0,0,-1,-1,43030.738210928794
20230817093448000,6.43,6.43,6.43,6.43,6.43,6.43,6.43,6.43,6.43,6.43,6.43,6.44,6.45,6.46,6.47,6.48,6.49,6.5,6.51,6.52,79800,61400,34600,40300,10400,500,19800,6700,3100,8000,6.42,6.41,6.4,6.39,6.38,6.37,6.36,6.35,6.33,6.32,46100,45700,61000,91300,57800,41100,13500,35600,21300,1000,8,48,1,5,10,2,7,2,5,3,23,27,6,9,10,2,2,2,2,2,5465.217391304348,2530.4761904761904,14039.333333333334,0.0,-1,1050.0,1502060.0,-1,-1,-1,52920.555555555555,-1,-1,-1,-1,-1,-1,-1,-1,-1,305,480700,6.433247186327637,3092459.0,76,6278570,0,0,-1,0.0,0,-1,-1,43490.750955870644
20230817093451000,6.43,6.43,6.43,6.43,6.43,6.43,6.43,6.43,6.43,6.43,6.43,6.44,6.45,6.46,6.47,6.48,6.49,6.5,6.51,6.52,78300,61400,34600,40300,10400,500,19800,6700,3100,8000,6.42,6.41,6.4,6.39,6.38,6.37,6.36,6.35,6.33,6.32,46100,50700,61000,91300,57800,41100,13500,35600,21300,1000,8,48,1,5,10,2,7,2,5,3,23,27,6,9,10,2,2,2,2,2,5465.217391304348,2530.4761904761904,14039.333333333334,0.0,-1,1050.0,1502060.0,-1,-1,-1,52920.555555555555,-1,-1,-1,-1,-1,-1,-1,-1,-1,306,482200,6.433247186327637,3102104.0,76,6278570,1,1500,6.433247186327637,9645.0,0,-1,-1,43352.74713238809
20230817093454000,6.42,6.42,6.42,6.42,6.42,6.42,6.42,6.42,6.42,6.42,6.43,6.44,6.45,6.46,6.47,6.48,6.49,6.5,6.51,6.52,80300,61400,27900,40300,10400,500,19800,6700,3100,8000,6.42,6.41,6.4,6.39,6.38,6.37,6.36,6.35,6.33,6.32,46000,50900,61000,91300,57800,41100,13500,35600,21300,1000,8,48,1,5,10,2,7,2,5,3,23,27,6,9,10,2,2,2,2,2,5465.217391304348,2530.4761904761904,14039.333333333334,0.0,-1,1050.0,1502060.0,-1,-1,-1,52920.555555555555,-1,-1,-1,-1,-1,-1,-1,-1,-1,308,484300,6.433247186327637,3115586.0,76,6278570,2,2100,6.433247186327637,13482.0,0,-1,-1,37715.351680739215
20230817093457000,6.43,6.43,6.43,6.43,6.43,6.43,6.43,6.43,6.43,6.43,6.43,6.44,6.45,6.46,6.47,6.48,6.49,6.5,6.51,6.52,75900,61400,27900,40300,10400,500,19800,6700,3100,8000,6.42,6.41,6.4,6.39,6.38,6.37,6.36,6.35,6.33,6.32,46000,50900,61000,91300,57800,41600,13500,35600,21300,1000,8,48,1,5,10,2,7,2,5,3,23,27,6,9,11,2,2,2,2,2,5465.217391304348,2530.4761904761904,14039.333333333334,0.0,-1,1050.0,1502060.0,-1,-1,-1,52920.555555555555,-1,-1,-1,-1,-1,-1,-1,-1,-1,311,488700,6.433247186327637,3143878.0,76,6278570,3,4400,6.433247186327637,28292.0,0,-1,-1,39706.80659550741
20230817093500000,6.43,6.43,6.43,6.43,6.43,6.43,6.43,6.43,6.43,6.43,6.43,6.44,6.45,6.46,6.47,6.48,6.49,6.5,6.51,6.52,67400,62300,27900,40300,10400,500,19800,6700,3100,8000,6.43,6.42,6.41,6.4,6.39,6.38,6.37,6.36,6.35,6.33,100,46200,50900,61000,91300,57800,41600,13500,35600,21300,8,48,1,5,10,2,7,2,5,3,23,29,6,9,11,2,2,2,2,2,4415.666666666667,2530.4761904761904,14039.333333333334,0.0,-1,1050.0,1502060.0,-1,-1,-1,44032.88461538462,52920.555555555555,-1,-1,-1,-1,-1,-1,-1,-1,321,499800,6.433075230092037,3215251.0,83,6285340,10,11100,6.43,71373.0,7,6770,967.1428571428571,38280.76708618767
20230817093503000,6.43,6.43,6.43,6.42,6.42,6.42,6.43,6.43,6.42,6.42,6.43,6.44,6.45,6.46,6.47,6.48,6.49,6.5,6.51,6.52,64300,62300,27900,40300,10400,500,19800,6700,3100,8000,6.42,6.41,6.4,6.39,6.38,6.37,6.36,6.35,6.33,6.32,45600,50900,61000,91300,57800,41600,13500,35600,21300,1000,8,48,1,5,10,2,7,2,5,3,23,29,6,9,11,2,2,2,2,2,4415.666666666667,2530.4761904761904,14039.333333333334,0.0,-1,1050.0,1502060.0,-1,-1,-1,52920.555555555555,-1,-1,-1,-1,-1,-1,-1,-1,-1,323,503500,6.433056273613045,3239036.0,84,6285510,2,3700,6.428378378378379,23785.0,1,170,170.0,35986.8537916202
20230817093506000,6.42,6.43,6.43,6.43,6.43,6.43,6.43,6.43,6.43,6.43,6.43,6.44,6.45,6.46,6.47,6.48,6.49,6.5,6.51,6.52,64300,62300,28200,40300,10400,500,19800,6700,3100,8000,6.42,6.41,6.4,6.39,6.38,6.37,6.36,6.35,6.33,6.32,45600,50900,61000,91300,56300,41600,13500,35600,21300,1000,8,48,1,5,10,2,7,2,5,3,23,29,6,9,11,2,2,2,2,2,4273.225806451613,2530.4761904761904,14039.333333333334,0.0,-1,1050.0,1502060.0,-1,-1,-1,52920.555555555555,-1,-1,-1,-1,-1,-1,-1,-1,-1,324,504000,6.433056273613045,3242251.0,84,6285510,1,500,6.433056273613045,3215.0,0,-1,-1,41332.798311295206
20230817093509000,6.43,6.44,6.44,6.44,6.44,6.43,6.43,6.44,6.43,6.44,6.43,6.44,6.45,6.46,6.47,6.48,6.49,6.5,6.51,6.52,56800,61600,28200,40300,10400,500,19800,6700,3100,8000,6.43,6.42,6.41,6.4,6.39,6.38,6.37,6.36,6.35,6.33,1000,43500,50900,61000,91300,56300,41600,13500,35600,21300,8,48,1,5,10,2,7,2,5,3,23,31,6,9,11,2,2,2,2,2,4273.225806451613,2530.4761904761904,14039.333333333334,0.0,-1,1050.0,1502060.0,-1,-1,-1,43205.28301886792,52920.555555555555,-1,-1,-1,-1,-1,-1,-1,-1,326,511500,6.433010752688172,3290485.0,84,6285510,2,7500,6.433010752688172,48234.0,0,-1,-1,36632.77142743349
20230817093512000,6.43,6.44,6.44,6.44,6.44,6.44,6.44,6.44,6.44,6.44,6.43,6.44,6.45,6.46,6.47,6.48,6.49,6.5,6.51,6.52,56800,61600,28200,40300,10400,500,19800,6700,3100,8000,6.43,6.42,6.41,6.4,6.39,6.38,6.37,6.36,6.35,6.33,1000,44000,51300,61000,91300,56300,41600,13500,35600,21300,8,49,1,5,10,2,7,2,5,3,23,31,6,9,11,2,2,2,2,2,4273.225806451613,2530.4761904761904,14039.333333333334,0.0,-1,1050.0,1502060.0,-1,-1,-1,43205.28301886792,52920.555555555555,-1,-1,-1,-1,-1,-1,-1,-1,326,511500,6.433010752688172,3290485.0,84,6285510,0,0,-1,0.0,0,-1,-1,36667.272383304124
20230817093515000,6.44,6.44,6.44,6.44,6.44,6.44,6.44,6.44,6.44,6.44,6.43,6.44,6.45,6.46,6.47,6.48,6.49,6.5,6.51,6.52,56300,61100,28200,40300,10400,500,19800,6700,3100,8000,6.43,6.42,6.41,6.4,6.39,6.38,6.37,6.36,6.35,6.33,2800,48000,51300,61000,91300,66300,41600,13500,35600,21300,8,49,1,5,10,2,7,2,5,3,23,32,6,9,11,2,2,2,2,2,4273.225806451613,2530.4761904761904,14039.333333333334,0.0,-1,1050.0,1502060.0,-1,-1,-1,43205.28301886792,52920.555555555555,-1,-1,-1,-1,-1,-1,-1,-1,327,512000,6.433017578125,3293705.0,84,6285510,1,500,6.433017578125,3220.0,0,-1,-1,34492.363987573684
20230817093518000,6.44,6.44,6.44,6.44,6.44,6.44,6.44,6.44,6.44,6.44,6.43,6.44,6.45,6.46,6.47,6.48,6.49,6.5,6.51,6.52,56300,61100,28200,40300,10400,500,19800,6700,3100,8000,6.43,6.42,6.41,6.4,6.39,6.38,6.37,6.36,6.35,6.33,2900,49800,51300,61000,91300,66300,42600,13500,35600,21300,8,49,1,5,10,2,7,2,5,3,23,32,6,9,12,2,2,2,2,2,4273.225806451613,2530.4761904761904,14039.333333333334,0.0,-1,1050.0,1502060.0,-1,-1,-1,43205.28301886792,52920.555555555555,-1,-1,-1,-1,-1,-1,-1,-1,327,512000,6.433017578125,3293705.0,84,6285510,0,0,-1,0.0,0,-1,-1,37515.84256014019
20230817093521000,6.44,6.44,6.44,6.44,6.44,6.44,6.44,6.44,6.44,6.44,6.43,6.44,6.45,6.46,6.47,6.48,6.49,6.5,6.51,6.52,49300,59100,28200,40300,10400,500,19800,6700,3100,9900,6.43,6.42,6.41,6.4,6.39,6.38,6.37,6.36,6.35,6.33,19000,49800,51300,61000,91300,66300,42600,13500,35600,21300,8,49,1,5,10,2,7,2,5,3,23,36,6,9,12,2,2,2,2,2,4273.225806451613,2530.4761904761904,14039.333333333334,0.0,-1,1050.0,1502060.0,-1,-1,-1,43205.28301886792,52920.555555555555,-1,-1,-1,-1,-1,-1,-1,-1,328,519000,6.433017578125,3338785.0,84,6285510,1,7000,6.433017578125,45080.0,0,-1,-1,37913.12629440815
20230817093524000,6.44,6.44,6.44,6.44,6.44,6.44,6.44,6.44,6.44,6.44,6.43,6.44,6.45,6.46,6.47,6.48,6.49,6.5,6.51,6.52,49300,59200,28200,40300,10400,500,19800,6700,3100,9900,6.43,6.42,6.41,6.4,6.39,6.38,6.37,6.36,6.35,6.33,20900,49800,52300,61000,91300,66300,42600,13500,35600,21300,8,49,1,5,10,2,7,2,5,3,23,37,6,9,12,2,2,2,2,2,4273.225806451613,2530.4761904761904,14039.333333333334,0.0,-1,1050.0,1502060.0,-1,-1,-1,43205.28301886792,52920.555555555555,-1,-1,-1,-1,-1,-1,-1,-1,328,519000,6.433017578125,3338785.0,84,6285510,0,0,-1,0.0,0,-1,-1,38087.93113748606
20230817093527000,6.44,6.44,6.44,6.44,6.44,6.44,6.44,6.44,6.44,6.44,6.43,6.44,6.45,6.46,6.47,6.48,6.49,6.5,6.51,6.52,49300,59200,28400,40300,10400,500,19800,6700,3100,9900,6.43,6.42,6.41,6.4,6.39,6.38,6.37,6.36,6.35,6.33,20900,49800,52300,61000,91300,66300,42600,13500,35600,21300,8,49,1,5,10,2,7,2,5,3,23,37,6,9,12,2,2,2,2,2,4273.225806451613,2530.4761904761904,14039.333333333334,0.0,-1,1050.0,1502060.0,-1,-1,-1,43205.28301886792,52920.555555555555,-1,-1,-1,-1,-1,-1,-1,-1,328,519000,6.433017578125,3338785.0,84,6285510,0,0,-1,0.0,0,-1,-1,38150.032858053215
20230817093530000,6.44,6.44,6.44,6.44,6.44,6.44,6.44,6.44,6.44,6.44,6.43,6.44,6.45,6.46,6.47,6.48,6.49,6.5,6.51,6.52,49300,59200,28400,40300,10400,500,19800,6700,3100,9900,6.43,6.42,6.41,6.4,6.39,6.38,6.37,6.36,6.35,6.33,21900,49800,52300,61000,91300,66300,42600,13500,35600,21300,8,49,1,5,10,2,7,2,5,3,23,37,6,9,12,2,2,2,2,2,4273.225806451613,2530.4761904761904,14039.333333333334,0.0,-1,1050.0,1502060.0,-1,-1,-1,43205.28301886792,52920.555555555555,-1,-1,-1,-1,-1,-1,-1,-1,328,519000,6.433017578125,3338785.0,84,6285510,0,0,-1,0.0,0,-1,-1,38156.93304922734
20230817093533000,6.43,6.43,6.43,6.43,6.43,6.43,6.43,6.43,6.43,6.43,6.43,6.44,6.45,6.46,6.47,6.48,6.49,6.5,6.51,6.52,46500,63600,28400,40300,10400,500,19800,6700,3100,9900,6.43,6.42,6.41,6.4,6.39,6.38,6.37,6.36,6.35,6.33,22400,49800,52300,61000,91300,66300,42600,13500,35600,21300,8,49,1,5,10,2,7,2,5,3,23,40,6,9,12,2,2,2,2,2,4273.225806451613,2530.4761904761904,14039.333333333334,0.0,-1,1050.0,1502060.0,-1,-1,-1,43205.28301886792,52920.555555555555,-1,-1,-1,-1,-1,-1,-1,-1,330,521800,6.43309505557685,3356789.0,84,6285510,2,2800,6.43309505557685,18004.0,0,-1,-1,33557.493627529075
20230817093536000,6.44,6.43,6.43,6.43,6.43,6.44,6.44,6.44,6.43,6.43,6.43,6.44,6.45,6.46,6.47,6.48,6.49,6.5,6.51,6.52,45400,63400,28400,40300,10400,500,19800,6700,3100,9900,6.43,6.42,6.41,6.4,6.39,6.38,6.37,6.36,6.35,6.33,25300,49800,52300,61000,91300,66300,42600,13500,36600,21300,8,49,1,5,10,2,7,2,5,3,23,41,6,9,12,2,2,2,2,2,4273.225806451613,2530.4761904761904,14039.333333333334,0.0,-1,1050.0,1502060.0,-1,-1,-1,43205.28301886792,52920.555555555555,-1,-1,-1,-1,-1,-1,-1,-1,332,522900,6.43310766877032,3363872.0,84,6285510,2,1100,6.43310766877032,7083.0,0,-1,-1,38425.83140831608
20230817093539000,6.43,6.43,6.43,6.43,6.43,6.43,6.43,6.43,6.43,6.43,6.43,6.44,6.45,6.46,6.47,6.48,6.49,6.5,6.51,6.52,45100,70300,28400,40300,10400,500,19800,6700,8100,9900,6.43,6.42,6.41,6.4,6.39,6.38,6.37,6.36,6.35,6.33,27600,54200,53800,61000,91900,66300,42600,13500,36600,21300,8,49,1,5,10,2,7,2,5,3,23,43,6,9,12,2,2,2,2,2,4273.225806451613,2530.4761904761904,14039.333333333334,0.0,-1,1050.0,1502060.0,-1,-1,-1,43205.28301886792,52920.555555555555,-1,-1,-1,-1,-1,-1,-1,-1,334,523100,6.433106480596444,3365158.0,84,6285510,2,200,6.433106480596444,1286.0,0,-1,-1,39668.522980723275
20230817093542000,6.43,6.43,6.43,6.43,6.43,6.43,6.43,6.43,6.43,6.43,6.43,6.44,6.45,6.46,6.47,6.48,6.49,6.5,6.51,6.52,44900,74700,28400,40300,10400,500,19800,6700,8100,9900,6.43,6.42,6.41,6.4,6.39,6.38,6.37,6.36,6.35,6.33,24800,54200,53800,61000,91900,66300,42600,14500,36600,21300,8,49,1,5,10,2,7,2,5,3,23,45,6,9,12,2,2,2,2,2,4014.242424242424,2530.4761904761904,14039.333333333334,0.0,-1,1050.0,1502060.0,-1,-1,-1,43205.28301886792,52920.555555555555,-1,-1,-1,-1,-1,-1,-1,-1,338,526400,6.433091704718417,3386377.0,84,6285510,4,3300,6.433091704718417,21219.0,0,-1,-1,34985.23578142425
20230817093545000,6.43,6.42,6.42,6.42,6.42,6.43,6.43,6.43,6.42,6.42,6.43,6.44,6.45,6.46,6.47,6.48,6.49,6.5,6.51,6.52,53600,74700,28400,40300,10400,500,19800,6700,8100,9900,6.43,6.42,6.41,6.4,6.39,6.38,6.37,6.36,6.35,6.33,21500,51000,53800,61000,91900,66300,42600,14500,36600,21300,8,49,1,5,10,2,7,2,5,3,23,45,6,9,12,2,2,2,2,2,3896.176470588235,2530.4761904761904,14039.333333333334,0.0,-1,1050.0,1502060.0,-1,-1,-1,42405.18518518518,52920.555555555555,-1,-1,-1,-1,-1,-1,-1,-1,341,531500,6.433091704718417,3419138.0,84,6285510,3,5100,6.433091704718417,32761.0,0,-1,-1,39162.50896128725
20230817093548000,6.42,6.43,6.43,6.43,6.43,6.43,6.43,6.43,6.43,6.43,6.43,6.44,6.45,6.46,6.47,6.48,6.49,6.5,6.51,6.52,52700,74700,28400,40300,10700,500,19800,6700,8100,9900,6.43,6.42,6.41,6.4,6.39,6.38,6.37,6.36,6.35,6.33,20600,51000,53800,61000,91900,66300,42600,14500,36600,21300,8,50,1,5,10,2,7,2,5,3,23,45,6,9,12,2,2,2,2,2,3896.176470588235,2530.4761904761904,14039.333333333334,0.0,-1,1050.0,1502060.0,-1,-1,-1,42405.18518518518,52920.555555555555,-1,-1,-1,-1,-1,-1,-1,-1,342,532400,6.433091704718417,3424925.0,84,6285510,1,900,6.433091704718417,5787.0,0,-1,-1,40404.54337263024
20230817093551000,6.43,6.43,6.43,6.43,6.43,6.42,6.42,6.43,6.42,6.43,6.43,6.44,6.45,6.46,6.47,6.48,6.49,6.5,6.51,6.52,51200,74700,28400,40300,10700,500,19800,6700,8100,9900,6.43,6.42,6.41,6.4,6.39,6.38,6.37,6.36,6.35,6.33,20500,50900,53800,61000,92400,67700,42600,14500,36600,21300,8,50,1,5,10,2,7,2,5,3,23,45,6,9,12,2,2,2,2,2,3896.176470588235,2530.4761904761904,14039.333333333334,0.0,-1,1050.0,1502060.0,-1,-1,-1,40890.71428571428,52920.555555555555,-1,-1,-1,-1,-1,-1,-1,-1,345,538000,6.432959107806692,3460932.0,84,6285510,3,5600,6.432959107806692,36007.0,0,-1,-1,40378.25693006214
20230817093554000,6.43,6.43,6.43,6.43,6.43,6.43,6.43,6.43,6.43,6.43,6.43,6.44,6.45,6.46,6.47,6.48,6.49,6.5,6.51,6.52,49400,74700,28400,40300,10700,500,19800,6700,8100,9900,6.43,6.42,6.41,6.4,6.39,6.38,6.37,6.36,6.35,6.33,20500,50900,54000,61000,92400,67700,42600,14500,36600,21300,8,50,1,5,10,2,7,2,5,3,23,45,6,9,12,2,2,2,2,2,3896.176470588235,2530.4761904761904,14039.333333333334,0.0,-1,1050.0,1502060.0,-1,-1,-1,40890.71428571428,52920.555555555555,-1,-1,-1,-1,-1,-1,-1,-1,346,539800,6.432951427512051,3472506.0,84,6285510,1,1800,6.432951427512051,11574.0,0,-1,-1,40014.84686155807
20230817093557000,6.43,6.43,6.43,6.43,6.43,6.42,6.42,6.43,6.42,6.43,6.43,6.44,6.45,6.46,6.47,6.48,6.49,6.5,6.51,6.52,45200,74700,28400,40300,10700,500,19800,6700,8100,9900,6.43,6.42,6.41,6.4,6.39,6.38,6.37,6.36,6.35,6.33,16400,47400,54000,61000,92900,67700,42600,14500,36600,21300,8,50,1,5,10,2,7,2,5,3,23,45,6,9,12,2,2,2,2,2,3953.5135135135133,2530.4761904761904,14039.333333333334,0.0,-1,1050.0,1502060.0,-1,-1,-1,39480.68965517241,52920.555555555555,-1,-1,-1,-1,-1,-1,-1,-1,352,547500,6.432863184994483,3521982.0,86,6294710,6,7700,6.425454545454546,49476.0,2,9200,4600.0,38943.871475227024
20230817093600000,6.43,6.42,6.42,6.42,6.42,6.42,6.42,6.42,6.42,6.42,6.43,6.44,6.45,6.46,6.47,6.48,6.49,6.5,6.51,6.52,45700,74600,28400,40300,10700,500,19800,6700,8100,9900,6.43,6.42,6.41,6.4,6.39,6.38,6.37,6.36,6.35,6.33,15100,46400,54000,61500,92900,67700,42600,14500,38600,21300,8,50,1,5,10,2,7,2,5,3,23,45,6,9,12,2,2,2,2,2,3953.5135135135133,2530.4761904761904,14039.333333333334,0.0,-1,1050.0,1502060.0,-1,-1,-1,39480.68965517241,52920.555555555555,-1,-1,-1,-1,-1,-1,-1,-1,353,548800,6.432863184994483,3530328.0,86,6294710,1,1300,6.432863184994483,8346.0,0,-1,-1,38741.46586745261
20230817093603000,6.43,6.42,6.42,6.42,6.42,6.42,6.42,6.42,6.42,6.42,6.43,6.44,6.45,6.46,6.47,6.48,6.49,6.5,6.51,6.52,55600,74600,28800,40300,10700,500,19800,6700,8100,9900,6.43,6.42,6.41,6.4,6.39,6.38,6.37,6.36,6.35,6.33,15100,46400,54000,61500,92900,70600,42600,14500,38600,21300,8,50,1,5,10,2,7,2,5,3,23,45,6,9,12,2,2,2,2,2,3953.5135135135133,2530.4761904761904,14039.333333333334,0.0,-1,1050.0,1502060.0,-1,-1,-1,39480.68965517241,52920.555555555555,-1,-1,-1,-1,-1,-1,-1,-1,353,548800,6.432863184994483,3530328.0,86,6294710,0,0,-1,0.0,0,-1,-1,39636.92249482237
20230817093606000,6.43,6.43,6.43,6.43,6.43,6.43,6.43,6.43,6.43,6.43,6.43,6.44,6.45,6.46,6.47,6.48,6.49,6.5,6.51,6.52,49400,74600,28800,40300,10700,500,19800,6700,8100,9900,6.43,6.42,6.41,6.4,6.39,6.38,6.37,6.36,6.35,6.33,15100,44500,54000,62500,92900,70600,42600,14500,38600,21300,8,50,1,5,10,2,7,2,5,3,23,45,6,9,12,2,2,2,2,2,4114.772727272727,2530.4761904761904,14039.333333333334,0.0,-1,1050.0,1502060.0,-1,-1,-1,37539.016393442624,52920.555555555555,-1,-1,-1,-1,-1,-1,-1,-1,364,556100,6.43277647905053,3577267.0,93,6329480,11,7300,6.43,46939.0,7,34770,4967.142857142857,39390.81567627848
20230817093609000,6.43,6.43,6.43,6.43,6.43,6.43,6.43,6.43,6.43,6.43,6.43,6.44,6.45,6.46,6.47,6.48,6.49,6.5,6.51,6.52,47600,74400,28800,40300,10700,500,19800,6700,8100,9900,6.43,6.42,6.41,6.4,6.39,6.38,6.37,6.36,6.35,6.33,15100,44800,55000,62500,92900,70600,43100,14500,38600,21300,8,50,1,5,10,2,7,2,5,3,23,45,6,9,13,2,2,2,2,2,4133.777777777777,2530.4761904761904,14039.333333333334,0.0,-1,1050.0,1502060.0,-1,-1,-1,37539.016393442624,52920.555555555555,-1,-1,-1,-1,-1,-1,-1,-1,366,557900,6.432767521061122,3588841.0,94,6334450,2,1800,6.43,11574.0,1,4970,4970.0,39162.34267962402
20230817093612000,6.43,6.43,6.43,6.43,6.43,6.43,6.43,6.43,6.43,6.43,6.43,6.44,6.45,6.46,6.47,6.48,6.49,6.5,6.51,6.52,39800,74400,28800,40300,10700,500,19800,6700,8100,9900,6.43,6.42,6.41,6.4,6.39,6.38,6.37,6.36,6.35,6.33,15100,46300,55000,62500,92900,70600,43100,14500,38600,21300,8,50,1,5,10,2,7,2,5,3,23,45,6,9,13,2,2,2,2,2,3988.5416666666665,2530.4761904761904,14039.333333333334,0.0,-1,1050.0,1502060.0,-1,-1,-1,36937.74193548387,52920.555555555555,-1,-1,-1,-1,-1,-1,-1,-1,371,567900,6.4327187885191055,3653141.0,96,6340140,5,10000,6.43,64300.0,2,5690,2845.0,38072.11247411183
20230817093615000,6.43,6.42,6.42,6.42,6.42,6.42,6.42,6.42,6.42,6.42,6.43,6.44,6.45,6.46,6.47,6.48,6.49,6.5,6.51,6.52,40900,74400,28800,40300,10700,500,19800,6700,8100,9900,6.43,6.42,6.41,6.4,6.39,6.38,6.37,6.36,6.35,6.33,15000,46200,55000,62500,92900,70600,43100,14500,38600,21300,8,50,1,5,10,2,7,2,5,3,23,45,6,9,13,2,2,2,2,2,3988.5416666666665,2530.4761904761904,14039.333333333334,0.0,-1,1050.0,1502060.0,-1,-1,-1,36937.74193548387,52920.555555555555,-1,-1,-1,-1,-1,-1,-1,-1,372,568000,6.432716549295774,3653783.0,96,6340140,1,100,6.432716549295774,642.0,0,-1,-1,38180.21546917317
20230817093618000,6.42,6.42,6.42,6.42,6.42,6.42,6.42,6.42,6.42,6.42,6.43,6.44,6.45,6.46,6.47,6.48,6.49,6.5,6.51,6.52,45100,74400,28800,40300,10700,500,19800,6700,8100,9900,6.43,6.42,6.41,6.4,6.39,6.38,6.37,6.36,6.35,6.33,14400,46600,55000,62500,92900,70600,43100,14500,38600,21300,8,51,1,5,10,2,7,2,5,3,23,45,6,9,13,2,2,2,2,2,3988.5416666666665,2530.4761904761904,14039.333333333334,0.0,-1,1050.0,1502060.0,-1,-1,-1,36937.74193548387,52920.555555555555,-1,-1,-1,-1,-1,-1,-1,-1,374,568600,6.4327031304959545,3657635.0,96,6340140,2,600,6.4327031304959545,3852.0,0,-1,-1,38884.034968934204
20230817093621000,6.43,6.42,6.42,6.42,6.42,6.43,6.43,6.43,6.42,6.42,6.43,6.44,6.45,6.46,6.47,6.48,6.49,6.5,6.51,6.52,44700,74400,28800,40300,10400,500,19800,6700,8100,9900,6.43,6.42,6.41,6.4,6.39,6.38,6.37,6.36,6.35,6.33,9600,41800,55000,62500,92900,70600,43100,14500,38600,21300,8,51,1,5,10,2,7,2,5,3,23,45,6,9,13,2,2,2,2,2,3988.5416666666665,2530.4761904761904,14039.333333333334,0.0,-1,1050.0,1502060.0,-1,-1,-1,35783.4375,52920.555555555555,-1,-1,-1,-1,-1,-1,-1,-1,379,575100,6.432589114936532,3699382.0,96,6340140,5,6500,6.432589114936532,41747.0,0,-1,-1,33728.3146805799
20230817093624000,6.43,6.43,6.43,6.43,6.43,6.43,6.43,6.43,6.43,6.43,6.43,6.44,6.45,6.46,6.47,6.48,6.49,6.5,6.51,6.52,43000,74400,28800,40300,10400,500,19800,6700,8100,9900,6.43,6.42,6.41,6.4,6.39,6.38,6.37,6.36,6.35,6.33,8600,45800,55000,62500,92900,70600,43100,14500,38600,21300,8,51,1,5,10,2,7,2,5,3,23,45,6,9,13,2,2,2,2,2,3924.8076923076924,2530.4761904761904,14039.333333333334,0.0,-1,1050.0,1502060.0,-1,-1,-1,34181.19402985075,52920.555555555555,-1,-1,-1,-1,-1,-1,-1,-1,384,577300,6.432585967349774,3713528.0,97,6343240,5,2200,6.43,14146.0,1,3100,3100.0,38198.61597897084
20230817093627000,6.43,6.43,6.43,6.43,6.43,6.43,6.43,6.43,6.43,6.43,6.43,6.44,6.45,6.46,6.47,6.48,6.49,6.5,6.51,6.52,42200,74400,28800,40300,10400,500,19800,6700,8100,9900,6.43,6.42,6.41,6.4,6.39,6.38,6.37,6.36,6.35,6.33,8600,45800,55000,62500,92900,70600,43100,15800,38600,21300,8,51,1,5,10,2,7,2,5,3,23,45,6,9,13,2,2,2,2,2,3924.8076923076924,2530.4761904761904,14039.333333333334,0.0,-1,1050.0,1502060.0,-1,-1,-1,33190.434782608696,52920.555555555555,-1,-1,-1,-1,-1,-1,-1,-1,386,578100,6.432575678948279,3718672.0,97,6343240,2,800,6.432575678948279,5144.0,0,-1,-1,37881.20718496097
20230817093630000,6.43,6.42,6.42,6.42,6.42,6.42,6.42,6.42,6.42,6.42,6.43,6.44,6.45,6.46,6.47,6.48,6.49,6.5,6.51,6.52,43600,74400,25000,40300,10400,500,19800,6700,8100,9900,6.43,6.42,6.41,6.4,6.39,6.38,6.37,6.36,6.35,6.33,7600,44800,54800,62500,92900,70600,43100,15800,38600,21300,8,51,1,5,10,2,7,2,5,3,23,45,6,9,13,2,2,2,2,2,3924.8076923076924,2530.4761904761904,14039.333333333334,0.0,-1,1050.0,1502060.0,-1,-1,-1,33190.434782608696,60155.26315789474,-1,-1,-1,-1,-1,-1,-1,-1,388,579100,6.432553963046106,3725092.0,98,6533620,2,1000,6.42,6420.0,1,190380,190380.0,37687.0818065955
20230817093633000,6.42,6.43,6.43,6.43,6.43,6.42,6.42,6.43,6.42,6.43,6.43,6.44,6.45,6.46,6.47,6.48,6.49,6.5,6.51,6.52,40400,80200,25000,40300,10400,500,19800,6700,8100,12400,6.43,6.42,6.41,6.4,6.39,6.38,6.37,6.36,6.35,6.33,900,49500,54800,62500,92900,70600,43400,15800,38600,22300,8,51,1,5,10,2,7,2,5,3,23,45,6,9,14,2,2,3,2,2,3998.5454545454545,2530.4761904761904,14039.333333333334,0.0,-1,1050.0,1502060.0,-1,-1,-1,32716.285714285714,66669.5,-1,-1,-1,-1,-1,-1,-1,-1,395,589000,6.432399728076138,3788682.0,102,6739890,7,9900,6.423232323232323,63590.0,4,206270,51567.5,37356.959933089056
20230817093636000,6.43,6.43,6.43,6.43,6.43,6.43,6.43,6.43,6.43,6.43,6.43,6.44,6.45,6.46,6.47,6.48,6.49,6.5,6.51,6.52,38700,80200,26700,40300,10400,500,19800,6700,8100,12400,6.43,6.42,6.41,6.4,6.39,6.38,6.37,6.36,6.35,6.33,2200,56000,54600,62500,92900,70600,43400,15800,38600,22300,8,51,1,5,10,2,7,2,5,3,23,46,6,9,14,2,2,3,2,2,3998.5454545454545,2530.4761904761904,14039.333333333334,0.0,-1,1050.0,1502060.0,-1,-1,-1,32716.285714285714,66669.5,-1,-1,-1,-1,-1,-1,-1,-1,396,590700,6.432390384289826,3799613.0,102,6739890,1,1700,6.432390384289826,10931.0,0,-1,-1,37893.33479369125
20230817093639000,6.43,6.43,6.43,6.43,6.43,6.43,6.43,6.43,6.43,6.43,6.43,6.44,6.45,6.46,6.47,6.48,6.49,6.5,6.51,6.52,38700,80200,26700,40300,10400,500,19800,9700,8100,12400,6.43,6.42,6.41,6.4,6.39,6.38,6.37,6.36,6.35,6.33,2200,56000,54600,62500,92900,70600,43400,15800,38600,22300,8,51,1,5,10,2,7,2,5,3,23,46,6,9,14,2,2,3,2,2,3998.5454545454545,2530.4761904761904,14039.333333333334,0.0,-1,1050.0,1502060.0,-1,-1,-1,32716.285714285714,66669.5,-1,-1,-1,-1,-1,-1,-1,-1,396,590700,6.432390384289826,3799613.0,102,6739890,0,0,-1,0.0,0,-1,-1,38010.63804365142
20230817093642000,6.43,6.43,6.43,6.43,6.43,6.43,6.43,6.43,6.43,6.43,6.43,6.44,6.45,6.46,6.47,6.48,6.49,6.5,6.51,6.52,38700,80200,26700,43300,10400,500,19800,9700,8100,12400,6.43,6.42,6.41,6.4,6.39,6.38,6.37,6.36,6.35,6.33,2200,56000,54600,62500,92900,70600,43400,15800,38600,22300,8,51,1,5,10,2,7,2,5,3,23,46,6,9,14,2,2,3,2,2,3998.5454545454545,2530.4761904761904,14039.333333333334,0.0,-1,1050.0,1502060.0,-1,-1,-1,32716.285714285714,66669.5,-1,-1,-1,-1,-1,-1,-1,-1,396,590700,6.432390384289826,3799613.0,102,6739890,0,0,-1,0.0,0,-1,-1,38268.24518081886
20230817093645000,6.43,6.43,6.43,6.43,6.43,6.43,6.43,6.43,6.43,6.43,6.43,6.44,6.45,6.46,6.47,6.48,6.49,6.5,6.51,6.52,28300,80200,26700,43300,10400,500,19800,9700,8100,12400,6.42,6.41,6.4,6.39,6.38,6.37,6.36,6.35,6.33,6.32,56000,54600,62500,92900,70600,43400,15800,38600,22300,1000,8,51,1,5,10,2,7,2,5,3,23,46,6,9,14,2,2,3,2,2,3998.5454545454545,2530.4761904761904,14039.333333333334,0.0,-1,1050.0,1502060.0,-1,-1,-1,66669.5,-1,-1,-1,-1,-1,-1,-1,-1,-1,398,601100,6.432390384289826,3866485.0,102,6739890,2,10400,6.432390384289826,66872.0,0,-1,-1,37136.61382826191
20230817093648000,6.43,6.43,6.43,6.43,6.43,6.43,6.43,6.43,6.43,6.43,6.43,6.44,6.45,6.46,6.47,6.48,6.49,6.5,6.51,6.52,31400,80200,26700,43300,10400,500,19800,9700,8100,12400,6.42,6.41,6.4,6.39,6.38,6.37,6.36,6.35,6.33,6.32,56000,54600,62500,92900,70600,43400,15800,38600,22300,1000,8,51,1,5,10,2,7,2,5,3,23,46,6,9,14,2,2,3,2,2,3998.5454545454545,2530.4761904761904,14039.333333333334,0.0,-1,1050.0,1502060.0,-1,-1,-1,66669.5,-1,-1,-1,-1,-1,-1,-1,-1,-1,398,601100,6.432390384289826,3866485.0,102,6739890,0,0,-1,0.0,0,-1,-1,40586.93046041103
20230817093651000,6.43,6.43,6.43,6.43,6.43,6.43,6.43,6.43,6.43,6.43,6.43,6.44,6.45,6.46,6.47,6.48,6.49,6.5,6.51,6.52,30500,80700,26700,43300,110400,500,19800,9700,8100,12400,6.42,6.41,6.4,6.39,6.38,6.37,6.36,6.35,6.33,6.32,56000,54600,62500,93400,70600,43400,15800,38600,22300,1000,8,51,1,5,10,2,7,2,5,3,23,46,6,9,14,2,2,3,2,2,3998.5454545454545,2530.4761904761904,14039.333333333334,0.0,-1,1050.0,1502060.0,-1,-1,-1,66669.5,-1,-1,-1,-1,-1,-1,-1,-1,-1,399,602000,6.432345514950166,3872272.0,102,6739890,1,900,6.432345514950166,5787.0,0,-1,-1,45513.66695873825
20230817093654000,6.43,6.43,6.44,6.43,6.44,6.44,6.43,6.44,6.43,6.44,6.43,6.44,6.45,6.46,6.47,6.48,6.49,6.5,6.51,6.52,28700,80000,26700,43300,110400,500,19800,9700,8100,12400,6.42,6.41,6.4,6.39,6.38,6.37,6.36,6.35,6.33,6.32,58000,54600,62500,93400,70600,43400,15800,38600,22300,1000,8,51,1,5,10,2,7,2,5,3,23,46,6,9,14,2,2,3,2,2,3998.5454545454545,2530.4761904761904,14039.333333333334,0.0,-1,1050.0,1502060.0,-1,-1,-1,66669.5,-1,-1,-1,-1,-1,-1,-1,-1,-1,400,603800,6.432345125394453,3883853.0,102,6739890,1,1800,6.432345125394453,11581.0,0,-1,-1,45246.859566671985
20230817093657000,6.43,6.43,6.44,6.43,6.44,6.44,6.43,6.44,6.43,6.44,6.43,6.44,6.45,6.46,6.47,6.48,6.49,6.5,6.51,6.52,29600,82700,26700,43300,110400,500,19800,9700,8100,12400,6.42,6.41,6.4,6.39,6.38,6.37,6.36,6.35,6.33,6.32,60000,54600,63300,93400,70600,43400,16800,38600,22300,1000,8,51,1,5,10,2,7,2,5,3,23,46,6,9,14,2,2,3,2,2,3998.5454545454545,2530.4761904761904,14039.333333333334,0.0,-1,1050.0,1502060.0,-1,-1,-1,66669.5,-1,-1,-1,-1,-1,-1,-1,-1,-1,400,603800,6.432345125394453,3883853.0,102,6739890,0,0,-1,0.0,0,-1,-1,46043.908316074565
20230817093700000,6.43,6.43,6.44,6.43,6.44,6.44,6.43,6.44,6.43,6.44,6.43,6.44,6.45,6.46,6.47,6.48,6.49,6.5,6.51,6.52,33300,82300,26700,43300,110400,500,19800,9700,8100,12400,6.42,6.41,6.4,6.39,6.38,6.37,6.36,6.35,6.33,6.32,65100,56800,63300,93400,70600,43400,16800,38600,22300,1000,8,51,1,5,10,2,7,2,5,3,23,46,6,9,14,2,2,3,2,2,3998.5454545454545,2530.4761904761904,14039.333333333334,0.0,-1,1050.0,1502060.0,-1,-1,-1,66669.5,-1,-1,-1,-1,-1,-1,-1,-1,-1,400,603800,6.432345125394453,3883853.0,102,6739890,0,0,-1,0.0,0,-1,-1,47147.938903935
20230817093703000,6.42,6.43,6.43,6.43,6.43,6.43,6.43,6.43,6.42,6.43,6.43,6.44,6.45,6.46,6.47,6.48,6.49,6.5,6.51,6.52,33300,82700,26700,43300,110400,500,20800,9700,8100,12400,6.42,6.41,6.4,6.39,6.38,6.37,6.36,6.35,6.33,6.32,65500,60800,63300,93400,70600,43400,16800,38600,22300,1000,8,51,1,5,10,2,8,2,5,3,23,46,6,9,14,2,2,3,2,2,3998.5454545454545,2530.4761904761904,14039.333333333334,0.0,-1,1050.0,1502060.0,-1,-1,-1,66669.5,-1,-1,-1,-1,-1,-1,-1,-1,-1,403,608500,6.432299096138045,3914054.0,102,6739890,3,4700,6.432299096138045,30201.0,0,-1,-1,47555.05018320854
20230817093706000,6.43,6.43,6.43,6.43,6.43,6.43,6.43,6.43,6.43,6.43,6.43,6.44,6.45,6.46,6.47,6.48,6.49,6.5,6.51,6.52,29700,82700,26700,43300,110400,500,20800,9700,8100,12400,6.42,6.41,6.4,6.39,6.38,6.37,6.36,6.35,6.33,6.32,66100,60800,63300,93400,70600,43400,16800,38600,22300,1000,8,51,1,5,10,2,8,2,5,3,23,46,6,9,14,2,2,3,2,2,3998.5454545454545,2530.4761904761904,14039.333333333334,0.0,-1,1050.0,1502060.0,-1,-1,-1,66669.5,-1,-1,-1,-1,-1,-1,-1,-1,-1,405,612200,6.432299096138045,3937845.0,102,6739890,2,3700,6.432299096138045,23791.0,0,-1,-1,43087.73299346822
20230817093709000,6.43,6.43,6.43,6.43,6.43,6.43,6.43,6.43,6.43,6.43,6.43,6.44,6.45,6.46,6.47,6.48,6.49,6.5,6.51,6.52,26100,82700,26700,43300,110400,500,20800,9700,8100,12400,6.42,6.41,6.4,6.39,6.38,6.37,6.36,6.35,6.33,6.32,67100,60800,63500,93400,70600,43400,16800,38600,22300,1000,8,51,1,5,10,2,8,2,5,3,23,46,6,9,14,2,2,3,2,2,3998.5454545454545,2530.4761904761904,14039.333333333334,0.0,-1,1050.0,1502060.0,-1,-1,-1,66669.5,-1,-1,-1,-1,-1,-1,-1,-1,-1,407,616000,6.432299096138045,3962279.0,102,6739890,2,3800,6.432299096138045,24434.0,0,-1,-1,46613.86410705752
20230817093712000,6.43,6.43,6.43,6.43,6.43,6.43,6.43,6.43,6.43,6.43,6.43,6.44,6.45,6.46,6.47,6.48,6.49,6.5,6.51,6.52,24900,82700,26700,43300,110400,500,20800,9700,8100,12400,6.42,6.41,6.4,6.39,6.38,6.37,6.36,6.35,6.33,6.32,67100,60800,63500,93400,70600,44200,16800,38600,22300,1000,8,51,1,5,10,2,8,2,5,3,23,46,6,9,14,2,2,3,2,2,3998.5454545454545,2530.4761904761904,14039.333333333334,0.0,-1,1050.0,1502060.0,-1,-1,-1,66669.5,-1,-1,-1,-1,-1,-1,-1,-1,-1,409,617200,6.432299096138045,3969995.0,102,6739890,2,1200,6.432299096138045,7716.0,0,-1,-1,46540.26206786682
20230817093715000,6.44,6.44,6.44,6.44,6.44,6.44,6.44,6.44,6.44,6.44,6.43,6.44,6.45,6.46,6.47,6.48,6.49,6.5,6.51,6.52,15600,66400,26700,43300,110400,500,20800,9700,8100,12400,6.43,6.42,6.41,6.4,6.39,6.38,6.37,6.36,6.35,6.33,4300,67100,60800,63500,93400,69100,44200,16800,38600,22300,8,52,1,5,10,2,8,2,5,3,23,47,6,9,15,2,2,3,2,2,3998.5454545454545,11175.454545454546,14039.333333333334,0.0,-1,1050.0,1502060.0,-1,-1,-1,31807.5,66669.5,-1,-1,-1,-1,-1,-1,-1,-1,413,626500,6.432349735534541,4029887.0,103,6932610,4,9300,6.44,59892.0,1,192720,192720.0,39582.81922096544
20230817093718000,6.44,6.44,6.44,6.44,6.44,6.44,6.44,6.44,6.44,6.44,6.43,6.44,6.45,6.46,6.47,6.48,6.49,6.5,6.51,6.52,14100,64900,26700,43300,110400,500,20800,9700,8100,12400,6.43,6.42,6.41,6.4,6.39,6.38,6.37,6.36,6.35,6.33,9700,67100,60800,63500,93400,69100,55200,16800,38600,22300,8,52,1,5,10,2,8,2,5,3,23,51,6,9,15,2,2,3,2,2,3998.5454545454545,11175.454545454546,14039.333333333334,0.0,-1,1050.0,1502060.0,-1,-1,-1,31807.5,66669.5,-1,-1,-1,-1,-1,-1,-1,-1,414,628000,6.432399681528662,4039547.0,103,6932610,1,1500,6.432399681528662,9660.0,0,-1,-1,39964.62979926717
20230817093721000,6.44,6.43,6.43,6.43,6.43,6.44,6.44,6.44,6.43,6.43,6.43,6.44,6.45,6.46,6.47,6.48,6.49,6.5,6.51,6.52,14000,64800,26700,58300,110400,500,20800,9700,8100,12400,6.43,6.42,6.41,6.4,6.39,6.38,6.37,6.36,6.35,6.33,8800,77100,60800,64500,93400,69100,55200,16800,38600,22300,8,52,1,5,10,2,8,2,5,3,23,51,6,9,16,2,2,3,2,2,3927.1428571428573,11175.454545454546,14039.333333333334,0.0,-1,1050.0,1502060.0,-1,-1,-1,31807.5,66669.5,-1,-1,-1,-1,-1,-1,-1,-1,416,629000,6.432397456279809,4045978.0,103,6932610,2,1000,6.432397456279809,6431.0,0,-1,-1,40932.18993946154
20230817093724000,6.43,6.44,6.44,6.44,6.44,6.43,6.43,6.44,6.43,6.44,6.43,6.44,6.45,6.46,6.47,6.48,6.49,6.5,6.51,6.52,7900,58700,27100,58300,110400,500,20800,9700,8100,12400,6.43,6.42,6.41,6.4,6.39,6.38,6.37,6.36,6.35,6.33,5100,77100,60800,62000,93400,70100,55200,16800,38600,22300,8,52,1,5,10,2,8,2,5,3,23,52,6,9,16,2,2,3,2,2,3858.245614035088,11175.454545454546,14039.333333333334,0.0,-1,1050.0,1502060.0,-1,-1,-1,31807.5,66669.5,-1,-1,-1,-1,-1,-1,-1,-1,418,635700,6.432395171537484,4089120.0,103,6932610,2,6700,6.432395171537484,43142.0,0,-1,-1,39929.3621554883
20230817093727000,6.44,6.43,6.43,6.43,6.43,6.43,6.43,6.43,6.43,6.43,6.43,6.44,6.45,6.46,6.47,6.48,6.49,6.5,6.51,6.52,5300,61600,27100,58300,110400,500,20800,9700,8100,12400,6.43,6.42,6.41,6.4,6.39,6.38,6.37,6.36,6.35,6.33,7500,77000,60800,67500,93400,70100,55200,16800,38600,22300,8,53,1,5,10,2,8,2,5,3,23,55,6,9,16,2,2,3,2,2,3858.245614035088,11175.454545454546,14039.333333333334,0.0,-1,1050.0,1502060.0,-1,-1,-1,31807.5,66669.5,-1,-1,-1,-1,-1,-1,-1,-1,419,638300,6.432465043205028,4105838.0,103,6932610,1,2600,6.432465043205028,16718.0,0,-1,-1,40352.5738808348
20230817093730000,6.43,6.43,6.43,6.43,6.43,6.43,6.43,6.43,6.43,6.43,6.43,6.44,6.45,6.46,6.47,6.48,6.49,6.5,6.51,6.52,5300,61600,27100,58300,110400,500,20800,9700,8100,12400,6.43,6.42,6.41,6.4,6.39,6.38,6.37,6.36,6.35,6.33,6500,77000,61800,67500,93400,70100,55200,16800,38600,22300,8,53,1,5,10,2,8,2,5,3,23,55,6,9,16,2,2,3,2,2,3791.7241379310344,11175.454545454546,14039.333333333334,0.0,-1,1050.0,1502060.0,-1,-1,-1,31807.5,66669.5,-1,-1,-1,-1,-1,-1,-1,-1,420,639300,6.432465043205028,4112268.0,103,6932610,1,1000,6.432465043205028,6430.0,0,-1,-1,40246.770949498175
20230817093733000,6.43,6.44,6.44,6.44,6.44,6.44,6.44,6.44,6.44,6.44,6.43,6.44,6.45,6.46,6.47,6.48,6.49,6.5,6.51,6.52,4000,60300,27100,58300,110400,500,20800,9700,8100,12400,6.43,6.42,6.41,6.4,6.39,6.38,6.37,6.36,6.35,6.33,6500,76900,61800,67500,93400,70100,55200,16800,38600,22300,8,53,1,5,10,2,8,2,5,3,23,55,6,9,16,2,2,3,2,2,3791.7241379310344,11175.454545454546,14039.333333333334,0.0,-1,1050.0,1502060.0,-1,-1,-1,31807.5,66669.5,-1,-1,-1,-1,-1,-1,-1,-1,421,640600,6.432465043205028,4120640.0,103,6932610,1,1300,6.432465043205028,8372.0,0,-1,-1,40002.96419467899
20230817093736000,6.44,6.44,6.44,6.44,6.44,6.44,6.44,6.44,6.44,6.44,6.44,6.45,6.46,6.47,6.48,6.49,6.5,6.51,6.52,6.53,54900,27100,58300,110400,500,20800,9700,8100,12400,17000,6.43,6.42,6.41,6.4,6.39,6.38,6.37,6.36,6.35,6.33,8700,76900,61800,67500,96400,70100,55200,16800,38600,22300,8,53,1,5,10,2,8,2,5,3,23,56,6,9,16,2,2,3,2,2,11175.454545454546,14039.333333333334,0.0,-1,1050.0,1502060.0,-1,-1,-1,-1,31807.5,66669.5,-1,-1,-1,-1,-1,-1,-1,-1,423,646600,6.432465043205028,4159280.0,103,6932610,2,6000,6.432465043205028,38640.0,0,-1,-1,44678.48096224311
20230817093739000,6.44,6.44,6.44,6.44,6.44,6.44,6.44,6.44,6.44,6.44,6.44,6.45,6.46,6.47,6.48,6.49,6.5,6.51,6.52,6.53,56000,27100,58300,110400,500,20800,9700,8100,12400,17000,6.43,6.42,6.41,6.4,6.39,6.38,6.37,6.36,6.35,6.33,18700,76900,61800,67500,96400,70600,55200,16800,38600,22300,8,53,1,5,10,2,8,2,5,3,23,58,6,9,16,2,2,3,2,2,11175.454545454546,14039.333333333334,0.0,-1,1050.0,1502060.0,-1,-1,-1,-1,31807.5,66669.5,-1,-1,-1,-1,-1,-1,-1,-1,423,646600,6.432465043205028,4159280.0,103,6932610,0,0,-1,0.0,0,-1,-1,45951.566233869686
20230817093742000,6.44,6.44,6.44,6.44,6.44,6.44,6.44,6.44,6.44,6.44,6.44,6.45,6.46,6.47,6.48,6.49,6.5,6.51,6.52,6.53,56000,27100,58300,110400,500,20800,9700,8100,12400,17000,6.43,6.42,6.41,6.4,6.39,6.38,6.37,6.36,6.35,6.33,18700,76900,61800,67500,96400,70600,55200,16800,38600,22300,8,53,1,5,10,2,8,2,5,3,23,58,6,9,16,2,2,3,2,2,11175.454545454546,14039.333333333334,0.0,-1,1050.0,1502060.0,-1,-1,-1,-1,31807.5,66669.5,-1,-1,-1,-1,-1,-1,-1,-1,423,646600,6.432465043205028,4159280.0,103,6932610,0,0,-1,0.0,0,-1,-1,45951.566233869686
20230817093745000,6.44,6.44,6.44,6.44,6.44,6.44,6.44,6.44,6.44,6.44,6.44,6.45,6.46,6.47,6.48,6.49,6.5,6.51,6.52,6.53,52000,27100,58300,110400,500,20800,9700,8100,12400,17000,6.43,6.42,6.41,6.4,6.39,6.38,6.37,6.36,6.35,6.33,21700,86600,61800,67500,106400,70600,55200,16800,38600,22300,8,53,1,5,10,2,8,2,5,3,23,60,6,9,16,2,2,3,2,2,11175.454545454546,14039.333333333334,0.0,-1,1050.0,1502060.0,-1,-1,-1,-1,31807.5,66669.5,-1,-1,-1,-1,-1,-1,-1,-1,425,650600,6.432465043205028,4185040.0,103,6932610,2,4000,6.432465043205028,25760.0,0,-1,-1,42524.67042376932
20230817093748000,6.43,6.43,6.43,6.43,6.43,6.44,6.44,6.44,6.43,6.43,6.44,6.45,6.46,6.47,6.48,6.49,6.5,6.51,6.52,6.53,52700,27100,58300,110400,500,20800,9700,8100,12400,17000,6.43,6.42,6.41,6.4,6.39,6.38,6.37,6.36,6.35,6.33,19200,86600,61800,68500,106400,70600,55200,16800,38600,22300,8,53,1,5,10,2,8,2,5,3,23,61,6,9,16,2,2,3,2,2,11175.454545454546,14039.333333333334,0.0,-1,1050.0,1502060.0,-1,-1,-1,-1,31807.5,66669.5,-1,-1,-1,-1,-1,-1,-1,-1,428,653700,6.432465043205028,4204974.0,103,6932610,3,3100,6.432465043205028,19934.0,0,-1,-1,41365.423371037126
20230817093751000,6.43,6.43,6.43,6.43,6.43,6.43,6.43,6.43,6.43,6.43,6.44,6.45,6.46,6.47,6.48,6.49,6.5,6.51,6.52,6.53,56000,27100,58300,110400,500,20800,9700,8100,12400,17000,6.43,6.42,6.41,6.4,6.39,6.38,6.37,6.36,6.35,6.33,21300,86600,61800,68500,107900,70600,55200,16800,38600,22300,8,53,1,5,10,2,8,2,5,3,23,62,6,9,16,2,2,3,2,2,11175.454545454546,14039.333333333334,0.0,-1,1050.0,1502060.0,-1,-1,-1,-1,31807.5,66669.5,-1,-1,-1,-1,-1,-1,-1,-1,428,653700,6.432465043205028,4204974.0,103,6932610,0,0,-1,0.0,0,-1,-1,47350.33355902501
20230817093754000,6.43,6.44,6.44,6.44,6.44,6.44,6.44,6.44,6.44,6.44,6.44,6.45,6.46,6.47,6.48,6.49,6.5,6.51,6.52,6.53,56000,27100,58300,110400,500,20800,9700,8100,12400,17000,6.43,6.42,6.41,6.4,6.39,6.38,6.37,6.36,6.35,6.33,23300,91600,61800,68500,107900,70600,55200,16800,38600,22300,8,53,1,5,10,2,8,2,5,3,23,63,6,9,16,2,2,3,2,2,11175.454545454546,14039.333333333334,0.0,-1,1050.0,1502060.0,-1,-1,-1,-1,31807.5,66669.5,-1,-1,-1,-1,-1,-1,-1,-1,429,653800,6.432465043205028,4205618.0,103,6932610,1,100,6.432465043205028,644.0,0,-1,-1,47704.54337263024
20230817093757000,6.43,6.44,6.44,6.44,6.44,6.44,6.44,6.44,6.43,6.44,6.44,6.45,6.46,6.47,6.48,6.49,6.5,6.51,6.52,6.53,52300,27100,58300,110400,500,20800,9700,8100,12400,17000,6.43,6.42,6.41,6.4,6.39,6.38,6.37,6.36,6.35,6.33,22700,91600,67100,68500,107900,70600,55200,16800,38600,22300,8,53,1,5,10,2,8,2,5,3,23,65,6,9,16,2,2,3,2,2,11175.454545454546,14039.333333333334,0.0,-1,1050.0,1502060.0,-1,-1,-1,-1,31807.5,66669.5,-1,-1,-1,-1,-1,-1,-1,-1,432,656600,6.432465043205028,4223626.0,103,6932610,3,2800,6.432465043205028,18008.0,0,-1,-1,43177.06707025649
20230817093800000,6.43,6.44,6.44,6.44,6.44,6.44,6.44,6.44,6.44,6.44,6.44,6.45,6.46,6.47,6.48,6.49,6.5,6.51,6.52,6.53,52300,27100,58300,110400,500,20800,9700,8100,12400,17000,6.43,6.42,6.41,6.4,6.39,6.38,6.37,6.36,6.35,6.33,23700,91600,67100,68500,107900,70600,55200,16800,38600,22300,8,53,1,5,10,2,8,2,5,3,23,66,6,9,16,2,2,3,2,2,11175.454545454546,14039.333333333334,0.0,-1,1050.0,1502060.0,-1,-1,-1,-1,31807.5,66669.5,-1,-1,-1,-1,-1,-1,-1,-1,432,656600,6.432465043205028,4223626.0,103,6932610,0,0,-1,0.0,0,-1,-1,47707.30344909989
20230817093803000,6.44,6.44,6.44,6.44,6.44,6.44,6.44,6.44,6.44,6.44,6.44,6.45,6.46,6.47,6.48,6.49,6.5,6.51,6.52,6.53,50000,27100,58300,110400,500,20800,9700,8100,12400,17000,6.43,6.42,6.41,6.4,6.39,6.38,6.37,6.36,6.35,6.33,25700,91600,67600,68500,107900,70600,55200,16800,38600,22300,8,53,1,5,10,2,8,2,5,3,23,67,6,9,16,2,2,3,2,2,11175.454545454546,14039.333333333334,0.0,-1,1050.0,1502060.0,-1,-1,-1,-1,31807.5,66669.5,-1,-1,-1,-1,-1,-1,-1,-1,435,658900,6.432465043205028,4238438.0,103,6932610,3,2300,6.432465043205028,14812.0,0,-1,-1,43089.66464871753
20230817093806000,6.44,6.44,6.44,6.44,6.44,6.43,6.43,6.44,6.43,6.44,6.44,6.45,6.46,6.47,6.48,6.49,6.5,6.51,6.52,6.53,51000,27100,58300,110400,500,20800,9700,8100,12400,17000,6.43,6.42,6.41,6.4,6.39,6.38,6.37,6.36,6.35,6.33,19700,91600,67600,68500,107900,70600,55200,16800,38600,22300,8,53,1,5,10,2,8,2,5,3,23,68,6,9,16,2,2,3,2,2,11175.454545454546,14039.333333333334,0.0,-1,1050.0,1502060.0,-1,-1,-1,-1,31807.5,66669.5,-1,-1,-1,-1,-1,-1,-1,-1,438,667000,6.432465043205028,4290539.0,103,6932610,3,8100,6.432465043205028,52101.0,0,-1,-1,43112.665285964635
20230817093809000,6.44,6.44,6.44,6.44,6.44,6.44,6.44,6.44,6.44,6.44,6.44,6.45,6.46,6.47,6.48,6.49,6.5,6.51,6.52,6.53,52800,27500,58300,110400,500,20800,9700,8100,12400,17000,6.43,6.42,6.41,6.4,6.39,6.38,6.37,6.36,6.35,6.33,19700,91600,69400,68500,107900,70600,55200,16800,38600,22300,8,53,1,5,10,2,8,2,5,3,23,68,6,9,16,2,2,3,2,2,11175.454545454546,14039.333333333334,0.0,-1,1050.0,1502060.0,-1,-1,-1,-1,31807.5,66669.5,-1,-1,-1,-1,-1,-1,-1,-1,439,667900,6.432465043205028,4296335.0,103,6932610,1,900,6.432465043205028,5796.0,0,-1,-1,47199.44937868409
20230817093812000,6.44,6.43,6.43,6.43,6.43,6.43,6.43,6.43,6.43,6.43,6.44,6.45,6.46,6.47,6.48,6.49,6.5,6.51,6.52,6.53,50300,27500,58300,110400,500,20800,9700,8100,12400,17000,6.43,6.42,6.41,6.4,6.39,6.38,6.37,6.36,6.35,6.33,17000,91600,69400,68500,107900,70600,55200,16800,38600,22300,8,53,1,5,10,2,8,2,5,3,23,68,6,9,16,2,2,3,2,2,11175.454545454546,14039.333333333334,0.0,-1,1050.0,1502060.0,-1,-1,-1,-1,31807.5,66669.5,-1,-1,-1,-1,-1,-1,-1,-1,440,670600,6.432465043205028,4313696.0,103,6932610,1,2700,6.432465043205028,17361.0,0,-1,-1,47351.2535845149
20230817093815000,6.44,6.44,6.44,6.44,6.44,6.44,6.44,6.44,6.44,6.44,6.44,6.45,6.46,6.47,6.48,6.49,6.5,6.51,6.52,6.53,48800,27500,58300,110400,500,20800,9700,8100,12400,17000,6.43,6.42,6.41,6.4,6.39,6.38,6.37,6.36,6.35,6.33,17300,91600,69600,68500,107900,70600,55200,16800,39300,22300,8,53,1,5,10,2,8,2,5,3,23,69,6,9,16,2,2,3,2,2,11175.454545454546,14039.333333333334,0.0,-1,1050.0,1502060.0,-1,-1,-1,-1,31807.5,66669.5,-1,-1,-1,-1,-1,-1,-1,-1,443,672400,6.432465043205028,4325288.0,103,6932610,3,1800,6.432465043205028,11592.0,0,-1,-1,42788.35630078062
20230817093818000,6.44,6.43,6.43,6.43,6.43,6.44,6.44,6.44,6.43,6.43,6.44,6.45,6.46,6.47,6.48,6.49,6.5,6.51,6.52,6.53,48600,27500,58300,110400,500,20800,9700,8100,12400,17000,6.43,6.42,6.41,6.4,6.39,6.38,6.37,6.36,6.35,6.33,3500,91600,69600,68500,107900,70600,55200,16800,39300,22300,8,53,1,5,10,2,8,2,5,3,23,68,6,9,16,2,2,3,2,2,11175.454545454546,14039.333333333334,0.0,-1,1050.0,1502060.0,-1,-1,-1,-1,32696.164383561645,66669.5,-1,-1,-1,-1,-1,-1,-1,-1,446,686500,6.432562272396213,4415954.0,104,7029290,3,14100,6.430212765957447,90666.0,1,96680,96680.0,40354.66186076152
20230817093821000,6.43,6.43,6.43,6.43,6.43,6.43,6.43,6.43,6.43,6.43,6.44,6.45,6.46,6.47,6.48,6.49,6.5,6.51,6.52,6.53,48600,27500,58300,110400,500,20800,9700,8100,12400,17000,6.43,6.42,6.41,6.4,6.39,6.38,6.37,6.36,6.35,6.33,1300,97300,69600,68500,107900,70600,55200,16800,39300,22300,8,53,1,5,10,2,8,2,5,3,23,67,6,9,16,2,2,3,2,2,11175.454545454546,14039.333333333334,0.0,-1,1050.0,1502060.0,-1,-1,-1,-1,33559.59459459459,66669.5,-1,-1,-1,-1,-1,-1,-1,-1,448,688700,6.432554087411065,4430100.0,105,7125880,2,2200,6.43,14146.0,1,96590,96590.0,40660.570336147845
20230817093824000,6.42,6.43,6.43,6.43,6.43,6.42,6.43,6.43,6.42,6.43,6.42,6.43,6.44,6.45,6.46,6.47,6.48,6.49,6.5,6.51,3200,15200,71300,27500,58300,110400,500,20800,9700,8100,6.43,6.41,6.4,6.39,6.38,6.37,6.36,6.35,6.33,6.32,200,69600,68500,107900,70600,55200,16800,39300,22300,1000,8,53,1,5,11,2,8,2,5,3,23,52,6,9,16,2,2,3,2,2,1625.9259259259259,3610.0,11175.454545454546,14039.333333333334,0.0,-1,1050.0,1502060.0,-1,-1,39359.77777777778,-1,-1,-1,-1,-1,-1,-1,-1,-1,490,946800,6.430325306294888,6088232.0,145,13234440,42,258100,6.424378148004649,1658132.0,40,6108560,152714.0,36516.563445913656
20230817093827000,6.42,6.43,6.43,6.43,6.43,6.43,6.43,6.43,6.43,6.43,6.42,6.43,6.44,6.45,6.46,6.47,6.48,6.49,6.5,6.51,3200,15300,71300,27500,58300,110400,500,20800,9700,8100,6.43,6.41,6.4,6.39,6.38,6.37,6.36,6.35,6.33,6.32,200,69600,68500,107900,70800,55200,16800,39300,22300,1000,8,53,1,5,11,2,8,2,5,3,23,52,6,9,16,2,2,3,2,2,1625.9259259259259,3610.0,11175.454545454546,14039.333333333334,0.0,-1,1050.0,1502060.0,-1,-1,39359.77777777778,-1,-1,-1,-1,-1,-1,-1,-1,-1,490,946800,6.430325306294888,6088232.0,145,13234440,0,0,-1,0.0,0,-1,-1,36884.57364186714
20230817093830000,6.43,6.43,6.43,6.43,6.43,6.43,6.43,6.43,6.43,6.43,6.42,6.43,6.44,6.45,6.46,6.47,6.48,6.49,6.5,6.51,2700,18600,68500,27500,58300,110400,500,20800,9700,8100,6.43,6.41,6.4,6.39,6.38,6.37,6.36,6.35,6.33,6.32,200,69600,68500,107900,70800,55200,28500,39300,22300,1000,8,53,1,5,11,2,8,2,5,3,23,52,6,9,16,2,2,3,2,2,1625.9259259259259,3610.0,11175.454545454546,14039.333333333334,0.0,-1,1050.0,1502060.0,-1,-1,38927.25274725275,-1,-1,-1,-1,-1,-1,-1,-1,-1,491,947300,6.430325134593054,6091447.0,145,13234440,1,500,6.430325134593054,3215.0,0,-1,-1,37453.67512346662
20230817093833000,6.43,6.43,6.43,6.43,6.43,6.43,6.43,6.43,6.43,6.43,6.42,6.43,6.44,6.45,6.46,6.47,6.48,6.49,6.5,6.51,800,22100,68500,27500,58300,110400,500,20800,9700,8100,6.41,6.4,6.39,6.38,6.37,6.36,6.35,6.33,6.32,6.31,69600,69500,107900,70800,55200,28500,39300,22300,1000,25800,8,53,1,5,11,2,8,2,5,3,23,52,6,9,16,2,2,3,2,2,1625.9259259259259,3610.0,11175.454545454546,14039.333333333334,0.0,-1,1050.0,1502060.0,-1,-1,-1,-1,-1,-1,-1,-1,-1,-1,-1,-1,493,949200,6.430324483775811,6103664.0,145,13234440,2,1900,6.430324483775811,12217.0,0,-1,-1,42560.524534013064
20230817093836000,6.43,6.42,6.42,6.42,6.42,6.42,6.42,6.43,6.42,6.42,6.42,6.43,6.44,6.45,6.46,6.47,6.48,6.49,6.5,6.51,700,23300,68500,27500,58300,110400,500,20800,9700,8100,6.42,6.41,6.4,6.39,6.38,6.37,6.36,6.35,6.33,6.32,300,71600,69500,107900,70800,55200,28500,39300,22300,1000,8,53,1,5,11,2,8,2,5,3,23,52,6,9,16,2,2,3,2,2,1540.3508771929824,3610.0,11175.454545454546,14039.333333333334,0.0,-1,1050.0,1502060.0,-1,-1,148434.6511627907,-1,-1,-1,-1,-1,-1,-1,-1,-1,497,950100,6.430323362123446,6109443.0,145,13234440,4,900,6.430323362123446,5779.0,0,-1,-1,37531.87729010674
20230817093839000,6.42,6.43,6.43,6.43,6.43,6.42,6.42,6.43,6.42,6.43,6.42,6.43,6.44,6.45,6.46,6.47,6.48,6.49,6.5,6.51,600,38200,68500,27500,58300,110400,500,20800,9700,8100,6.42,6.41,6.4,6.39,6.38,6.37,6.36,6.35,6.33,6.32,200,71600,67100,107900,70800,55200,28500,39300,22300,1000,8,53,1,5,11,2,8,2,5,3,23,52,6,9,16,2,2,3,2,2,1513.7931034482758,3610.0,11175.454545454546,14039.333333333334,0.0,-1,1050.0,1502060.0,-1,-1,148434.6511627907,-1,-1,-1,-1,-1,-1,-1,-1,-1,499,950300,6.4303146374829,6110728.0,145,13234440,2,200,6.4303146374829,1285.0,0,-1,-1,38999.317946471245
20230817093842000,6.43,6.42,6.42,6.42,6.42,6.42,6.42,6.42,6.42,6.42,6.42,6.43,6.44,6.45,6.46,6.47,6.48,6.49,6.5,6.51,600,38200,68500,27500,58300,110400,500,20800,9700,8100,6.42,6.41,6.4,6.39,6.38,6.37,6.36,6.35,6.33,6.32,300,71600,67100,107900,70800,55200,28500,39300,22300,1000,8,53,1,5,11,2,8,2,5,3,23,52,6,9,16,2,2,3,2,2,1463.3333333333333,3610.0,11175.454545454546,14039.333333333334,0.0,-1,1050.0,1502060.0,-1,-1,148434.6511627907,-1,-1,-1,-1,-1,-1,-1,-1,-1,501,950900,6.4303146374829,6114580.0,145,13234440,2,600,6.4303146374829,3852.0,0,-1,-1,38968.0370798152
20230817093845000,6.42,6.42,6.42,6.42,6.42,6.42,6.42,6.42,6.42,6.42,6.42,6.43,6.44,6.45,6.46,6.47,6.48,6.49,6.5,6.51,200,38300,68500,27500,58300,110400,500,20800,9700,8100,6.42,6.41,6.4,6.39,6.38,6.37,6.36,6.35,6.33,6.32,2100,71600,67100,107900,70800,55200,28500,39300,22300,1000,8,53,1,5,11,2,8,2,5,3,23,52,6,9,16,2,2,3,2,2,1416.1290322580646,3610.0,11175.454545454546,14039.333333333334,0.0,-1,1050.0,1502060.0,-1,-1,148434.6511627907,-1,-1,-1,-1,-1,-1,-1,-1,-1,504,951700,6.4303146374829,6119716.0,145,13234440,3,800,6.4303146374829,5136.0,0,-1,-1,38903.63529552334
20230817093848000,6.42,6.42,6.42,6.42,6.42,6.42,6.42,6.42,6.42,6.42,6.42,6.43,6.44,6.45,6.46,6.47,6.48,6.49,6.5,6.51,200,38300,68500,27500,58300,110400,500,20800,9700,8100,6.42,6.41,6.4,6.39,6.38,6.37,6.36,6.35,6.33,6.32,12100,81600,67100,107900,70800,55200,28500,39300,22300,1000,8,53,1,5,11,2,8,2,5,3,23,52,6,9,16,2,2,3,2,2,1416.1290322580646,3610.0,11175.454545454546,14039.333333333334,0.0,-1,1050.0,1502060.0,-1,-1,148434.6511627907,-1,-1,-1,-1,-1,-1,-1,-1,-1,504,951700,6.4303146374829,6119716.0,145,13234440,0,0,-1,0.0,0,-1,-1,39915.663334395416
20230817093851000,6.42,6.42,6.42,6.42,6.42,6.42,6.42,6.42,6.42,6.42,6.42,6.43,6.44,6.45,6.46,6.47,6.48,6.49,6.5,6.51,200,38300,68500,27500,58300,110400,500,20800,9700,8100,6.42,6.41,6.4,6.39,6.38,6.37,6.36,6.35,6.33,6.32,12200,81600,67100,107900,70800,55200,28500,39300,22300,1000,8,53,1,5,11,2,8,2,5,3,23,52,6,9,16,2,2,3,2,2,1416.1290322580646,3610.0,11175.454545454546,14039.333333333334,0.0,-1,1050.0,1502060.0,-1,-1,148434.6511627907,-1,-1,-1,-1,-1,-1,-1,-1,-1,504,951700,6.4303146374829,6119716.0,145,13234440,0,0,-1,0.0,0,-1,-1,40605.68245180819
20230817093854000,6.42,6.43,6.43,6.43,6.43,6.43,6.43,6.43,6.43,6.43,6.43,6.44,6.45,6.46,6.47,6.48,6.49,6.5,6.51,6.52,38100,68500,27500,58300,110400,500,20800,9700,8100,15100,6.42,6.41,6.4,6.39,6.38,6.37,6.36,6.35,6.33,6.32,12200,81600,67100,107900,70800,55200,28500,39300,22300,1000,8,53,1,5,11,2,8,2,5,3,23,52,6,9,16,2,2,3,2,2,3610.0,11175.454545454546,14039.333333333334,0.0,-1,1050.0,1502060.0,-1,-1,-1,148434.6511627907,-1,-1,-1,-1,-1,-1,-1,-1,-1,505,951900,6.430299401197605,6121002.0,145,13234440,1,200,6.430299401197605,1286.0,0,-1,-1,37083.95033455472
