timestamp,preclose,open,high,low,close,preclose_range,open_range,high_range,low_range,close_range,ask_price_0,ask_price_1,ask_price_2,ask_price_3,ask_price_4,ask_price_5,ask_price_6,ask_price_7,ask_price_8,ask_price_9,ask_volume_0,ask_volume_1,ask_volume_2,ask_volume_3,ask_volume_4,ask_volume_5,ask_volume_6,ask_volume_7,ask_volume_8,ask_volume_9,bid_price_0,bid_price_1,bid_price_2,bid_price_3,bid_price_4,bid_price_5,bid_price_6,bid_price_7,bid_price_8,bid_price_9,bid_volume_0,bid_volume_1,bid_volume_2,bid_volume_3,bid_volume_4,bid_volume_5,bid_volume_6,bid_volume_7,bid_volume_8,bid_volume_9,ask_order_num_0,ask_order_num_1,ask_order_num_2,ask_order_num_3,ask_order_num_4,ask_order_num_5,ask_order_num_6,ask_order_num_7,ask_order_num_8,ask_order_num_9,bid_order_num_0,bid_order_num_1,bid_order_num_2,bid_order_num_3,bid_order_num_4,bid_order_num_5,bid_order_num_6,bid_order_num_7,bid_order_num_8,bid_order_num_9,ask_order_stale_0,ask_order_stale_1,ask_order_stale_2,ask_order_stale_3,ask_order_stale_4,ask_order_stale_5,ask_order_stale_6,ask_order_stale_7,ask_order_stale_8,ask_order_stale_9,bid_order_stale_0,bid_order_stale_1,bid_order_stale_2,bid_order_stale_3,bid_order_stale_4,bid_order_stale_5,bid_order_stale_6,bid_order_stale_7,bid_order_stale_8,bid_order_stale_9,order_num,volume,VWAP,amount,passive_num,passive_stale_total,order_num_range,volume_range,VWAP_range,amount_range,passive_num_range,passive_stale_total_range,passive_stale_avg_range,depth
20230816093006000,6.51,6.52,6.52,6.52,6.52,6.53,6.53,6.53,6.51,6.52,6.52,6.53,6.54,6.55,6.56,6.57,6.58,6.59,6.6,6.61,5200,3800,9000,6100,26800,8800,30200,21800,5000,500,6.52,6.51,6.5,6.49,6.48,6.47,6.46,6.45,6.44,6.43,2000,44100,11400,1000,3100,5800,1100,7300,3600,5000,6,42,8,3,1,7,1,3,4,11,3,1,2,2,4,3,2,6,6,9,0.0,-1,210.0,-1,-1,-1,-1,-1,-1,-1,0.0,-1,-1,-1,-1,-1,-1,-1,-1,-1,31,19300,6.5392528735632185,126171.0,4,2360660,12,7200,6.5392528735632185,46960.0,0,-1,-1,10568.012187350645
20230816093009000,6.52,6.51,6.51,6.51,6.51,6.51,6.51,6.51,6.51,6.51,6.51,6.52,6.53,6.54,6.55,6.56,6.57,6.58,6.59,6.6,2200,5200,3700,9000,6100,26800,8800,30200,21800,5000,6.52,6.51,6.5,6.49,6.48,6.47,6.46,6.45,6.44,6.43,2000,42300,11400,1000,3100,5800,1100,7300,3600,5000,6,42,8,3,1,7,1,3,4,11,3,1,2,2,4,3,2,6,6,9,0.0,0.0,-1,210.0,-1,-1,-1,-1,-1,-1,0.0,-1,-1,-1,-1,-1,-1,-1,-1,-1,32,21100,6.5392528735632185,137889.0,4,2360660,1,1800,6.5392528735632185,11718.0,0,-1,-1,9907.577266209972
20230816093012000,6.5,6.5,6.5,6.5,6.5,6.51,6.51,6.52,6.5,6.5,6.51,6.52,6.53,6.54,6.55,6.56,6.57,6.58,6.59,6.6,29200,3800,3700,9000,4900,26800,8800,30200,21800,5000,6.51,6.5,6.49,6.48,6.47,6.46,6.45,6.44,6.43,6.42,36000,6800,1000,3100,5800,1100,7300,3600,5000,2000,6,42,8,3,1,7,1,3,4,11,3,1,2,2,4,3,2,6,6,9,400.0,0.0,-1,210.0,-1,-1,-1,-1,-1,-1,0.0,-1,-1,-1,-1,-1,-1,-1,-1,-1,66,40200,6.522543640897756,262204.0,10,2363460,34,19100,6.5086387434554975,124315.0,6,2800,466.6666666666667,11105.533097020869
20230816093015000,6.5,6.51,6.51,6.51,6.51,6.5,6.5,6.51,6.5,6.51,6.51,6.52,6.53,6.54,6.55,6.56,6.57,6.58,6.59,6.6,20800,3800,3700,9000,4900,26800,8800,30200,21800,5000,6.51,6.5,6.49,6.48,6.47,6.46,6.45,6.44,6.43,6.42,35100,6400,1000,3100,5800,1100,7300,3600,5000,2000,6,42,8,3,1,7,1,3,4,11,3,1,2,2,4,3,2,6,6,10,1347.2727272727273,0.0,-1,210.0,-1,-1,-1,-1,-1,-1,0.0,-1,-1,-1,-1,-1,-1,-1,-1,-1,76,50400,6.520040241448692,328597.0,14,2375480,10,10200,6.509117647058823,66393.0,4,12020,3005.0,11864.299227337897
20230816093018000,6.51,6.5,6.5,6.5,6.5,6.5,6.5,6.51,6.5,6.5,6.51,6.52,6.53,6.54,6.55,6.56,6.57,6.58,6.59,6.6,21600,3900,3700,9000,4900,26800,8800,30200,21800,5000,6.51,6.5,6.49,6.48,6.47,6.46,6.45,6.44,6.43,6.42,33800,5200,1000,3100,5800,1100,7300,3600,5000,2000,6,42,8,3,1,7,1,3,4,11,3,1,2,2,4,3,2,6,6,11,1347.2727272727273,0.0,-1,210.0,-1,-1,-1,-1,-1,-1,0.0,-1,-1,-1,-1,-1,-1,-1,-1,-1,83,51900,6.520040241448692,338349.0,14,2375480,7,1500,6.520040241448692,9752.0,0,-1,-1,10100.405249322923
20230816093021000,6.5,6.5,6.5,6.5,6.5,6.5,6.5,6.5,6.5,6.5,6.51,6.52,6.53,6.54,6.55,6.56,6.57,6.58,6.59,6.6,21600,3900,3700,9000,4900,26800,8800,30200,21800,5000,6.51,6.5,6.49,6.48,6.47,6.46,6.45,6.44,6.43,6.42,30200,5200,1000,3100,5800,1100,7300,3600,5000,2000,6,42,8,3,1,7,1,3,4,11,3,1,2,2,4,3,2,6,6,11,1347.2727272727273,0.0,-1,210.0,-1,-1,-1,-1,-1,-1,0.0,0.0,-1,-1,-1,-1,-1,-1,-1,-1,87,55500,6.5183639705882355,361749.0,15,2375560,4,3600,6.5,23400.0,1,80,80.0,11443.387565716104
20230816093024000,6.5,6.5,6.5,6.5,6.5,6.5,6.5,6.5,6.5,6.5,6.51,6.52,6.53,6.54,6.55,6.56,6.57,6.58,6.59,6.6,22100,3900,3700,9000,4900,26800,8800,30200,21800,5000,6.51,6.5,6.49,6.48,6.47,6.46,6.45,6.44,6.43,6.42,21100,10300,5800,3100,5800,1100,7300,3600,5000,2000,6,42,8,3,1,7,1,3,4,11,3,1,2,2,4,3,2,6,6,13,1347.2727272727273,0.0,-1,210.0,-1,-1,-1,-1,-1,-1,0.0,0.0,-1,-1,-1,-1,-1,-1,-1,-1,88,64600,6.5183639705882355,420899.0,15,2375560,1,9100,6.5183639705882355,59150.0,0,-1,-1,11022.015891349369
20230816093027000,6.5,6.5,6.5,6.5,6.5,6.5,6.5,6.5,6.5,6.5,6.51,6.52,6.53,6.54,6.55,6.56,6.57,6.58,6.59,6.6,22400,3900,3700,9000,4900,26800,8800,30200,21800,5000,6.51,6.5,6.49,6.48,6.47,6.46,6.45,6.44,6.43,6.42,21100,12700,5900,3100,5800,1100,7300,3600,5000,2000,6,42,8,3,1,7,1,3,4,11,3,1,2,2,4,3,2,6,6,18,1347.2727272727273,0.0,-1,210.0,-1,-1,-1,-1,-1,-1,0.0,0.0,-1,-1,-1,-1,-1,-1,-1,-1,88,64600,6.5183639705882355,420899.0,15,2375560,0,0,-1,0.0,0,-1,-1,11488.468814720405
20230816093030000,6.5,6.5,6.5,6.5,6.5,6.5,6.5,6.5,6.5,6.5,6.51,6.52,6.53,6.54,6.55,6.56,6.57,6.58,6.59,6.6,22600,3900,3700,9000,4900,26800,8800,30200,21800,5000,6.51,6.5,6.49,6.48,6.47,6.46,6.45,6.44,6.43,6.42,16800,8400,6800,3100,5800,6100,7300,3600,5000,2000,6,42,8,3,1,7,1,3,4,11,3,1,2,2,4,3,2,6,6,18,1347.2727272727273,0.0,-1,210.0,-1,-1,-1,-1,-1,-1,0.0,0.0,-1,-1,-1,-1,-1,-1,-1,-1,97,68900,6.5183639705882355,448849.0,15,2375560,9,4300,6.5183639705882355,27950.0,0,-1,-1,10873.43177473315
20230816093033000,6.5,6.51,6.51,6.51,6.51,6.5,6.5,6.51,6.5,6.51,6.51,6.52,6.53,6.54,6.55,6.56,6.57,6.58,6.59,6.6,19600,3900,3700,9000,4100,26800,8800,30200,21800,5000,6.51,6.5,6.49,6.48,6.47,6.46,6.45,6.44,6.43,6.42,11000,2600,6800,3100,5800,6100,7300,3600,5000,2000,6,42,8,3,1,7,1,3,4,11,3,1,2,2,4,3,3,6,6,18,1347.2727272727273,0.0,-1,210.0,-1,-1,-1,-1,-1,-1,0.0,0.0,-1,-1,-1,-1,-1,-1,-1,-1,104,77700,6.5183639705882355,506079.0,15,2375560,7,8800,6.5183639705882355,57230.0,0,-1,-1,9698.099211406721
20230816093036000,6.49,6.5,6.5,6.5,6.5,6.51,6.51,6.51,6.49,6.5,6.5,6.51,6.52,6.53,6.54,6.55,6.56,6.57,6.58,6.59,200,22900,4100,3700,9000,4100,26800,8800,30200,21800,6.51,6.5,6.49,6.48,6.47,6.46,6.45,6.44,6.43,6.42,7700,1300,3900,3100,6300,7100,7300,3600,5000,2000,6,42,8,3,1,7,1,3,4,11,3,1,3,2,4,3,3,6,6,19,38920.243902439026,1347.2727272727273,0.0,-1,210.0,-1,-1,-1,-1,-1,0.0,0.0,-1,-1,-1,-1,-1,-1,-1,-1,107,81600,6.5183639705882355,531406.0,15,2375560,3,3900,6.5183639705882355,25327.0,0,-1,-1,7881.895212681218
20230816093039000,6.5,6.5,6.5,6.5,6.5,6.5,6.5,6.5,6.5,6.5,6.51,6.52,6.53,6.54,6.55,6.56,6.57,6.58,6.59,6.6,19200,4100,3700,9000,4100,26800,8800,30200,21800,5000,6.51,6.5,6.49,6.48,6.47,6.46,6.45,6.44,6.43,6.42,5200,1200,3900,3100,6300,7100,7300,3600,5000,2000,6,42,8,3,1,7,1,3,4,11,3,1,3,2,4,3,4,6,6,19,1347.2727272727273,0.0,-1,210.0,-1,-1,-1,-1,-1,-1,0.0,0.0,-1,-1,-1,-1,-1,-1,-1,-1,112,84200,6.511947743467934,548306.0,16,2375560,5,2600,6.5,16900.0,1,0,0.0,8888.411064202644
20230816093042000,6.5,6.5,6.5,6.5,6.5,6.5,6.5,6.5,6.5,6.5,6.5,6.51,6.52,6.53,6.54,6.55,6.56,6.57,6.58,6.59,1600,19100,4100,3700,9000,4100,26800,8800,30200,21800,6.51,6.5,6.49,6.48,6.47,6.46,6.45,6.44,6.43,6.42,3500,1200,5300,4100,6300,7100,7300,3600,5000,2000,6,42,8,3,1,7,1,3,4,11,3,1,3,2,4,3,4,7,6,19,36266.59090909091,1347.2727272727273,0.0,-1,210.0,-1,-1,-1,-1,-1,0.0,0.0,-1,-1,-1,-1,-1,-1,-1,-1,116,85900,6.511711292200233,559356.0,18,2375560,4,1700,6.5,11050.0,2,0,0.0,7476.163971642504
20230816093045000,6.5,6.49,6.49,6.49,6.49,6.5,6.5,6.5,6.49,6.49,6.5,6.51,6.52,6.53,6.54,6.55,6.56,6.57,6.58,6.59,1500,19100,4100,3700,9000,4100,26800,8800,30200,21800,6.51,6.5,6.49,6.48,6.47,6.46,6.45,6.44,6.43,6.42,2400,200,4400,4100,6300,6300,7300,3600,5000,2000,6,42,8,3,1,7,1,3,4,11,3,1,3,2,4,3,4,7,6,19,36266.59090909091,1347.2727272727273,0.0,-1,210.0,-1,-1,-1,-1,-1,0.0,0.0,-1,-1,-1,-1,-1,-1,-1,-1,118,87000,6.511647331786543,566496.0,18,2375560,2,1100,6.511647331786543,7140.0,0,-1,-1,7228.677114863788
20230816093048000,6.5,6.49,6.49,6.49,6.49,6.49,6.49,6.49,6.49,6.49,6.5,6.51,6.52,6.53,6.54,6.55,6.56,6.57,6.58,6.59,1500,18800,4100,3700,9000,4100,26800,8800,30200,22500,6.51,6.5,6.49,6.48,6.47,6.46,6.45,6.44,6.43,6.42,2400,200,6400,4100,6300,6300,7300,3600,5000,2000,6,42,8,3,1,7,1,3,4,11,3,1,3,2,4,3,4,7,6,19,36266.59090909091,1347.2727272727273,0.0,-1,210.0,-1,-1,-1,-1,-1,0.0,0.0,-1,-1,-1,-1,-1,-1,-1,-1,118,87000,6.511647331786543,566496.0,18,2375560,0,0,-1,0.0,0,-1,-1,7311.479408953322
20230816093051000,6.5,6.51,6.51,6.51,6.51,6.49,6.49,6.51,6.49,6.51,6.5,6.51,6.52,6.53,6.54,6.55,6.56,6.57,6.58,6.59,1000,18300,4100,3700,9000,4100,26800,8800,30200,22500,6.49,6.48,6.47,6.46,6.45,6.44,6.43,6.42,6.41,6.4,5400,7100,6300,6300,7300,3600,5000,2000,4800,7100,6,42,8,3,1,7,1,3,4,11,3,1,3,2,5,3,4,8,6,19,35460.666666666664,1347.2727272727273,0.0,-1,210.0,-1,-1,-1,-1,-1,-1,-1,-1,-1,-1,-1,-1,-1,-1,-1,123,93000,6.510367567567568,605464.0,20,2375590,5,6000,6.494666666666666,38968.0,2,30,15.0,7996.5090807710685
20230816093054000,6.49,6.49,6.49,6.49,6.49,6.49,6.49,6.49,6.49,6.49,6.5,6.51,6.52,6.53,6.54,6.55,6.56,6.57,6.58,6.59,1000,18300,4100,3700,9000,4100,26800,8800,30200,22500,6.49,6.48,6.47,6.46,6.45,6.44,6.43,6.42,6.41,6.4,6400,7100,8600,6300,7300,3600,5000,2000,4800,7100,6,42,8,3,1,7,1,3,4,11,3,1,5,2,5,3,4,8,6,19,35460.666666666664,1347.2727272727273,0.0,-1,210.0,-1,-1,-1,-1,-1,-1,-1,-1,-1,-1,-1,-1,-1,-1,-1,126,93800,6.510367567567568,610656.0,20,2375590,3,800,6.510367567567568,5192.0,0,-1,-1,6886.728333598853
20230816093057000,6.49,6.5,6.5,6.5,6.5,6.5,6.5,6.5,6.5,6.5,6.5,6.51,6.52,6.53,6.54,6.55,6.56,6.57,6.58,6.59,400,19800,4100,3700,9000,4100,26800,8800,30200,22500,6.5,6.49,6.48,6.47,6.46,6.45,6.44,6.43,6.42,6.41,6500,9400,8000,8600,6300,7300,3600,5000,2000,4800,6,42,8,3,1,7,1,3,4,11,3,1,5,2,5,3,4,9,6,25,35460.666666666664,1347.2727272727273,0.0,-1,210.0,-1,-1,-1,-1,-1,2.5,-1,-1,-1,-1,-1,-1,-1,-1,-1,127,94400,6.510127118644068,614556.0,20,2375590,1,600,6.510127118644068,3900.0,0,-1,-1,8470.195754341245
20230816093100000,6.5,6.51,6.51,6.51,6.51,6.51,6.51,6.51,6.51,6.51,6.5,6.51,6.52,6.53,6.54,6.55,6.56,6.57,6.58,6.59,300,19700,4100,3700,9000,4100,26800,9800,30200,22500,6.5,6.49,6.48,6.47,6.46,6.45,6.44,6.43,6.42,6.41,6500,10900,8000,8600,6300,7300,3600,5000,2000,4800,6,42,8,3,1,7,1,3,4,11,3,1,5,2,5,3,4,9,6,25,35460.666666666664,1347.2727272727273,0.0,-1,210.0,-1,-1,-1,-1,-1,2.5,-1,-1,-1,-1,-1,-1,-1,-1,-1,128,94500,6.510127118644068,615207.0,20,2375590,1,100,6.510127118644068,651.0,0,-1,-1,8041.51565238171
20230816093103000,6.51,6.5,6.5,6.5,6.5,6.5,6.5,6.5,6.5,6.5,6.5,6.51,6.52,6.53,6.54,6.55,6.56,6.57,6.58,6.59,300,19900,4100,3700,9000,4100,26800,9800,30200,22500,6.5,6.49,6.48,6.47,6.46,6.45,6.44,6.43,6.42,6.41,5000,22000,8000,8600,6300,7300,3600,5000,2000,4800,6,42,8,3,1,7,1,3,4,11,3,1,5,2,5,3,4,9,6,25,34689.782608695656,1347.2727272727273,0.0,-1,210.0,-1,-1,-1,-1,-1,3526.153846153846,-1,-1,-1,-1,-1,-1,-1,-1,-1,130,96100,6.51006309148265,625607.0,21,2421400,2,1600,6.5,10400.0,1,45810,45810.0,9466.89003504859
20230816093106000,6.5,6.5,6.5,6.5,6.5,6.5,6.5,6.5,6.5,6.5,6.5,6.51,6.52,6.53,6.54,6.55,6.56,6.57,6.58,6.59,4300,22200,4100,3700,9000,4100,26800,9800,30200,22500,6.5,6.49,6.48,6.47,6.46,6.45,6.44,6.43,6.42,6.41,3100,22000,10000,8600,6300,7300,3600,5000,2000,4800,6,42,8,3,1,7,1,3,4,11,3,1,5,2,5,3,4,10,6,24,32565.918367346938,1347.2727272727273,0.0,-1,210.0,-1,-1,-1,-1,-1,3324.0,-1,-1,-1,-1,-1,-1,-1,-1,-1,135,99000,6.509745417515275,644457.0,23,2425420,5,2900,6.5,18850.0,2,4020,2010.0,9568.092838935796
20230816093109000,6.5,6.5,6.5,6.5,6.5,6.5,6.5,6.5,6.5,6.5,6.5,6.51,6.52,6.53,6.54,6.55,6.56,6.57,6.58,6.59,4300,22200,4100,3700,9000,4100,26800,9800,30200,22500,6.5,6.49,6.48,6.47,6.46,6.45,6.44,6.43,6.42,6.41,4000,22000,10000,8600,6300,7300,3600,5000,2000,4800,6,42,8,3,1,7,1,3,4,11,3,1,5,2,5,3,4,10,6,24,32565.918367346938,1347.2727272727273,0.0,-1,210.0,-1,-1,-1,-1,-1,3324.0,-1,-1,-1,-1,-1,-1,-1,-1,-1,135,99000,6.509745417515275,644457.0,23,2425420,0,0,-1,0.0,0,-1,-1,9982.104309383465
20230816093112000,6.5,6.51,6.51,6.51,6.51,6.5,6.5,6.51,6.5,6.51,6.5,6.51,6.52,6.53,6.54,6.55,6.56,6.57,6.58,6.59,4200,23300,4100,3700,9000,4100,26800,9800,30200,22500,6.5,6.49,6.48,6.47,6.46,6.45,6.44,6.43,6.42,6.41,3500,23300,10000,8600,6300,7300,3600,5000,2000,4800,6,42,8,3,1,7,1,3,4,11,3,1,5,2,5,3,4,10,6,25,30687.115384615383,1347.2727272727273,0.0,-1,210.0,-1,-1,-1,-1,-1,3324.0,-1,-1,-1,-1,-1,-1,-1,-1,-1,139,99600,6.509745417515275,648358.0,23,2425420,4,600,6.509745417515275,3901.0,0,-1,-1,10159.209216186076
20230816093115000,6.5,6.5,6.5,6.5,6.5,6.5,6.5,6.5,6.5,6.5,6.5,6.51,6.52,6.53,6.54,6.55,6.56,6.57,6.58,6.59,3700,23500,4100,3700,9000,4100,26800,9800,30200,22500,6.5,6.49,6.48,6.47,6.46,6.45,6.44,6.43,6.42,6.41,22900,23300,10000,8600,6300,8100,3600,5000,2000,4800,6,42,8,3,1,7,1,3,4,11,3,1,5,2,5,3,4,10,6,26,25329.04761904762,1347.2727272727273,0.0,-1,210.0,-1,-1,-1,-1,-1,3407.5,-1,-1,-1,-1,-1,-1,-1,-1,-1,153,102600,6.509419862340216,667858.0,24,2430080,14,3000,6.5,19500.0,1,4660,4660.0,10432.840130635655
20230816093118000,6.5,6.5,6.5,6.5,6.5,6.5,6.5,6.5,6.5,6.5,6.5,6.51,6.52,6.53,6.54,6.55,6.56,6.57,6.58,6.59,3700,23500,4100,3700,9000,4100,26800,9800,30200,22500,6.5,6.49,6.48,6.47,6.46,6.45,6.44,6.43,6.42,6.41,22900,23300,10000,8600,6300,8100,3600,5000,2000,4800,6,42,8,3,1,7,1,3,4,11,3,1,5,2,5,3,4,10,6,27,24549.69230769231,1347.2727272727273,0.0,-1,210.0,-1,-1,-1,-1,-1,3407.5,-1,-1,-1,-1,-1,-1,-1,-1,-1,155,102900,6.509310009718173,669808.0,24,2430080,2,300,6.509310009718173,1950.0,0,-1,-1,11948.658794009878
20230816093121000,6.5,6.5,6.5,6.5,6.5,6.5,6.5,6.5,6.5,6.5,6.51,6.52,6.53,6.54,6.55,6.56,6.57,6.58,6.59,6.6,23500,4100,3700,9000,4100,26800,9800,30200,22500,5500,6.5,6.49,6.48,6.47,6.46,6.45,6.44,6.43,6.42,6.41,1800,30300,12000,8600,6300,8100,3600,5000,2000,4800,6,42,8,3,1,7,1,3,4,11,3,1,5,2,5,3,4,11,6,28,1347.2727272727273,0.0,-1,210.0,-1,-1,-1,-1,-1,-1,3407.5,-1,-1,-1,-1,-1,-1,-1,-1,-1,163,115100,6.508344947735192,749108.0,24,2430080,8,12200,6.508344947735192,79300.0,0,-1,-1,10122.408196590728
20230816093124000,6.5,6.5,6.5,6.5,6.5,6.5,6.5,6.5,6.5,6.5,6.51,6.52,6.53,6.54,6.55,6.56,6.57,6.58,6.59,6.6,23700,4100,3700,9000,4100,26800,9800,30200,22500,5500,6.5,6.49,6.48,6.47,6.46,6.45,6.44,6.43,6.42,6.41,1800,30300,12000,8600,6300,8100,4600,5000,2000,4800,6,42,8,3,1,7,1,3,4,11,3,1,5,2,5,4,4,11,6,28,1347.2727272727273,0.0,-1,210.0,-1,-1,-1,-1,-1,-1,3407.5,-1,-1,-1,-1,-1,-1,-1,-1,-1,163,115100,6.508344947735192,749108.0,24,2430080,0,0,-1,0.0,0,-1,-1,11950.54862991875
20230816093127000,6.5,6.5,6.5,6.5,6.5,6.5,6.5,6.5,6.5,6.5,6.51,6.52,6.53,6.54,6.55,6.56,6.57,6.58,6.59,6.6,23700,4100,3700,9000,4100,26800,9800,30200,22500,5500,6.5,6.49,6.48,6.47,6.46,6.45,6.44,6.43,6.42,6.41,1800,32300,12000,8600,6300,8100,4600,5000,2000,4800,6,42,8,3,1,7,1,3,4,11,3,1,5,2,5,4,4,11,6,28,1347.2727272727273,0.0,-1,210.0,-1,-1,-1,-1,-1,-1,3407.5,-1,-1,-1,-1,-1,-1,-1,-1,-1,163,115100,6.508344947735192,749108.0,24,2430080,0,0,-1,0.0,0,-1,-1,12019.550541660028
20230816093130000,6.5,6.5,6.5,6.5,6.5,6.5,6.5,6.5,6.5,6.5,6.5,6.51,6.52,6.53,6.54,6.55,6.56,6.57,6.58,6.59,5600,23600,4100,3700,9000,4100,26800,9800,30200,22500,6.5,6.49,6.48,6.47,6.46,6.45,6.44,6.43,6.42,6.41,1800,32300,12000,8600,6300,8100,4600,5000,2000,4800,6,42,8,3,1,7,1,3,4,11,3,1,5,2,5,4,4,11,6,28,21859.31506849315,1347.2727272727273,0.0,-1,210.0,-1,-1,-1,-1,-1,3407.5,-1,-1,-1,-1,-1,-1,-1,-1,-1,163,115100,6.508344947735192,749108.0,24,2430080,0,0,-1,0.0,0,-1,-1,11059.300820455634
20230816093133000,6.49,6.49,6.49,6.49,6.49,6.5,6.5,6.5,6.49,6.49,6.5,6.51,6.52,6.53,6.54,6.55,6.56,6.57,6.58,6.59,3800,23200,4100,3700,9000,4100,26800,9800,30200,22500,6.48,6.47,6.46,6.45,6.44,6.43,6.42,6.41,6.4,6.39,14000,8600,7300,8100,4600,5000,2000,4800,7100,3100,6,42,8,3,1,7,1,3,4,11,3,1,5,2,5,4,5,12,6,28,21859.31506849315,1347.2727272727273,0.0,-1,210.0,-1,-1,-1,-1,-1,-1,-1,-1,-1,-1,-1,-1,-1,-1,-1,178,153800,6.503905943827563,1000291.0,34,2942100,15,38700,6.490516795865633,251183.0,10,512020,51202.0,9835.95865859487
20230816093136000,6.5,6.5,6.5,6.5,6.5,6.5,6.5,6.5,6.5,6.5,6.5,6.51,6.52,6.53,6.54,6.55,6.56,6.57,6.58,6.59,100,23200,4100,3700,9000,4100,26800,9800,30200,22500,6.48,6.47,6.46,6.45,6.44,6.43,6.42,6.41,6.4,6.39,14000,8600,7300,8100,4600,5000,2000,4800,7100,3100,6,42,8,3,1,7,1,3,4,11,3,1,5,2,5,4,5,12,6,28,21029.61038961039,1347.2727272727273,0.0,-1,210.0,-1,-1,-1,-1,-1,-1,-1,-1,-1,-1,-1,-1,-1,-1,-1,184,160800,6.5037076537013805,1045791.0,38,2965650,6,7000,6.5,45500.0,4,23550,5887.5,11806.56364505337
20230816093139000,6.5,6.49,6.49,6.49,6.49,6.49,6.49,6.5,6.49,6.49,6.49,6.5,6.51,6.52,6.53,6.54,6.55,6.56,6.57,6.58,100,700,23400,4100,3700,9000,4100,26800,9800,30200,6.49,6.48,6.47,6.46,6.45,6.44,6.43,6.42,6.41,6.4,100,14000,8600,7300,8100,4600,5000,2000,4800,7100,6,42,8,3,1,7,1,3,4,11,3,1,5,2,5,4,5,12,6,28,0.0,20761.153846153848,1347.2727272727273,0.0,-1,210.0,-1,-1,-1,-1,51202.0,-1,-1,-1,-1,-1,-1,-1,-1,-1,191,163500,6.503461773700306,1063316.0,39,2965740,7,2700,6.4907407407407405,17525.0,1,90,90.0,7890.028078700016
20230816093142000,6.49,6.49,6.49,6.49,6.49,6.49,6.49,6.49,6.49,6.49,6.49,6.5,6.51,6.52,6.53,6.54,6.55,6.56,6.57,6.58,2600,700,23400,4100,3700,9000,4100,26800,9800,30200,6.48,6.47,6.46,6.45,6.44,6.43,6.42,6.41,6.4,6.39,15800,8600,7300,8100,4600,5000,2000,4800,7100,3100,6,42,8,3,1,7,1,3,4,11,3,1,5,2,5,4,5,13,6,28,0.0,20761.153846153848,1347.2727272727273,0.0,-1,210.0,-1,-1,-1,-1,-1,-1,-1,-1,-1,-1,-1,-1,-1,-1,199,171000,6.50287134502924,1111991.0,43,3008070,8,7500,6.49,48675.0,4,42330,10582.5,7720.994304604111
20230816093145000,6.5,6.5,6.5,6.5,6.5,6.49,6.49,6.5,6.49,6.5,6.5,6.51,6.52,6.53,6.54,6.55,6.56,6.57,6.58,6.59,9600,23400,4100,3700,9000,4100,26800,9800,30200,22100,6.49,6.48,6.47,6.46,6.45,6.44,6.43,6.42,6.41,6.4,5200,15800,9800,7300,8100,7700,5000,2000,4800,7100,6,43,8,3,1,7,1,3,4,11,3,1,6,2,5,5,5,13,6,28,18761.6091954023,1347.2727272727273,0.0,-1,210.0,-1,-1,-1,-1,-1,32608.823529411766,-1,-1,-1,-1,-1,-1,-1,-1,-1,212,184400,6.50247830802603,1199057.0,47,3020980,13,13400,6.4974626865671645,87066.0,4,12910,3227.5,10686.543133662577
20230816093148000,6.5,6.5,6.5,6.5,6.5,6.5,6.5,6.5,6.5,6.5,6.5,6.51,6.52,6.53,6.54,6.55,6.56,6.57,6.58,6.59,10400,23400,4100,3700,9000,4100,26800,9800,30200,22100,6.49,6.48,6.47,6.46,6.45,6.44,6.43,6.42,6.41,6.4,5300,15800,9800,7300,8100,7700,5000,2000,4800,7100,6,43,8,3,1,7,1,3,4,11,3,1,6,2,5,5,5,13,6,28,18761.6091954023,1347.2727272727273,0.0,-1,210.0,-1,-1,-1,-1,-1,32608.823529411766,-1,-1,-1,-1,-1,-1,-1,-1,-1,212,184400,6.50247830802603,1199057.0,47,3020980,0,0,-1,0.0,0,-1,-1,10786.9095507408
20230816093151000,6.5,6.5,6.5,6.5,6.5,6.5,6.5,6.5,6.5,6.5,6.5,6.51,6.52,6.53,6.54,6.55,6.56,6.57,6.58,6.59,9900,23400,4100,3700,9000,4100,26800,9800,30200,22100,6.49,6.48,6.47,6.46,6.45,6.44,6.43,6.42,6.41,6.4,5300,17800,9800,7300,10600,7700,5100,2000,4800,7100,6,43,8,3,1,7,1,3,4,11,3,1,6,2,5,5,5,14,6,28,18761.6091954023,1347.2727272727273,0.0,-1,210.0,-1,-1,-1,-1,-1,32608.823529411766,-1,-1,-1,-1,-1,-1,-1,-1,-1,213,184900,6.502471606273661,1202307.0,47,3020980,1,500,6.502471606273661,3250.0,0,-1,-1,10300.30866656046
20230816093154000,6.5,6.49,6.49,6.49,6.49,6.49,6.49,6.49,6.49,6.49,6.5,6.51,6.52,6.53,6.54,6.55,6.56,6.57,6.58,6.59,10500,23400,4100,3700,9000,4100,26800,9800,30200,22100,6.49,6.48,6.47,6.46,6.45,6.44,6.43,6.42,6.41,6.4,5200,17800,9800,8300,10600,7700,5100,2000,4800,7100,6,44,8,3,1,7,1,3,4,11,3,1,6,2,5,5,5,14,6,28,18761.6091954023,1347.2727272727273,0.0,-1,210.0,-1,-1,-1,-1,-1,32608.823529411766,-1,-1,-1,-1,-1,-1,-1,-1,-1,214,185000,6.502471606273661,1202956.0,47,3020980,1,100,6.502471606273661,649.0,0,-1,-1,11040.354667834954
20230816093157000,6.5,6.49,6.49,6.49,6.49,6.49,6.49,6.49,6.49,6.49,6.5,6.51,6.52,6.53,6.54,6.55,6.56,6.57,6.58,6.59,10500,23400,4100,3700,9000,4100,26800,9800,30200,22100,6.49,6.48,6.47,6.46,6.45,6.44,6.43,6.42,6.41,6.4,5700,17800,9800,18300,10600,7700,5100,2000,4800,7100,6,44,8,3,1,7,1,3,4,11,3,1,6,2,5,5,7,14,6,28,18761.6091954023,1347.2727272727273,0.0,-1,210.0,-1,-1,-1,-1,-1,32608.823529411766,-1,-1,-1,-1,-1,-1,-1,-1,-1,214,185000,6.502471606273661,1202956.0,47,3020980,0,0,-1,0.0,0,-1,-1,11592.369961765175
20230816093200000,6.5,6.49,6.49,6.49,6.49,6.49,6.49,6.49,6.49,6.49,6.5,6.51,6.52,6.53,6.54,6.55,6.56,6.57,6.58,6.59,10500,23400,4100,3700,9000,4100,26800,9800,30200,22100,6.49,6.48,6.47,6.46,6.45,6.44,6.43,6.42,6.41,6.4,5900,17800,9800,18300,11100,7700,5100,2000,4800,7100,6,44,8,3,1,7,1,3,4,11,3,1,6,2,5,5,7,14,6,28,18761.6091954023,1347.2727272727273,0.0,-1,210.0,-1,-1,-1,-1,-1,32608.823529411766,-1,-1,-1,-1,-1,-1,-1,-1,-1,214,185000,6.502471606273661,1202956.0,47,3020980,0,0,-1,0.0,0,-1,-1,11612.084793691252
20230816093203000,6.49,6.5,6.5,6.5,6.5,6.5,6.5,6.5,6.5,6.5,6.5,6.51,6.52,6.53,6.54,6.55,6.56,6.57,6.58,6.59,12300,23400,4100,3700,9000,4100,26800,9800,30200,22100,6.49,6.48,6.47,6.46,6.45,6.44,6.43,6.42,6.41,6.4,6100,17800,9800,18300,11100,7700,5100,2000,4800,7100,6,44,8,3,1,7,1,3,4,11,3,1,6,2,5,5,7,14,6,28,18761.6091954023,1347.2727272727273,0.0,-1,210.0,-1,-1,-1,-1,-1,32608.823529411766,-1,-1,-1,-1,-1,-1,-1,-1,-1,215,185200,6.502471606273661,1204256.0,47,3020980,1,200,6.502471606273661,1300.0,0,-1,-1,11897.292695555201
20230816093206000,6.5,6.5,6.5,6.5,6.5,6.5,6.5,6.5,6.5,6.5,6.5,6.51,6.52,6.53,6.54,6.55,6.56,6.57,6.58,6.59,11400,23400,4100,3700,9000,4100,26800,9800,30200,22100,6.49,6.48,6.47,6.46,6.45,6.44,6.43,6.42,6.41,6.4,6800,17800,9800,18300,11600,7700,5100,2000,4800,7100,6,44,8,3,1,7,1,3,4,11,3,1,6,2,5,5,7,14,6,28,18761.6091954023,1347.2727272727273,0.0,-1,210.0,-1,-1,-1,-1,-1,32608.823529411766,-1,-1,-1,-1,-1,-1,-1,-1,-1,216,186100,6.502471606273661,1210106.0,47,3020980,1,900,6.502471606273661,5850.0,0,-1,-1,11912.407400031861
20230816093209000,6.5,6.5,6.51,6.5,6.51,6.5,6.5,6.51,6.5,6.51,6.5,6.51,6.52,6.53,6.54,6.55,6.56,6.57,6.58,6.59,3000,21400,4100,3700,9000,4100,26800,9800,30200,22100,6.49,6.48,6.47,6.46,6.45,6.44,6.43,6.42,6.41,6.4,6900,17800,9800,18300,11600,7700,5100,2000,4800,7100,6,44,8,3,1,7,1,3,4,11,3,1,6,2,5,5,7,14,6,29,18402.022471910113,1347.2727272727273,0.0,-1,210.0,-1,-1,-1,-1,-1,32608.823529411766,-1,-1,-1,-1,-1,-1,-1,-1,-1,221,194700,6.502371294851794,1266026.0,49,3026500,5,8600,6.502325581395349,55920.0,2,5520,2760.0,10271.722160267645
20230816093212000,6.51,6.51,6.51,6.5,6.5,6.51,6.51,6.51,6.5,6.5,6.52,6.53,6.54,6.55,6.56,6.57,6.58,6.59,6.6,6.61,4100,3700,9000,4100,26800,9800,30200,22100,35500,500,6.49,6.48,6.47,6.46,6.45,6.44,6.43,6.42,6.41,6.4,6900,17800,9800,18300,11600,7700,5100,2000,4800,7100,6,44,8,3,1,7,1,3,4,11,3,1,6,2,5,5,7,14,6,31,0.0,-1,210.0,-1,-1,-1,-1,-1,-1,-1,32608.823529411766,-1,-1,-1,-1,-1,-1,-1,-1,-1,231,229800,6.503525528169014,1494501.0,57,3625540,10,35100,6.5092592592592595,228475.0,8,599040,74880.0,9094.836307153098
20230816093215000,6.5,6.5,6.5,6.5,6.5,6.5,6.51,6.51,6.5,6.5,6.5,6.51,6.52,6.53,6.54,6.55,6.56,6.57,6.58,6.59,200,23900,13000,3700,9000,4100,26800,9800,30200,22100,6.5,6.49,6.48,6.47,6.46,6.45,6.44,6.43,6.42,6.41,500,6900,17800,9800,18300,11600,7700,5100,2000,4800,6,44,8,3,1,7,1,3,4,11,3,1,6,2,5,5,7,14,6,30,17239.78947368421,34093.88888888889,0.0,-1,210.0,-1,-1,-1,-1,-1,2392.0833333333335,32608.823529411766,-1,-1,-1,-1,-1,-1,-1,-1,241,247400,6.503245755860954,1608903.0,58,3628410,10,17600,6.500113636363636,114402.0,1,2870,2870.0,10980.881591524612
20230816093218000,6.5,6.51,6.51,6.51,6.51,6.51,6.51,6.51,6.51,6.51,6.51,6.52,6.53,6.54,6.55,6.56,6.57,6.58,6.59,6.6,22900,13300,3700,9000,4100,26800,9800,30200,22100,35500,6.5,6.49,6.48,6.47,6.46,6.45,6.44,6.43,6.42,6.41,700,8700,17800,9800,18300,12200,7700,5100,2000,4800,6,44,8,3,1,8,1,3,4,11,3,1,6,2,5,5,7,14,6,32,30933.5,0.0,-1,210.0,-1,-1,-1,-1,-1,-1,2392.0833333333335,32608.823529411766,-1,-1,-1,-1,-1,-1,-1,-1,244,248400,6.503272946859903,1615413.0,60,3633390,3,1000,6.51,6510.0,2,4980,2490.0,12834.739923530351
20230816093221000,6.5,6.51,6.51,6.51,6.51,6.51,6.51,6.51,6.51,6.51,6.51,6.52,6.53,6.54,6.55,6.56,6.57,6.58,6.59,6.6,22900,13300,4700,9000,4100,31800,9800,30200,24100,35500,6.5,6.49,6.48,6.47,6.46,6.45,6.44,6.43,6.42,6.41,700,8700,17800,9800,18300,12200,7700,5100,2000,4800,6,44,8,3,1,8,1,3,4,11,3,1,6,2,5,5,7,14,6,32,30933.5,0.0,-1,210.0,-1,-1,-1,-1,-1,-1,2392.0833333333335,32608.823529411766,-1,-1,-1,-1,-1,-1,-1,-1,244,248400,6.503272946859903,1615413.0,60,3633390,0,0,-1,0.0,0,-1,-1,13048.64584992831
20230816093224000,6.5,6.51,6.51,6.51,6.51,6.51,6.51,6.51,6.51,6.51,6.5,6.51,6.52,6.53,6.54,6.55,6.56,6.57,6.58,6.59,2100,22900,13300,4700,9000,4100,31800,9800,30200,24100,6.5,6.49,6.48,6.47,6.46,6.45,6.44,6.43,6.42,6.41,700,15700,17800,9800,18300,12200,7700,5100,2000,4800,7,44,8,3,1,8,1,3,4,11,3,1,6,2,5,5,7,14,6,32,17239.78947368421,30933.5,0.0,-1,210.0,-1,-1,-1,-1,-1,2392.0833333333335,32608.823529411766,-1,-1,-1,-1,-1,-1,-1,-1,244,248400,6.503272946859903,1615413.0,60,3633390,0,0,-1,0.0,0,-1,-1,13728.807551378048
20230816093227000,6.5,6.51,6.51,6.51,6.51,6.51,6.51,6.51,6.51,6.51,6.5,6.51,6.52,6.53,6.54,6.55,6.56,6.57,6.58,6.59,2100,22900,13300,4700,9000,4100,31800,9800,30200,24100,6.5,6.49,6.48,6.47,6.46,6.45,6.44,6.43,6.42,6.41,2400,15900,17800,10800,18300,15200,7700,5100,2000,4800,7,44,8,3,1,8,1,3,4,11,3,1,6,2,5,5,7,14,6,33,17239.78947368421,30933.5,0.0,-1,210.0,-1,-1,-1,-1,-1,2392.0833333333335,32608.823529411766,-1,-1,-1,-1,-1,-1,-1,-1,244,248400,6.503272946859903,1615413.0,60,3633390,0,0,-1,0.0,0,-1,-1,11520.238569380279
20230816093230000,6.5,6.51,6.51,6.51,6.51,6.51,6.51,6.51,6.51,6.51,6.5,6.51,6.52,6.53,6.54,6.55,6.56,6.57,6.58,6.59,2100,22900,13300,4700,9000,4100,31800,9800,30200,24100,6.5,6.49,6.48,6.47,6.46,6.45,6.44,6.43,6.42,6.41,2400,16300,17800,10800,18300,15200,7700,5500,12000,4800,7,44,8,3,1,8,1,3,4,11,3,1,7,2,5,5,7,14,6,33,17239.78947368421,30933.5,0.0,-1,210.0,-1,-1,-1,-1,-1,2392.0833333333335,32608.823529411766,-1,-1,-1,-1,-1,-1,-1,-1,244,248400,6.503272946859903,1615413.0,60,3633390,0,0,-1,0.0,0,-1,-1,11844.756651266527
20230816093233000,6.5,6.5,6.5,6.5,6.5,6.5,6.5,6.5,6.5,6.5,6.5,6.51,6.52,6.53,6.54,6.55,6.56,6.57,6.58,6.59,2100,23100,13300,4700,9000,4100,31800,9800,30200,24100,6.5,6.49,6.48,6.47,6.46,6.45,6.44,6.43,6.42,6.41,3000,19300,17800,10800,18300,15200,7700,5500,12000,4800,7,44,8,3,1,8,1,3,4,11,3,1,7,2,5,5,7,14,6,35,16544.141414141413,30933.5,0.0,-1,210.0,-1,-1,-1,-1,-1,2296.8,32608.823529411766,-1,-1,-1,-1,-1,-1,-1,-1,249,250500,6.503245508982036,1629063.0,62,3633490,5,2100,6.5,13650.0,2,100,50.0,11929.398996335829
20230816093236000,6.5,6.5,6.5,6.5,6.5,6.5,6.5,6.5,6.5,6.5,6.5,6.51,6.52,6.53,6.54,6.55,6.56,6.57,6.58,6.59,2100,23100,13300,4700,9000,4100,31800,9800,30200,24100,6.5,6.49,6.48,6.47,6.46,6.45,6.44,6.43,6.42,6.41,3000,19300,17800,10800,18300,15200,7700,5500,12000,4800,7,44,8,3,1,8,1,3,4,11,3,1,7,2,5,5,7,14,6,35,16544.141414141413,30933.5,0.0,-1,210.0,-1,-1,-1,-1,-1,2296.8,32608.823529411766,-1,-1,-1,-1,-1,-1,-1,-1,249,250500,6.503245508982036,1629063.0,62,3633490,0,0,-1,0.0,0,-1,-1,11929.398996335829
20230816093239000,6.51,6.51,6.51,6.51,6.51,6.5,6.5,6.51,6.5,6.51,6.51,6.52,6.53,6.54,6.55,6.56,6.57,6.58,6.59,6.6,21000,13300,4700,9000,4100,31800,9800,30200,24100,35500,6.5,6.49,6.48,6.47,6.46,6.45,6.44,6.43,6.42,6.41,2900,37900,17800,10800,18300,15200,7700,5500,12000,4800,7,44,8,3,1,8,1,3,4,11,3,1,7,2,5,5,7,14,6,36,30621.904761904763,0.0,-1,210.0,-1,-1,-1,-1,-1,-1,2296.8,32608.823529411766,-1,-1,-1,-1,-1,-1,-1,-1,253,254800,6.5033136094674555,1657053.0,63,3657880,4,4300,6.5093023255813955,27990.0,1,24390,24390.0,15612.30882587223
20230816093242000,6.5,6.51,6.51,6.5,6.5,6.5,6.5,6.51,6.5,6.5,6.51,6.52,6.53,6.54,6.55,6.56,6.57,6.58,6.59,6.6,15100,13300,4700,9000,4100,31800,9800,30200,24100,35500,6.5,6.49,6.48,6.47,6.46,6.45,6.44,6.43,6.42,6.41,9900,37900,17800,10800,18300,15200,7700,5500,12000,4800,7,44,8,3,1,8,1,3,4,11,3,1,7,2,5,5,7,14,6,39,28457.82608695652,0.0,-1,210.0,-1,-1,-1,-1,-1,-1,2296.8,32608.823529411766,-1,-1,-1,-1,-1,-1,-1,-1,259,262500,6.503416149068323,1707171.0,65,3669350,6,7700,6.508831168831168,50118.0,2,11470,5735.0,14926.889835908873
20230816093245000,6.5,6.5,6.5,6.5,6.5,6.5,6.5,6.5,6.5,6.5,6.51,6.52,6.53,6.54,6.55,6.56,6.57,6.58,6.59,6.6,16900,13300,4800,9000,4100,31800,9800,30200,24100,35500,6.5,6.49,6.48,6.47,6.46,6.45,6.44,6.43,6.42,6.41,4500,37900,18800,10800,18300,15200,7700,5500,12000,4800,7,44,8,3,1,8,1,3,4,11,3,1,7,2,5,5,7,15,6,39,28457.82608695652,0.0,-1,210.0,-1,-1,-1,-1,-1,-1,2309.6153846153848,32608.823529411766,-1,-1,-1,-1,-1,-1,-1,-1,264,267900,6.503437849944009,1742271.0,66,3671980,5,5400,6.5,35100.0,1,2630,2630.0,15248.898757368168
20230816093248000,6.48,6.5,6.5,6.5,6.5,6.5,6.5,6.5,6.48,6.5,6.5,6.51,6.52,6.53,6.54,6.55,6.56,6.57,6.58,6.59,6200,18100,13300,4800,9000,4100,31800,9800,30200,24100,6.49,6.48,6.47,6.46,6.45,6.44,6.43,6.42,6.41,6.4,3000,3500,39800,18300,15200,7700,5500,12000,4800,8100,7,44,8,3,1,8,1,3,4,11,3,1,8,2,5,5,7,16,6,39,14758.648648648648,28457.82608695652,0.0,-1,210.0,-1,-1,-1,-1,-1,27127.666666666668,1746513.3333333333,-1,-1,-1,-1,-1,-1,-1,-1,291,370800,6.4992367853290185,2409917.0,86,9173470,27,102900,6.488299319727891,667646.0,20,5501490,275074.5,13161.252389676602
20230816093251000,6.5,6.5,6.5,6.5,6.5,6.5,6.5,6.5,6.5,6.5,6.5,6.51,6.52,6.53,6.54,6.55,6.56,6.57,6.58,6.59,5900,18100,13300,4800,9000,4100,31800,9800,30200,24100,6.49,6.48,6.47,6.46,6.45,6.44,6.43,6.42,6.41,6.4,300,3300,39800,18300,15200,7700,5500,12000,4800,8100,7,44,8,3,1,8,1,3,4,11,3,1,8,2,5,5,7,16,6,39,14632.05357142857,28457.82608695652,0.0,-1,210.0,-1,-1,-1,-1,-1,27127.666666666668,1746513.3333333333,-1,-1,-1,-1,-1,-1,-1,-1,293,371500,6.4992382234185735,2414467.0,87,9174050,2,700,6.5,4550.0,1,580,580.0,12025.721881472042
20230816093254000,6.5,6.48,6.48,6.48,6.48,6.48,6.48,6.48,6.48,6.48,6.49,6.5,6.51,6.52,6.53,6.54,6.55,6.56,6.57,6.58,1300,5900,17900,13300,4800,9000,4100,31800,9800,30200,6.48,6.47,6.46,6.45,6.44,6.43,6.42,6.41,6.4,6.39,4600,39800,18300,15200,7700,5500,12000,4800,8100,3100,7,44,8,3,1,8,1,3,4,11,3,1,8,2,5,5,7,19,6,39,0.0,14632.05357142857,28457.82608695652,0.0,-1,210.0,-1,-1,-1,-1,1746513.3333333333,-1,-1,-1,-1,-1,-1,-1,-1,-1,294,372400,6.4992382234185735,2420299.0,87,9174050,1,900,6.4992382234185735,5832.0,0,-1,-1,9101.420861876693
20230816093257000,6.48,6.5,6.5,6.5,6.5,6.5,6.5,6.5,6.5,6.5,6.49,6.5,6.51,6.52,6.53,6.54,6.55,6.56,6.57,6.58,1100,5700,17600,13300,4800,9000,4100,31800,9800,30200,6.48,6.47,6.46,6.45,6.44,6.43,6.42,6.41,6.4,6.39,4600,39800,18300,15200,7700,5500,12000,4800,8100,3100,7,44,8,3,1,8,1,3,4,11,3,1,8,2,5,5,7,19,6,39,0.0,14632.05357142857,28457.82608695652,0.0,-1,210.0,-1,-1,-1,-1,1746513.3333333333,-1,-1,-1,-1,-1,-1,-1,-1,-1,295,372600,6.49919216317767,2421599.0,87,9174050,1,200,6.49919216317767,1300.0,0,-1,-1,11492.737374541979
20230816093300000,6.5,6.5,6.5,6.5,6.5,6.5,6.5,6.5,6.5,6.5,6.5,6.51,6.52,6.53,6.54,6.55,6.56,6.57,6.58,6.59,1700,17600,13300,4800,9000,4100,31800,9800,30200,24100,6.48,6.47,6.46,6.45,6.44,6.43,6.42,6.41,6.4,6.39,4600,39800,18300,15200,8700,5500,12000,4800,9200,3100,7,45,8,3,1,8,1,3,4,11,3,1,8,2,5,6,7,19,6,39,14535.478260869566,28457.82608695652,0.0,-1,210.0,-1,-1,-1,-1,-1,1746513.3333333333,-1,-1,-1,-1,-1,-1,-1,-1,-1,303,377700,6.4992022263450835,2454749.0,90,9206840,8,5100,6.5,33150.0,3,32790,10930.0,12634.866377250282
20230816093303000,6.49,6.5,6.5,6.5,6.5,6.49,6.49,6.5,6.49,6.5,6.5,6.51,6.52,6.53,6.54,6.55,6.56,6.57,6.58,6.59,800,17600,13300,4800,9000,4100,31800,9800,30200,24100,6.49,6.48,6.47,6.46,6.45,6.44,6.43,6.42,6.41,6.4,2300,4600,39800,18300,15200,8700,5500,12000,4800,9200,7,45,8,3,1,8,1,3,4,11,3,1,8,2,5,6,7,19,6,39,14535.478260869566,28457.82608695652,0.0,-1,210.0,-1,-1,-1,-1,-1,27127.666666666668,1746513.3333333333,-1,-1,-1,-1,-1,-1,-1,-1,305,379000,6.4992022263450835,2463196.0,90,9206840,2,1300,6.4992022263450835,8447.0,0,-1,-1,10873.516409112632
20230816093306000,6.5,6.5,6.5,6.5,6.5,6.5,6.5,6.5,6.5,6.5,6.5,6.51,6.52,6.53,6.54,6.55,6.56,6.57,6.58,6.59,100,17600,13300,4800,9000,4100,31800,9800,30200,26500,6.49,6.48,6.47,6.46,6.45,6.44,6.43,6.42,6.41,6.4,2900,4600,44800,18300,15200,8700,5500,12000,4800,9200,7,45,8,3,1,8,1,3,4,11,3,1,9,2,5,6,7,19,6,39,14535.478260869566,28457.82608695652,0.0,-1,210.0,-1,-1,-1,-1,-1,27127.666666666668,1746513.3333333333,-1,-1,-1,-1,-1,-1,-1,-1,306,380000,6.4992022263450835,2469696.0,90,9206840,1,1000,6.4992022263450835,6500.0,0,-1,-1,12019.239883702403
20230816093309000,6.49,6.5,6.5,6.5,6.5,6.49,6.49,6.5,6.49,6.5,6.51,6.52,6.53,6.54,6.55,6.56,6.57,6.58,6.59,6.6,17600,13300,4800,9000,4100,31800,9800,30200,26500,35500,6.49,6.48,6.47,6.46,6.45,6.44,6.43,6.42,6.41,6.4,2800,4600,44800,18300,16300,8700,5500,12000,9800,9200,7,45,8,3,1,8,1,3,4,11,3,1,9,2,6,6,7,19,6,39,28457.82608695652,0.0,-1,210.0,-1,-1,-1,-1,-1,-1,27127.666666666668,1746513.3333333333,-1,-1,-1,-1,-1,-1,-1,-1,308,380800,6.49919757958432,2474895.0,90,9206840,2,800,6.49919757958432,5199.0,0,-1,-1,14556.174326907756
20230816093312000,6.49,6.5,6.5,6.5,6.5,6.5,6.5,6.5,6.5,6.5,6.51,6.52,6.53,6.54,6.55,6.56,6.57,6.58,6.59,6.6,17600,13300,4800,9000,4100,31800,9800,30200,26500,35500,6.49,6.48,6.47,6.46,6.45,6.44,6.43,6.42,6.41,6.4,3800,5000,44800,18300,16300,8700,5500,12000,9800,9200,7,45,8,3,1,8,1,3,4,11,3,1,9,2,6,6,7,20,6,39,28457.82608695652,0.0,-1,210.0,-1,-1,-1,-1,-1,-1,27127.666666666668,1746513.3333333333,-1,-1,-1,-1,-1,-1,-1,-1,308,380800,6.49919757958432,2474895.0,90,9206840,0,0,-1,0.0,0,-1,-1,14712.250079655883
20230816093315000,6.5,6.49,6.49,6.49,6.49,6.49,6.49,6.49,6.49,6.49,6.5,6.51,6.52,6.53,6.54,6.55,6.56,6.57,6.58,6.59,200,17600,13300,4800,9000,4100,31800,9800,30200,26500,6.49,6.48,6.47,6.46,6.45,6.44,6.43,6.42,6.41,6.4,1800,5200,44800,18300,20800,8700,5500,12000,9800,9200,7,45,8,3,1,8,1,3,4,11,3,1,9,2,6,6,7,22,6,39,14535.478260869566,28457.82608695652,0.0,-1,210.0,-1,-1,-1,-1,-1,25455.151515151516,1746513.3333333333,-1,-1,-1,-1,-1,-1,-1,-1,312,383700,6.4991295282773,2493716.0,93,9233030,4,2900,6.49,18821.0,3,26190,8730.0,14726.37904253624
20230816093318000,6.49,6.49,6.49,6.49,6.49,6.49,6.49,6.49,6.49,6.49,6.49,6.5,6.51,6.52,6.53,6.54,6.55,6.56,6.57,6.58,500,600,17600,13800,4800,9000,4100,31800,9800,30200,6.48,6.47,6.46,6.45,6.44,6.43,6.42,6.41,6.4,6.39,5200,44800,18300,20800,8700,5500,12000,9800,9200,3100,7,45,8,3,1,8,1,4,4,11,3,1,9,2,6,6,7,22,6,39,0.0,14535.478260869566,28457.82608695652,0.0,-1,210.0,-1,-1,-1,-1,1746513.3333333333,-1,-1,-1,-1,-1,-1,-1,-1,-1,316,387800,6.499042333505421,2520325.0,97,9251150,4,4100,6.49,26609.0,4,18120,4530.0,11831.175322606341
20230816093321000,6.49,6.49,6.49,6.49,6.49,6.49,6.49,6.49,6.49,6.49,6.5,6.51,6.52,6.53,6.54,6.55,6.56,6.57,6.58,6.59,800,17600,13700,4800,9000,4100,31800,9800,30200,26500,6.49,6.48,6.47,6.46,6.45,6.44,6.43,6.42,6.41,6.4,1500,5300,44800,19300,20800,8700,5500,12000,9800,9200,7,45,8,3,1,8,1,4,4,11,3,1,9,2,6,6,8,23,6,40,14535.478260869566,28457.82608695652,0.0,-1,210.0,-1,-1,-1,-1,-1,19956.74418604651,1746513.3333333333,-1,-1,-1,-1,-1,-1,-1,-1,323,395300,6.499030678009796,2569000.0,97,9251150,7,7500,6.499030678009796,48675.0,0,-1,-1,12340.203321650468
20230816093324000,6.48,6.48,6.48,6.48,6.48,6.48,6.48,6.48,6.48,6.48,6.49,6.5,6.51,6.52,6.53,6.54,6.55,6.56,6.57,6.58,7900,800,17600,13700,4800,9000,4100,31800,9800,30200,6.48,6.47,6.46,6.45,6.44,6.43,6.42,6.41,6.4,6.39,400,44800,19300,20800,8700,5500,12000,9800,9200,3100,7,45,8,3,1,8,1,4,4,11,3,1,9,2,6,6,8,15,6,40,0.0,14535.478260869566,28457.82608695652,0.0,-1,210.0,-1,-1,-1,-1,661418.1818181818,-1,-1,-1,-1,-1,-1,-1,-1,-1,335,457400,6.496386813186813,2971408.0,105,11287210,12,62100,6.48,402408.0,8,2036060,254507.5,14242.019475864265
20230816093327000,6.48,6.48,6.48,6.48,6.48,6.48,6.48,6.48,6.48,6.48,6.49,6.5,6.51,6.52,6.53,6.54,6.55,6.56,6.57,6.58,8900,800,17600,13700,4800,9000,4100,31800,9800,30200,6.47,6.46,6.45,6.44,6.43,6.42,6.41,6.4,6.39,6.38,44800,19300,20800,8700,5500,12000,9800,9200,3100,5300,7,45,8,3,1,8,1,4,4,11,3,1,9,2,6,6,8,16,6,40,0.0,14535.478260869566,28457.82608695652,0.0,-1,210.0,-1,-1,-1,-1,-1,-1,-1,-1,-1,-1,-1,-1,-1,-1,339,459300,6.496386813186813,2983720.0,105,11287210,4,1900,6.496386813186813,12312.0,0,-1,-1,14242.019475864265
20230816093330000,6.48,6.48,6.48,6.48,6.48,6.48,6.48,6.48,6.48,6.48,6.49,6.5,6.51,6.52,6.53,6.54,6.55,6.56,6.57,6.58,9100,800,17600,13700,4800,9000,4100,31800,9800,30200,6.48,6.47,6.46,6.45,6.44,6.43,6.42,6.41,6.4,6.39,2900,44800,19300,20800,8700,5500,12000,9800,10200,3100,7,45,8,3,1,8,1,4,4,11,3,1,9,2,6,6,8,17,6,40,0.0,14535.478260869566,28457.82608695652,0.0,-1,210.0,-1,-1,-1,-1,661418.1818181818,-1,-1,-1,-1,-1,-1,-1,-1,-1,341,459600,6.496386813186813,2985664.0,105,11287210,2,300,6.496386813186813,1944.0,0,-1,-1,12871.975067707504
20230816093333000,6.48,6.48,6.48,6.48,6.48,6.48,6.48,6.48,6.48,6.48,6.49,6.5,6.51,6.52,6.53,6.54,6.55,6.56,6.57,6.58,16600,800,17600,13700,4800,9000,4100,31800,9800,30200,6.47,6.46,6.45,6.44,6.43,6.42,6.41,6.4,6.39,6.38,44800,19300,20800,8700,5500,12000,9800,10200,3100,5300,7,45,8,3,1,8,1,4,4,11,3,1,9,2,6,6,8,16,6,40,0.0,14535.478260869566,28457.82608695652,0.0,-1,210.0,-1,-1,-1,-1,-1,-1,-1,-1,-1,-1,-1,-1,-1,-1,345,463100,6.4961770449121286,3008344.0,106,11308590,4,3500,6.48,22680.0,1,21380,21380.0,13389.204635972595
20230816093336000,6.48,6.49,6.49,6.49,6.49,6.49,6.49,6.49,6.48,6.49,6.49,6.5,6.51,6.52,6.53,6.54,6.55,6.56,6.57,6.58,15100,800,17600,13700,4800,9000,4100,31800,9800,30200,6.48,6.47,6.46,6.45,6.44,6.43,6.42,6.41,6.4,6.39,3100,55800,19300,20800,8700,5500,12000,9800,10200,3100,7,45,8,3,1,8,1,4,4,11,3,1,11,2,6,6,8,19,6,40,0.0,14535.478260869566,28457.82608695652,0.0,-1,210.0,-1,-1,-1,-1,608081.6666666666,-1,-1,-1,-1,-1,-1,-1,-1,-1,348,466600,6.496018021883716,3031039.0,106,11308590,3,3500,6.496018021883716,22695.0,0,-1,-1,14321.015214274335
20230816093339000,6.49,6.48,6.48,6.48,6.48,6.49,6.49,6.49,6.48,6.48,6.49,6.5,6.51,6.52,6.53,6.54,6.55,6.56,6.57,6.58,13800,800,17600,13700,4800,9000,4100,31800,9800,30200,6.48,6.47,6.46,6.45,6.44,6.43,6.42,6.41,6.4,6.39,4100,55800,19300,20800,10000,5500,12000,9800,10300,3100,7,45,8,3,1,8,1,4,4,11,3,1,11,2,6,6,8,22,6,40,0.0,14535.478260869566,28457.82608695652,0.0,-1,210.0,-1,-1,-1,-1,608081.6666666666,-1,-1,-1,-1,-1,-1,-1,-1,-1,350,468000,6.495991452991453,3040124.0,106,11308590,2,1400,6.495991452991453,9085.0,0,-1,-1,14420.127051139081
20230816093342000,6.48,6.48,6.48,6.48,6.48,6.48,6.48,6.48,6.48,6.48,6.49,6.5,6.51,6.52,6.53,6.54,6.55,6.56,6.57,6.58,13800,800,17600,13700,4800,9000,4100,31800,9800,30200,6.47,6.46,6.45,6.44,6.43,6.42,6.41,6.4,6.39,6.38,57700,19300,20800,10000,5500,12000,9800,10300,3100,5300,7,45,8,3,1,8,1,4,4,11,3,1,14,2,6,7,8,22,6,40,0.0,14535.478260869566,28457.82608695652,0.0,-1,210.0,-1,-1,-1,-1,-1,-1,-1,-1,-1,-1,-1,-1,-1,-1,353,476400,6.495991452991453,3094556.0,106,11308590,3,8400,6.495991452991453,54432.0,0,-1,-1,14326.481599490204
20230816093345000,6.48,6.48,6.48,6.48,6.48,6.48,6.48,6.48,6.48,6.48,6.49,6.5,6.51,6.52,6.53,6.54,6.55,6.56,6.57,6.58,13800,800,17600,13700,4800,9000,4100,31800,9800,30200,6.47,6.46,6.45,6.44,6.43,6.42,6.41,6.4,6.39,6.38,74200,19300,20800,10000,5500,12000,9800,10300,3100,5300,7,45,8,3,1,8,1,4,4,11,3,1,17,2,6,7,8,22,6,40,0.0,14535.478260869566,28457.82608695652,0.0,-1,210.0,-1,-1,-1,-1,-1,-1,-1,-1,-1,-1,-1,-1,-1,-1,354,480300,6.495991452991453,3119828.0,106,11308590,1,3900,6.495991452991453,25272.0,0,-1,-1,15926.634937071847
20230816093348000,6.48,6.49,6.49,6.49,6.49,6.48,6.48,6.49,6.48,6.49,6.49,6.5,6.51,6.52,6.53,6.54,6.55,6.56,6.57,6.58,10800,800,17600,13700,4800,9000,4100,31800,9800,30200,6.48,6.47,6.46,6.45,6.44,6.43,6.42,6.41,6.4,6.39,1300,74200,19300,20800,10000,7000,12000,9800,10300,3100,7,45,8,3,1,8,1,4,4,11,3,1,17,2,6,7,8,22,6,40,0.0,14535.478260869566,28457.82608695652,0.0,-1,210.0,-1,-1,-1,-1,521212.85714285716,-1,-1,-1,-1,-1,-1,-1,-1,-1,355,483300,6.495991452991453,3139298.0,106,11308590,1,3000,6.495991452991453,19470.0,0,-1,-1,17496.4124980086
20230816093351000,6.48,6.49,6.49,6.49,6.49,6.49,6.49,6.49,6.49,6.49,6.49,6.5,6.51,6.52,6.53,6.54,6.55,6.56,6.57,6.58,10900,800,17600,13700,4800,9000,4100,31800,9800,30200,6.48,6.47,6.46,6.45,6.44,6.43,6.42,6.41,6.4,6.39,4000,74200,19300,20800,10000,7000,12000,9800,10300,3100,7,45,8,3,1,8,1,4,4,11,3,1,17,2,6,7,8,24,6,40,0.0,14535.478260869566,28457.82608695652,0.0,-1,210.0,-1,-1,-1,-1,521212.85714285716,-1,-1,-1,-1,-1,-1,-1,-1,-1,355,483300,6.495991452991453,3139298.0,106,11308590,0,0,-1,0.0,0,-1,-1,15291.358332005737
20230816093354000,6.49,6.48,6.48,6.48,6.48,6.48,6.48,6.48,6.48,6.48,6.49,6.5,6.51,6.52,6.53,6.54,6.55,6.56,6.57,6.58,12900,800,17700,13700,4800,9000,4100,31800,9800,30200,6.48,6.47,6.46,6.45,6.44,6.43,6.42,6.41,6.4,6.39,5200,74200,19300,20800,10000,7000,12000,9800,10300,3100,7,45,8,3,1,8,1,4,4,11,3,1,17,2,6,7,8,27,6,40,0.0,14535.478260869566,28457.82608695652,0.0,-1,210.0,-1,-1,-1,-1,521212.85714285716,-1,-1,-1,-1,-1,-1,-1,-1,-1,356,483400,6.495991452991453,3139946.0,106,11308590,1,100,6.495991452991453,648.0,0,-1,-1,15707.669866178112
20230816093357000,6.48,6.48,6.48,6.48,6.48,6.48,6.48,6.48,6.48,6.48,6.49,6.5,6.51,6.52,6.53,6.54,6.55,6.56,6.57,6.58,15000,800,17700,13700,4800,9000,9100,31800,9800,30200,6.48,6.47,6.46,6.45,6.44,6.43,6.42,6.41,6.4,6.39,5000,74200,19300,20800,10000,7000,13400,9800,10300,3100,7,45,8,3,1,8,1,4,4,11,3,1,17,2,6,7,8,28,6,40,0.0,14535.478260869566,28457.82608695652,0.0,-1,210.0,-1,-1,-1,-1,521212.85714285716,-1,-1,-1,-1,-1,-1,-1,-1,-1,357,484600,6.495991452991453,3147722.0,106,11308590,1,1200,6.495991452991453,7776.0,0,-1,-1,16220.584076788276
20230816093400000,6.48,6.48,6.48,6.48,6.48,6.48,6.48,6.48,6.48,6.48,6.49,6.5,6.51,6.52,6.53,6.54,6.55,6.56,6.57,6.58,15000,800,17700,13700,4800,9000,9100,31800,9800,30200,6.48,6.47,6.46,6.45,6.44,6.43,6.42,6.41,6.4,6.39,5600,74200,19300,20800,18000,7000,13400,9800,10300,3100,7,45,8,3,1,8,1,4,4,11,3,1,17,2,6,8,8,30,6,40,0.0,14535.478260869566,28457.82608695652,0.0,-1,210.0,-1,-1,-1,-1,521212.85714285716,-1,-1,-1,-1,-1,-1,-1,-1,-1,357,484600,6.495991452991453,3147722.0,106,11308590,0,0,-1,0.0,0,-1,-1,16634.157439859806
20230816093403000,6.48,6.48,6.48,6.48,6.48,6.48,6.48,6.48,6.48,6.48,6.49,6.5,6.51,6.52,6.53,6.54,6.55,6.56,6.57,6.58,15100,800,17700,13700,4800,9000,9100,31800,9800,30200,6.47,6.46,6.45,6.44,6.43,6.42,6.41,6.4,6.39,6.38,74200,19300,21800,18000,9100,13400,9800,10300,3100,5400,7,45,8,3,1,8,1,4,4,11,3,1,17,2,6,8,8,24,6,40,0.0,14535.478260869566,28457.82608695652,0.0,-1,210.0,-1,-1,-1,-1,-1,-1,-1,-1,-1,-1,-1,-1,-1,-1,369,524300,6.494380861244019,3404978.0,113,11653110,12,39700,6.48,257256.0,7,344520,49217.142857142855,17000.260873028517
20230816093406000,6.48,6.48,6.48,6.48,6.48,6.48,6.48,6.48,6.48,6.48,6.49,6.5,6.51,6.52,6.53,6.54,6.55,6.56,6.57,6.58,15100,800,17700,13700,4800,9000,9100,31800,9800,30200,6.48,6.47,6.46,6.45,6.44,6.43,6.42,6.41,6.4,6.39,15700,74200,19300,27800,18000,9100,13400,9800,14200,3100,7,45,8,3,1,8,1,4,4,11,3,1,17,2,6,8,8,26,6,40,0.0,14535.478260869566,28457.82608695652,0.0,-1,210.0,-1,-1,-1,-1,363880.95238095237,-1,-1,-1,-1,-1,-1,-1,-1,-1,369,524300,6.494380861244019,3404978.0,113,11653110,0,0,-1,0.0,0,-1,-1,17149.476262545802
20230816093409000,6.49,6.49,6.49,6.49,6.49,6.49,6.49,6.49,6.49,6.49,6.49,6.5,6.51,6.52,6.53,6.54,6.55,6.56,6.57,6.58,11700,1800,17700,13700,4800,9000,9100,31800,9800,30200,6.48,6.47,6.46,6.45,6.44,6.43,6.42,6.41,6.4,6.39,26100,74200,19300,27800,18000,9100,13400,9800,14200,3100,7,45,8,3,1,8,1,4,4,11,3,1,17,2,6,8,8,30,6,40,0.0,14535.478260869566,28457.82608695652,0.0,-1,210.0,-1,-1,-1,-1,363880.95238095237,-1,-1,-1,-1,-1,-1,-1,-1,-1,374,527600,6.494380861244019,3426395.0,113,11653110,5,3300,6.494380861244019,21417.0,0,-1,-1,18639.917556157397
20230816093412000,6.49,6.49,6.49,6.49,6.49,6.49,6.49,6.49,6.49,6.49,6.49,6.5,6.51,6.52,6.53,6.54,6.55,6.56,6.57,6.58,11700,1800,17700,13700,4800,9000,9100,31800,9800,44200,6.48,6.47,6.46,6.45,6.44,6.43,6.42,6.41,6.4,6.39,26800,74200,169300,27800,18000,10600,13400,9800,14200,3100,7,45,8,3,1,8,1,4,4,11,3,1,17,2,6,8,9,32,6,40,0.0,14535.478260869566,28457.82608695652,0.0,-1,210.0,-1,-1,-1,-1,363880.95238095237,-1,-1,-1,-1,-1,-1,-1,-1,-1,374,527600,6.494380861244019,3426395.0,113,11653110,0,0,-1,0.0,0,-1,-1,27378.382388083475
20230816093415000,6.49,6.49,6.49,6.49,6.49,6.49,6.49,6.49,6.49,6.49,6.5,6.51,6.52,6.53,6.54,6.55,6.56,6.57,6.58,6.59,1800,17700,13700,4800,9000,9100,36800,9800,44200,26500,6.49,6.48,6.47,6.46,6.45,6.44,6.43,6.42,6.41,6.4,3600,26800,74200,169300,27800,18000,10600,13400,9900,14200,8,45,8,3,1,8,1,4,4,11,3,1,17,2,7,8,9,33,6,40,14535.478260869566,28457.82608695652,0.0,-1,210.0,-1,-1,-1,-1,-1,16191.32075471698,363880.95238095237,-1,-1,-1,-1,-1,-1,-1,-1,384,553100,6.494147187728268,3591890.0,120,12084370,10,25500,6.49,165495.0,7,431260,61608.57142857143,27712.32873984387
20230816093418000,6.49,6.49,6.49,6.49,6.49,6.49,6.49,6.49,6.49,6.49,6.5,6.51,6.52,6.53,6.54,6.55,6.56,6.57,6.58,6.59,1800,17700,13700,4800,9000,9100,36800,9800,44200,26500,6.49,6.48,6.47,6.46,6.45,6.44,6.43,6.42,6.41,6.4,3600,27000,74200,169300,27800,18000,10600,13400,9900,14200,8,46,8,3,1,8,1,4,4,11,3,1,17,3,7,8,9,33,6,40,14535.478260869566,28457.82608695652,0.0,-1,210.0,-1,-1,-1,-1,-1,16191.32075471698,363880.95238095237,-1,-1,-1,-1,-1,-1,-1,-1,384,553100,6.494147187728268,3591890.0,120,12084370,0,0,-1,0.0,0,-1,-1,24366.558467420742
20230816093421000,6.49,6.49,6.49,6.49,6.49,6.49,6.49,6.49,6.49,6.49,6.5,6.51,6.52,6.53,6.54,6.55,6.56,6.57,6.58,6.59,1800,17700,13700,4800,9000,9100,36800,9800,44200,26500,6.49,6.48,6.47,6.46,6.45,6.44,6.43,6.42,6.41,6.4,3700,27000,74200,170300,27800,18000,10600,13400,9900,14200,8,46,8,3,1,8,1,4,4,11,3,1,17,3,7,8,9,34,6,40,14535.478260869566,28457.82608695652,0.0,-1,210.0,-1,-1,-1,-1,-1,16191.32075471698,363880.95238095237,-1,-1,-1,-1,-1,-1,-1,-1,384,553100,6.494147187728268,3591890.0,120,12084370,0,0,-1,0.0,0,-1,-1,24389.55910466783
20230816093424000,6.49,6.49,6.49,6.49,6.49,6.49,6.49,6.49,6.49,6.49,6.5,6.51,6.52,6.53,6.54,6.55,6.56,6.57,6.58,6.59,1800,17700,13700,4800,9000,9100,36800,9800,44200,26500,6.48,6.47,6.46,6.45,6.44,6.43,6.42,6.41,6.4,6.39,27000,74200,170300,27800,18000,10600,13400,9900,14200,3100,8,46,8,3,1,8,1,4,4,11,3,1,17,3,7,8,10,34,6,40,14535.478260869566,28457.82608695652,0.0,-1,210.0,-1,-1,-1,-1,-1,363880.95238095237,-1,-1,-1,-1,-1,-1,-1,-1,-1,386,558000,6.494147187728268,3623691.0,120,12084370,2,4900,6.494147187728268,31801.0,0,-1,-1,22587.865421379636
20230816093427000,6.49,6.49,6.49,6.49,6.49,6.49,6.49,6.49,6.49,6.49,6.5,6.51,6.52,6.53,6.54,6.55,6.56,6.57,6.58,6.59,1800,17800,13700,4800,9000,9100,36800,9800,44200,26500,6.49,6.48,6.47,6.46,6.45,6.44,6.43,6.42,6.41,6.4,500,32000,74300,170300,27800,18000,10600,13400,9900,14200,8,46,8,3,1,8,1,4,4,11,3,1,18,3,7,8,10,35,6,40,14535.478260869566,28457.82608695652,0.0,-1,210.0,-1,-1,-1,-1,-1,16191.32075471698,363880.95238095237,-1,-1,-1,-1,-1,-1,-1,-1,386,558000,6.494147187728268,3623691.0,120,12084370,0,0,-1,0.0,0,-1,-1,24500.88218894376
20230816093430000,6.5,6.5,6.5,6.5,6.5,6.5,6.5,6.5,6.5,6.5,6.5,6.51,6.52,6.53,6.54,6.55,6.56,6.57,6.58,6.59,900,17800,13700,4800,9000,9100,36800,9800,44200,26500,6.49,6.48,6.47,6.46,6.45,6.44,6.43,6.42,6.41,6.4,500,32000,74300,170300,28300,33000,26600,13400,9900,14200,8,46,8,3,1,8,1,4,4,11,3,1,18,3,7,9,10,35,6,40,14535.478260869566,28457.82608695652,0.0,-1,210.0,-1,-1,-1,-1,-1,16191.32075471698,363880.95238095237,-1,-1,-1,-1,-1,-1,-1,-1,388,558900,6.494147187728268,3629541.0,120,12084370,2,900,6.494147187728268,5850.0,0,-1,-1,24913.907917795124
20230816093433000,6.49,6.49,6.49,6.49,6.49,6.49,6.49,6.49,6.49,6.49,6.5,6.51,6.52,6.53,6.54,6.55,6.56,6.57,6.58,6.59,5300,17800,13700,4800,9000,9100,36800,9800,44200,26500,6.48,6.47,6.46,6.45,6.44,6.43,6.42,6.41,6.4,6.39,34000,74300,170300,28300,33000,26600,13400,9900,14200,3100,8,46,8,3,1,8,1,4,4,11,3,1,18,3,7,9,10,36,6,40,14535.478260869566,28457.82608695652,0.0,-1,210.0,-1,-1,-1,-1,-1,363880.95238095237,-1,-1,-1,-1,-1,-1,-1,-1,-1,392,572000,6.493986013986014,3714560.0,122,12090170,4,13100,6.49,85019.0,2,5800,2900.0,29709.112633423607
20230816093436000,6.49,6.49,6.49,6.49,6.49,6.49,6.49,6.49,6.49,6.49,6.5,6.51,6.52,6.53,6.54,6.55,6.56,6.57,6.58,6.59,6300,17800,13700,4800,9000,9100,36800,9800,44200,26500,6.49,6.48,6.47,6.46,6.45,6.44,6.43,6.42,6.41,6.4,700,34000,74300,171300,34300,33000,26600,13400,9900,14200,8,46,8,3,1,8,1,4,4,11,3,1,18,3,7,9,11,36,6,40,14535.478260869566,28457.82608695652,0.0,-1,210.0,-1,-1,-1,-1,-1,15708.0,363880.95238095237,-1,-1,-1,-1,-1,-1,-1,-1,392,572000,6.493986013986014,3714560.0,122,12090170,0,0,-1,0.0,0,-1,-1,26588.792416759596
20230816093439000,6.49,6.5,6.5,6.5,6.5,6.5,6.5,6.5,6.5,6.5,6.5,6.51,6.52,6.53,6.54,6.55,6.56,6.57,6.58,6.59,5300,17800,13700,4800,9000,9100,36800,9800,44200,27500,6.49,6.48,6.47,6.46,6.45,6.44,6.43,6.42,6.41,6.4,700,38000,74300,171300,34300,33000,26600,13400,9900,14200,8,46,8,3,1,8,1,4,4,11,3,1,18,3,7,9,11,38,6,40,14535.478260869566,28457.82608695652,0.0,-1,210.0,-1,-1,-1,-1,-1,15708.0,363880.95238095237,-1,-1,-1,-1,-1,-1,-1,-1,393,573000,6.493986013986014,3721060.0,122,12090170,1,1000,6.493986013986014,6500.0,0,-1,-1,23874.017245499443
20230816093442000,6.5,6.49,6.49,6.49,6.49,6.49,6.49,6.49,6.49,6.49,6.49,6.5,6.51,6.52,6.53,6.54,6.55,6.56,6.57,6.58,7500,5300,17800,13700,4800,9000,9100,36800,9800,44200,6.49,6.48,6.47,6.46,6.45,6.44,6.43,6.42,6.41,6.4,400,38500,74300,171300,35300,33000,26600,13400,9900,14200,8,46,8,3,1,8,1,4,4,11,3,1,18,4,7,9,11,39,6,40,13476.875,14535.478260869566,28457.82608695652,0.0,-1,210.0,-1,-1,-1,-1,15708.0,363880.95238095237,-1,-1,-1,-1,-1,-1,-1,-1,394,573300,6.493994418280132,3723007.0,122,12090170,1,300,6.493994418280132,1947.0,0,-1,-1,25831.327664489403
20230816093445000,6.49,6.5,6.5,6.5,6.5,6.5,6.5,6.5,6.5,6.5,6.49,6.5,6.51,6.52,6.53,6.54,6.55,6.56,6.57,6.58,7300,5100,17800,13700,4800,9000,9100,36800,7100,44200,6.49,6.48,6.47,6.46,6.45,6.44,6.43,6.42,6.41,6.4,400,38500,74300,171300,36600,33000,26600,13400,9900,14200,8,46,8,3,1,8,1,4,4,11,3,1,18,4,7,9,11,39,6,40,13476.875,14535.478260869566,28457.82608695652,0.0,-1,210.0,-1,-1,-1,-1,15708.0,363880.95238095237,-1,-1,-1,-1,-1,-1,-1,-1,395,573500,6.493996512641674,3724307.0,122,12090170,1,200,6.493996512641674,1300.0,0,-1,-1,25750.2339891668
20230816093448000,6.5,6.49,6.49,6.49,6.49,6.5,6.5,6.5,6.49,6.49,6.49,6.5,6.51,6.52,6.53,6.54,6.55,6.56,6.57,6.58,5500,10400,17800,13700,4800,9000,9100,36800,7100,44200,6.49,6.48,6.47,6.46,6.45,6.44,6.43,6.42,6.41,6.4,300,52800,74300,171300,36600,33000,26600,13400,9900,14200,8,46,8,3,1,8,1,4,4,11,3,1,18,4,7,9,11,43,6,40,13068.484848484848,16452.735042735043,28457.82608695652,0.0,-1,210.0,-1,-1,-1,-1,15708.0,363880.95238095237,-1,-1,-1,-1,-1,-1,-1,-1,399,575400,6.494015296367113,3736656.0,124,12343560,4,1900,6.4994736842105265,12349.0,2,253390,126695.0,27011.326071371677
20230816093451000,6.5,6.5,6.5,6.5,6.5,6.5,6.5,6.5,6.5,6.5,6.49,6.5,6.51,6.52,6.53,6.54,6.55,6.56,6.57,6.58,4900,9800,17800,13700,4800,9000,9100,36800,7100,44200,6.49,6.48,6.47,6.46,6.45,6.44,6.43,6.42,6.41,6.4,4100,52900,74300,171300,36600,33000,26600,13400,9900,14200,8,46,8,3,1,8,1,4,4,11,3,1,18,4,7,9,11,45,6,40,13068.484848484848,16655.0,28457.82608695652,0.0,-1,210.0,-1,-1,-1,-1,15708.0,363880.95238095237,-1,-1,-1,-1,-1,-1,-1,-1,402,576000,6.4940177175612295,3740556.0,125,12383880,3,600,6.5,3900.0,1,40320,40320.0,27080.327983112955
20230816093454000,6.5,6.5,6.5,6.5,6.5,6.5,6.5,6.5,6.5,6.5,6.49,6.5,6.51,6.52,6.53,6.54,6.55,6.56,6.57,6.58,4900,9800,17800,13700,4800,9000,9100,36800,7100,44200,6.49,6.48,6.47,6.46,6.45,6.44,6.43,6.42,6.41,6.4,5100,52900,74300,171300,39600,33400,26600,13400,9900,14200,8,46,8,3,1,8,1,4,4,11,3,1,18,4,7,10,11,45,6,40,13068.484848484848,16655.0,28457.82608695652,0.0,-1,210.0,-1,-1,-1,-1,15708.0,363880.95238095237,-1,-1,-1,-1,-1,-1,-1,-1,402,576000,6.4940177175612295,3740556.0,125,12383880,0,0,-1,0.0,0,-1,-1,27342.53524772981
20230816093457000,6.5,6.5,6.5,6.5,6.5,6.5,6.5,6.5,6.5,6.5,6.49,6.5,6.51,6.52,6.53,6.54,6.55,6.56,6.57,6.58,4900,9800,17800,13700,4800,9000,9100,36800,9900,44200,6.49,6.48,6.47,6.46,6.45,6.44,6.43,6.42,6.41,6.4,5100,52900,74300,173300,39600,33400,26600,13400,9900,14200,8,46,8,3,1,8,1,4,4,11,3,1,18,4,7,10,11,45,6,40,13068.484848484848,16655.0,28457.82608695652,0.0,-1,210.0,-1,-1,-1,-1,15708.0,363880.95238095237,-1,-1,-1,-1,-1,-1,-1,-1,402,576000,6.4940177175612295,3740556.0,125,12383880,0,0,-1,0.0,0,-1,-1,27538.106380436515
20230816093500000,6.5,6.5,6.5,6.5,6.5,6.5,6.5,6.5,6.5,6.5,6.5,6.51,6.52,6.53,6.54,6.55,6.56,6.57,6.58,6.59,5600,21100,13700,4800,9000,9100,36800,9900,44200,27500,6.5,6.49,6.48,6.47,6.46,6.45,6.44,6.43,6.42,6.41,500,6100,52900,77300,173300,39600,33400,26600,13400,9900,8,46,8,3,1,8,1,4,4,11,3,1,20,4,7,10,12,45,6,42,15849.112903225807,28457.82608695652,0.0,-1,210.0,-1,-1,-1,-1,-1,1446.046511627907,15708.0,363880.95238095237,-1,-1,-1,-1,-1,-1,-1,408,584700,6.4940177175612295,3797106.0,125,12383880,6,8700,6.4940177175612295,56550.0,0,-1,-1,25875.19316552493
20230816093503000,6.5,6.5,6.5,6.5,6.5,6.5,6.5,6.5,6.5,6.5,6.5,6.51,6.52,6.53,6.54,6.55,6.56,6.57,6.58,6.59,5800,18500,13700,4800,9000,9100,36800,9900,44200,27500,6.49,6.48,6.47,6.46,6.45,6.44,6.43,6.42,6.41,6.4,6100,52900,77300,173300,39600,33400,26600,13400,9900,14200,8,46,8,3,1,8,1,4,4,11,3,1,20,4,7,10,12,45,6,41,15722.32,28457.82608695652,0.0,-1,210.0,-1,-1,-1,-1,-1,15708.0,363880.95238095237,-1,-1,-1,-1,-1,-1,-1,-1,411,585300,6.494115838031779,3801006.0,127,12424730,3,600,6.5,3900.0,2,40850,20425.0,29132.891906961922
20230816093506000,6.5,6.5,6.5,6.5,6.5,6.5,6.5,6.5,6.5,6.5,6.5,6.51,6.52,6.53,6.54,6.55,6.56,6.57,6.58,6.59,9100,18500,13700,4800,9000,9100,36800,9900,44200,27500,6.5,6.49,6.48,6.47,6.46,6.45,6.44,6.43,6.42,6.41,900,6100,53900,82300,174300,39600,33400,26600,13400,9900,8,46,8,3,1,8,1,4,4,11,3,1,21,4,7,10,13,45,6,44,15234.806201550387,28457.82608695652,0.0,-1,210.0,-1,-1,-1,-1,-1,2289.5555555555557,15708.0,363880.95238095237,-1,-1,-1,-1,-1,-1,-1,415,586300,6.494122866894198,3807506.0,128,12424730,4,1000,6.5,6500.0,1,0,0.0,26195.23060379162
20230816093509000,6.5,6.5,6.5,6.5,6.5,6.5,6.5,6.5,6.5,6.5,6.5,6.51,6.52,6.53,6.54,6.55,6.56,6.57,6.58,6.59,9100,18500,13700,4800,9000,9100,36800,9900,44200,27500,6.5,6.49,6.48,6.47,6.46,6.45,6.44,6.43,6.42,6.41,2700,6600,54100,82300,174300,39600,33400,26600,13400,9900,8,46,8,3,1,8,1,4,4,11,3,1,21,4,7,10,13,47,6,44,15234.806201550387,28457.82608695652,0.0,-1,210.0,-1,-1,-1,-1,-1,2289.5555555555557,15708.0,363880.95238095237,-1,-1,-1,-1,-1,-1,-1,415,586300,6.494122866894198,3807506.0,128,12424730,0,0,-1,0.0,0,-1,-1,26295.973394933884
20230816093512000,6.5,6.5,6.5,6.5,6.5,6.5,6.5,6.5,6.5,6.5,6.5,6.51,6.52,6.53,6.54,6.55,6.56,6.57,6.58,6.59,9100,18500,13700,4800,9000,9100,36800,9900,44200,27500,6.5,6.49,6.48,6.47,6.46,6.45,6.44,6.43,6.42,6.41,900,6600,54100,82300,174300,39600,33400,26600,13400,9900,8,46,8,3,1,8,1,4,4,11,3,1,21,4,7,10,13,47,6,45,15234.806201550387,28457.82608695652,0.0,-1,210.0,-1,-1,-1,-1,-1,2289.5555555555557,15708.0,363880.95238095237,-1,-1,-1,-1,-1,-1,-1,415,586300,6.494122866894198,3807506.0,128,12424730,0,0,-1,0.0,0,-1,-1,26295.973394933884
20230816093515000,6.5,6.5,6.5,6.5,6.5,6.5,6.5,6.5,6.5,6.5,6.5,6.51,6.52,6.53,6.54,6.55,6.56,6.57,6.58,6.59,9100,21200,13700,4800,9000,9100,36800,9900,44200,27500,6.5,6.49,6.48,6.47,6.46,6.45,6.44,6.43,6.42,6.41,900,6600,59100,82300,174300,39600,33400,26600,13400,9900,8,46,8,3,1,8,1,4,4,11,3,1,21,4,7,10,13,48,6,45,15234.806201550387,28457.82608695652,0.0,-1,210.0,-1,-1,-1,-1,-1,2289.5555555555557,15708.0,363880.95238095237,-1,-1,-1,-1,-1,-1,-1,415,586300,6.494122866894198,3807506.0,128,12424730,0,0,-1,0.0,0,-1,-1,26774.386649673408
20230816093518000,6.5,6.5,6.5,6.5,6.5,6.5,6.5,6.5,6.5,6.5,6.5,6.51,6.52,6.53,6.54,6.55,6.56,6.57,6.58,6.59,9100,21200,13700,4800,9000,9100,36800,9900,44200,27500,6.5,6.49,6.48,6.47,6.46,6.45,6.44,6.43,6.42,6.41,8800,12600,59100,82300,174300,39600,33400,26600,13400,9900,8,46,8,3,1,8,1,4,4,11,3,1,21,4,7,10,13,48,6,45,15234.806201550387,28457.82608695652,0.0,-1,210.0,-1,-1,-1,-1,-1,2289.5555555555557,15708.0,363880.95238095237,-1,-1,-1,-1,-1,-1,-1,415,586300,6.494122866894198,3807506.0,128,12424730,0,0,-1,0.0,0,-1,-1,27234.399394615262
20230816093521000,6.51,6.51,6.51,6.51,6.51,6.51,6.51,6.51,6.51,6.51,6.51,6.52,6.53,6.54,6.55,6.56,6.57,6.58,6.59,6.6,8100,13700,4800,9000,9100,36800,9900,44200,27500,42700,6.5,6.49,6.48,6.47,6.46,6.45,6.44,6.43,6.42,6.41,10800,13000,59100,82300,174500,39600,33400,26600,13400,9900,8,46,8,3,1,8,1,4,4,11,3,1,21,4,7,10,14,48,6,47,32415.2,0.0,-1,210.0,-1,-1,-1,-1,-1,-1,2289.5555555555557,15708.0,363880.95238095237,-1,-1,-1,-1,-1,-1,-1,428,600900,6.494252115059222,3902552.0,130,12580580,13,14600,6.51,95046.0,2,155850,77925.0,27936.69447984706
20230816093524000,6.51,6.51,6.51,6.51,6.51,6.51,6.51,6.51,6.51,6.51,6.51,6.52,6.53,6.54,6.55,6.56,6.57,6.58,6.59,6.6,7200,13700,4800,9000,9100,36800,9900,44200,27500,42700,6.5,6.49,6.48,6.47,6.46,6.45,6.44,6.43,6.42,6.41,16500,13000,59100,82300,174500,39600,33400,26600,13400,9900,8,46,8,3,1,8,1,4,4,11,3,1,21,4,7,10,14,48,6,50,32415.2,0.0,-1,210.0,-1,-1,-1,-1,-1,-1,2289.5555555555557,15708.0,363880.95238095237,-1,-1,-1,-1,-1,-1,-1,431,601300,6.494252115059222,3905156.0,130,12580580,3,400,6.494252115059222,2604.0,0,-1,-1,25477.455392703523
20230816093527000,6.51,6.51,6.51,6.51,6.51,6.51,6.51,6.51,6.51,6.51,6.51,6.52,6.53,6.54,6.55,6.56,6.57,6.58,6.59,6.6,7200,13800,4800,9000,9100,36800,9900,44200,27500,42700,6.5,6.49,6.48,6.47,6.46,6.45,6.44,6.43,6.42,6.41,16500,13200,79100,82300,174500,39600,33400,26600,13400,9900,8,46,8,3,1,8,1,4,4,11,3,1,21,4,7,10,14,49,6,50,32415.2,0.0,-1,210.0,-1,-1,-1,-1,-1,-1,2289.5555555555557,15708.0,363880.95238095237,-1,-1,-1,-1,-1,-1,-1,431,601300,6.494252115059222,3905156.0,130,12580580,0,0,-1,0.0,0,-1,-1,29624.941253783654
20230816093530000,6.5,6.5,6.5,6.5,6.5,6.51,6.51,6.51,6.5,6.5,6.51,6.52,6.53,6.54,6.55,6.56,6.57,6.58,6.59,6.6,7000,13800,4800,9100,9100,36800,9900,44200,27500,42700,6.5,6.49,6.48,6.47,6.46,6.45,6.44,6.43,6.42,6.41,10500,15100,79100,88300,174500,39600,33400,26600,13400,9900,8,47,8,3,1,8,1,4,4,11,3,1,22,4,7,10,14,49,6,51,32415.2,0.0,-1,210.0,-1,-1,-1,-1,-1,-1,2289.5555555555557,15708.0,363880.95238095237,-1,-1,-1,-1,-1,-1,-1,435,607900,6.494589570653068,3948061.0,130,12580580,4,6600,6.494589570653068,42905.0,0,-1,-1,27449.29106260953
20230816093533000,6.5,6.5,6.5,6.5,6.5,6.5,6.5,6.5,6.5,6.5,6.51,6.52,6.53,6.54,6.55,6.56,6.57,6.58,6.59,6.6,7900,13900,4800,9100,9100,36800,9900,44200,27500,42700,6.5,6.49,6.48,6.47,6.46,6.45,6.44,6.43,6.42,6.41,10900,15100,79100,88300,174500,40600,33400,26600,13400,9900,8,47,8,3,1,8,1,4,4,11,3,1,22,4,7,10,14,49,6,52,32415.2,0.0,-1,210.0,-1,-1,-1,-1,-1,-1,2289.5555555555557,15708.0,363880.95238095237,-1,-1,-1,-1,-1,-1,-1,435,607900,6.494589570653068,3948061.0,130,12580580,0,0,-1,0.0,0,-1,-1,29641.961725346508
20230816093536000,6.5,6.5,6.5,6.5,6.5,6.5,6.5,6.5,6.5,6.5,6.51,6.52,6.53,6.54,6.55,6.56,6.57,6.58,6.59,6.6,21100,13900,4800,9100,9100,36800,9900,44200,27500,42700,6.5,6.49,6.48,6.47,6.46,6.45,6.44,6.43,6.42,6.41,10900,16100,82100,88300,175500,40600,33400,26600,13400,9900,8,47,8,3,1,8,1,4,4,11,3,1,22,4,7,10,15,49,6,52,32415.2,0.0,-1,210.0,-1,-1,-1,-1,-1,-1,2289.5555555555557,15708.0,363880.95238095237,-1,-1,-1,-1,-1,-1,-1,435,607900,6.494589570653068,3948061.0,130,12580580,0,0,-1,0.0,0,-1,-1,31606.54472678031
20230816093539000,6.5,6.5,6.5,6.5,6.5,6.5,6.5,6.5,6.5,6.5,6.51,6.52,6.53,6.54,6.55,6.56,6.57,6.58,6.59,6.6,21100,13900,4800,9100,9100,36800,9900,44200,27500,42700,6.5,6.49,6.48,6.47,6.46,6.45,6.44,6.43,6.42,6.41,10900,16100,82100,88300,175500,40600,33400,26600,13400,9900,8,47,8,3,1,8,1,4,4,12,3,1,22,4,7,10,15,50,6,52,32415.2,0.0,-1,210.0,-1,-1,-1,-1,-1,-1,2289.5555555555557,15708.0,363880.95238095237,-1,-1,-1,-1,-1,-1,-1,435,607900,6.494589570653068,3948061.0,130,12580580,0,0,-1,0.0,0,-1,-1,31772.149314959377
20230816093542000,6.5,6.51,6.51,6.51,6.51,6.51,6.51,6.51,6.51,6.51,6.51,6.52,6.53,6.54,6.55,6.56,6.57,6.58,6.59,6.6,20300,13900,4800,9100,9100,36800,9900,44200,27500,42700,6.5,6.49,6.48,6.47,6.46,6.45,6.44,6.43,6.42,6.41,10900,16100,82100,88300,175500,40600,33400,26600,13400,9900,8,48,8,3,1,8,1,4,4,12,3,1,22,4,7,10,15,50,6,52,32415.2,0.0,-1,210.0,-1,-1,-1,-1,-1,-1,2289.5555555555557,15708.0,363880.95238095237,-1,-1,-1,-1,-1,-1,-1,436,608700,6.494592105263158,3953269.0,130,12580580,1,800,6.494592105263158,5208.0,0,-1,-1,31661.74625617333
20230816093545000,6.5,6.51,6.51,6.51,6.51,6.51,6.51,6.51,6.51,6.51,6.51,6.52,6.53,6.54,6.55,6.56,6.57,6.58,6.59,6.6,21200,13900,4800,9100,9100,36800,9900,44200,27500,42700,6.5,6.49,6.48,6.47,6.46,6.45,6.44,6.43,6.42,6.41,10900,16100,82100,88300,175500,40600,33400,26600,13400,9900,8,48,8,3,1,8,1,4,4,12,3,1,22,4,7,10,15,50,6,52,32415.2,0.0,-1,210.0,-1,-1,-1,-1,-1,-1,2289.5555555555557,15708.0,363880.95238095237,-1,-1,-1,-1,-1,-1,-1,436,608700,6.494592105263158,3953269.0,130,12580580,0,0,-1,0.0,0,-1,-1,31647.945873825076
20230816093548000,6.5,6.51,6.51,6.51,6.51,6.5,6.5,6.51,6.5,6.51,6.51,6.52,6.53,6.54,6.55,6.56,6.57,6.58,6.59,6.6,20700,13900,4800,9100,9100,36800,9900,44200,27500,42700,6.5,6.49,6.48,6.47,6.46,6.45,6.44,6.43,6.42,6.41,8900,17100,82100,88300,175500,40600,33400,26600,13400,10400,8,48,8,3,1,8,1,4,4,12,3,1,22,4,7,10,15,50,6,54,31228.14814814815,0.0,-1,210.0,-1,-1,-1,-1,-1,-1,2289.5555555555557,15708.0,363880.95238095237,-1,-1,-1,-1,-1,-1,-1,440,611500,6.494637657451333,3971474.0,132,12613360,4,2800,6.501785714285714,18205.0,2,32780,16390.0,31601.94459933089
20230816093551000,6.51,6.51,6.51,6.51,6.51,6.51,6.51,6.51,6.51,6.51,6.51,6.52,6.53,6.54,6.55,6.56,6.57,6.58,6.59,6.6,19100,13900,4800,9100,9100,36800,9900,44200,27500,42700,6.5,6.49,6.48,6.47,6.46,6.45,6.44,6.43,6.42,6.41,10600,17100,82100,88300,175500,40600,33400,26600,13400,10400,8,49,8,3,1,8,1,4,4,12,3,1,22,4,8,10,15,50,6,56,31228.14814814815,0.0,-1,210.0,-1,-1,-1,-1,-1,-1,2289.5555555555557,15708.0,363880.95238095237,-1,-1,-1,-1,-1,-1,-1,441,613100,6.494637657451333,3981890.0,132,12613360,1,1600,6.494637657451333,10416.0,0,-1,-1,31539.84287876374
20230816093554000,6.5,6.5,6.5,6.5,6.5,6.5,6.5,6.5,6.5,6.5,6.5,6.51,6.52,6.53,6.54,6.55,6.56,6.57,6.58,6.59,100,19100,13900,4800,9100,9100,36800,9900,44200,27500,6.5,6.49,6.48,6.47,6.46,6.45,6.44,6.43,6.42,6.41,6700,23000,82100,88300,175500,40600,33400,26600,13400,10400,8,49,8,3,1,8,1,4,4,12,3,1,22,4,8,10,15,50,6,57,14888.560606060606,31228.14814814815,0.0,-1,210.0,-1,-1,-1,-1,-1,2289.5555555555557,15708.0,363880.95238095237,-1,-1,-1,-1,-1,-1,-1,443,617000,6.494637657451333,4007240.0,132,12613360,2,3900,6.494637657451333,25350.0,0,-1,-1,28707.75450055759
20230816093557000,6.5,6.5,6.5,6.5,6.5,6.5,6.5,6.5,6.5,6.5,6.5,6.51,6.52,6.53,6.54,6.55,6.56,6.57,6.58,6.59,200,19100,13900,4800,9100,9100,36800,9900,44200,27500,6.5,6.49,6.48,6.47,6.46,6.45,6.44,6.43,6.42,6.41,6700,18700,82100,88300,175500,40600,33400,26600,13400,10400,8,50,8,3,1,8,1,4,4,12,3,1,22,4,8,10,15,50,6,57,14888.560606060606,31228.14814814815,0.0,-1,210.0,-1,-1,-1,-1,-1,2289.5555555555557,15708.0,363880.95238095237,-1,-1,-1,-1,-1,-1,-1,443,617000,6.494637657451333,4007240.0,132,12613360,0,0,-1,0.0,0,-1,-1,28838.85813286602
20230816093600000,6.5,6.5,6.5,6.5,6.5,6.5,6.5,6.5,6.5,6.5,6.51,6.52,6.53,6.54,6.55,6.56,6.57,6.58,6.59,6.6,19100,13900,4800,9100,9100,36800,9900,44200,27500,42700,6.5,6.49,6.48,6.47,6.46,6.45,6.44,6.43,6.42,6.41,3700,18700,82400,88300,175500,40600,33400,26600,13400,10400,8,50,8,3,1,8,1,4,4,12,3,1,22,4,8,10,15,51,6,57,31228.14814814815,0.0,-1,210.0,-1,-1,-1,-1,-1,-1,2289.5555555555557,15708.0,363880.95238095237,-1,-1,-1,-1,-1,-1,-1,447,620000,6.494739390027433,4026740.0,135,12632950,4,3000,6.5,19500.0,3,19590,6530.0,27934.82157081408
20230816093603000,6.5,6.5,6.5,6.5,6.5,6.5,6.5,6.5,6.5,6.5,6.5,6.51,6.52,6.53,6.54,6.55,6.56,6.57,6.58,6.59,1200,19100,13900,4800,9100,9100,36800,9900,44200,27500,6.5,6.49,6.48,6.47,6.46,6.45,6.44,6.43,6.42,6.41,3700,18700,85500,88300,175500,40600,33400,26600,13400,10400,8,50,8,3,1,8,1,4,4,12,3,1,22,4,8,10,15,52,6,57,14702.814814814816,31228.14814814815,0.0,-1,210.0,-1,-1,-1,-1,-1,2289.5555555555557,15708.0,363880.95238095237,-1,-1,-1,-1,-1,-1,-1,447,620000,6.494739390027433,4026740.0,135,12632950,0,0,-1,0.0,0,-1,-1,28446.92727417556
20230816093606000,6.5,6.5,6.5,6.5,6.5,6.5,6.5,6.5,6.5,6.5,6.5,6.51,6.52,6.53,6.54,6.55,6.56,6.57,6.58,6.59,4100,19100,13900,4800,9100,9100,36800,9900,44200,27500,6.5,6.49,6.48,6.47,6.46,6.45,6.44,6.43,6.42,6.41,3700,18700,85500,88300,175500,40600,33400,26600,13900,10400,8,50,8,3,1,8,1,4,4,12,3,1,22,4,8,10,15,52,6,57,14702.814814814816,31228.14814814815,0.0,-1,210.0,-1,-1,-1,-1,-1,2289.5555555555557,15708.0,363880.95238095237,-1,-1,-1,-1,-1,-1,-1,447,620000,6.494739390027433,4026740.0,135,12632950,0,0,-1,0.0,0,-1,-1,28887.28492910626
20230816093609000,6.5,6.49,6.49,6.49,6.49,6.49,6.49,6.5,6.49,6.49,6.5,6.51,6.52,6.53,6.54,6.55,6.56,6.57,6.58,6.59,5700,19100,13900,4800,9100,9100,36800,9900,44200,27500,6.5,6.49,6.48,6.47,6.46,6.45,6.44,6.43,6.42,6.41,3000,21000,95500,88300,175500,40600,33400,26600,13900,10400,8,51,8,3,1,8,1,4,4,12,3,1,22,4,8,10,15,53,6,57,14702.814814814816,31228.14814814815,0.0,-1,210.0,-1,-1,-1,-1,-1,2239.782608695652,15708.0,363880.95238095237,-1,-1,-1,-1,-1,-1,-1,450,621200,6.494739390027433,4034533.0,135,12632950,3,1200,6.494739390027433,7793.0,0,-1,-1,27919.299625617332
20230816093612000,6.48,6.49,6.49,6.49,6.49,6.5,6.5,6.5,6.48,6.49,6.49,6.5,6.51,6.52,6.53,6.54,6.55,6.56,6.57,6.58,6600,35600,19100,13900,4800,9100,9100,36800,9900,44200,6.48,6.47,6.46,6.45,6.44,6.43,6.42,6.41,6.4,6.39,95400,89000,175500,40600,33400,26600,13900,10400,20900,3700,8,51,8,3,1,8,1,4,4,12,3,1,22,4,8,10,15,53,6,57,11057.948717948719,14702.814814814816,31228.14814814815,0.0,-1,210.0,-1,-1,-1,-1,363880.95238095237,-1,-1,-1,-1,-1,-1,-1,-1,-1,473,699600,6.494220983419097,4543357.0,151,14176360,23,78400,6.490102040816327,508824.0,16,1543410,96463.125,39658.74123785248
20230816093615000,6.49,6.49,6.49,6.49,6.49,6.48,6.48,6.49,6.48,6.49,6.49,6.5,6.51,6.52,6.53,6.54,6.55,6.56,6.57,6.58,6100,35600,19100,13900,4800,9100,9100,36800,9900,44200,6.48,6.47,6.46,6.45,6.44,6.43,6.42,6.41,6.4,6.39,95300,89000,175500,40600,33400,26600,13900,10400,20900,3700,8,51,8,3,1,8,1,4,4,12,3,1,23,4,8,10,15,53,6,57,11057.948717948719,14702.814814814816,31228.14814814815,0.0,-1,210.0,-1,-1,-1,-1,363880.95238095237,-1,-1,-1,-1,-1,-1,-1,-1,-1,476,702200,6.4942039305041295,4560230.0,151,14176360,3,2600,6.4942039305041295,16873.0,0,-1,-1,34093.08487334714
20230816093618000,6.49,6.49,6.49,6.49,6.49,6.49,6.49,6.49,6.49,6.49,6.49,6.5,6.51,6.52,6.53,6.54,6.55,6.56,6.57,6.58,3300,35600,19100,13900,4800,9100,9100,36800,9900,44200,6.48,6.47,6.46,6.45,6.44,6.43,6.42,6.41,6.4,6.39,95400,91500,175500,40600,34400,26600,13900,10400,20900,3700,8,51,8,4,1,8,1,4,4,12,3,1,24,4,8,11,15,54,6,57,10846.75,14702.814814814816,31228.14814814815,0.0,-1,210.0,-1,-1,-1,-1,363880.95238095237,-1,-1,-1,-1,-1,-1,-1,-1,-1,478,703900,6.494193777525217,4571263.0,152,14178970,2,1700,6.49,11033.0,1,2610,2610.0,39435.96363708778
20230816093621000,6.49,6.48,6.48,6.48,6.48,6.48,6.48,6.48,6.48,6.48,6.49,6.5,6.51,6.52,6.53,6.54,6.55,6.56,6.57,6.58,4400,35600,19100,13900,4800,9100,9100,36800,9900,44200,6.48,6.47,6.46,6.45,6.44,6.43,6.42,6.41,6.4,6.39,95300,90700,175500,40600,34400,26600,13900,10400,20900,3700,8,51,8,4,1,8,1,4,4,12,3,1,24,4,8,11,15,54,6,57,10846.75,14702.814814814816,31228.14814814815,0.0,-1,210.0,-1,-1,-1,-1,363880.95238095237,-1,-1,-1,-1,-1,-1,-1,-1,-1,479,704000,6.494191761363636,4571911.0,152,14178970,1,100,6.494191761363636,648.0,0,-1,-1,39606.16835271627
20230816093624000,6.49,6.48,6.48,6.48,6.48,6.48,6.48,6.48,6.48,6.48,6.49,6.5,6.51,6.52,6.53,6.54,6.55,6.56,6.57,6.58,5300,35600,19100,13900,4800,9100,9100,36800,9900,44200,6.48,6.47,6.46,6.45,6.44,6.43,6.42,6.41,6.4,6.39,90100,90700,176600,40600,34400,26600,13900,10400,20900,3700,8,51,8,4,1,8,1,4,4,12,3,1,24,4,8,11,17,55,6,57,10846.75,14702.814814814816,31228.14814814815,0.0,-1,210.0,-1,-1,-1,-1,363880.95238095237,-1,-1,-1,-1,-1,-1,-1,-1,-1,479,704000,6.494191761363636,4571911.0,152,14178970,0,0,-1,0.0,0,-1,-1,39607.08837820615
20230816093627000,6.48,6.48,6.48,6.48,6.48,6.48,6.48,6.48,6.48,6.48,6.49,6.5,6.51,6.52,6.53,6.54,6.55,6.56,6.57,6.58,14300,35600,19100,13900,4800,9100,9100,36800,9900,44200,6.48,6.47,6.46,6.45,6.44,6.43,6.42,6.41,6.4,6.39,85900,90700,176600,40600,34400,26600,13900,10400,20900,3700,8,51,8,4,1,8,1,4,4,12,3,1,24,4,8,11,17,54,6,57,10846.75,14702.814814814816,31228.14814814815,0.0,-1,210.0,-1,-1,-1,-1,355386.36363636365,-1,-1,-1,-1,-1,-1,-1,-1,-1,482,705500,6.494161587526577,4581631.0,152,14178970,3,1500,6.494161587526577,9720.0,0,-1,-1,40122.30265254102
20230816093630000,6.49,6.48,6.48,6.48,6.48,6.49,6.49,6.49,6.48,6.48,6.49,6.5,6.51,6.52,6.53,6.54,6.55,6.56,6.57,6.58,35800,35600,19100,13900,4800,9100,9100,36800,9900,44200,6.48,6.47,6.46,6.45,6.44,6.43,6.42,6.41,6.4,6.39,85600,90700,176600,40600,34400,26600,13900,10400,20900,3700,8,51,8,4,1,8,1,4,4,12,3,1,24,4,8,11,17,54,6,57,10846.75,14702.814814814816,31228.14814814815,0.0,-1,210.0,-1,-1,-1,-1,355386.36363636365,-1,-1,-1,-1,-1,-1,-1,-1,-1,484,706600,6.49415086328899,4588767.0,152,14178970,2,1100,6.49415086328899,7136.0,0,-1,-1,38906.42126015613
20230816093633000,6.48,6.48,6.48,6.48,6.48,6.48,6.48,6.48,6.48,6.48,6.49,6.5,6.51,6.52,6.53,6.54,6.55,6.56,6.57,6.58,35800,35600,19100,13900,4800,9100,9100,36800,9900,44200,6.48,6.47,6.46,6.45,6.44,6.43,6.42,6.41,6.4,6.39,85600,90700,176600,40600,34400,26600,13900,10400,20900,3700,8,51,8,4,1,8,1,4,4,12,3,1,24,4,8,11,17,54,6,57,10846.75,14702.814814814816,31228.14814814815,0.0,-1,210.0,-1,-1,-1,-1,325770.8333333333,-1,-1,-1,-1,-1,-1,-1,-1,-1,486,711600,6.49415086328899,4621167.0,152,14178970,2,5000,6.49415086328899,32400.0,0,-1,-1,38906.42126015613
20230816093636000,6.48,6.48,6.48,6.48,6.48,6.48,6.48,6.48,6.48,6.48,6.49,6.5,6.51,6.52,6.53,6.54,6.55,6.56,6.57,6.58,35800,36400,19100,13900,4800,9100,9100,36800,9900,44200,6.48,6.47,6.46,6.45,6.44,6.43,6.42,6.41,6.4,6.39,85600,92500,176600,40600,34400,26600,13900,10400,20900,3700,8,51,8,4,1,8,1,4,4,12,3,1,25,4,8,11,17,54,6,57,10846.75,14702.814814814816,31228.14814814815,0.0,-1,210.0,-1,-1,-1,-1,300711.53846153844,-1,-1,-1,-1,-1,-1,-1,-1,-1,488,723500,6.49415086328899,4698279.0,152,14178970,2,11900,6.49415086328899,77112.0,0,-1,-1,43176.78727895491
20230816093639000,6.48,6.48,6.48,6.48,6.48,6.48,6.48,6.48,6.48,6.48,6.48,6.49,6.5,6.51,6.52,6.53,6.54,6.55,6.56,6.57,900,35800,36400,19100,13900,4800,9100,9100,36800,9900,6.48,6.47,6.46,6.45,6.44,6.43,6.42,6.41,6.4,6.39,85600,96900,176600,40600,34400,26600,13900,10400,21100,3700,8,52,8,4,1,8,1,4,4,12,3,1,29,4,8,11,17,54,6,57,0.0,10846.75,14702.814814814816,31228.14814814815,0.0,-1,210.0,-1,-1,-1,289574.0740740741,-1,-1,-1,-1,-1,-1,-1,-1,-1,489,724700,6.49415086328899,4706055.0,152,14178970,1,1200,6.49415086328899,7776.0,0,-1,-1,39725.66213955712
20230816093642000,6.48,6.48,6.48,6.48,6.48,6.48,6.48,6.48,6.48,6.48,6.48,6.49,6.5,6.51,6.52,6.53,6.54,6.55,6.56,6.57,400,35800,36400,19100,13900,4800,9100,9100,36800,9900,6.48,6.47,6.46,6.45,6.44,6.43,6.42,6.41,6.4,6.39,85600,96900,176600,40600,34400,26600,14900,10400,22100,3700,8,52,8,4,1,8,1,4,4,12,3,1,29,4,8,11,17,54,6,57,0.0,10846.75,14702.814814814816,31228.14814814815,0.0,-1,210.0,-1,-1,-1,279232.14285714284,-1,-1,-1,-1,-1,-1,-1,-1,-1,490,725700,6.49415086328899,4712535.0,152,14178970,1,1000,6.49415086328899,6480.0,0,-1,-1,39411.32009718019
20230816093645000,6.48,6.48,6.48,6.48,6.48,6.48,6.48,6.48,6.48,6.48,6.48,6.49,6.5,6.51,6.52,6.53,6.54,6.55,6.56,6.57,2200,35800,36400,19100,13900,4800,9100,9100,36800,9900,6.48,6.47,6.46,6.45,6.44,6.43,6.42,6.41,6.4,6.39,85600,97200,176600,40600,34400,26600,14900,10400,22100,3700,8,52,8,4,1,8,1,4,4,12,3,1,31,4,8,11,17,54,6,57,0.0,10846.75,14702.814814814816,31228.14814814815,0.0,-1,210.0,-1,-1,-1,279232.14285714284,-1,-1,-1,-1,-1,-1,-1,-1,-1,490,725700,6.49415086328899,4712535.0,152,14178970,0,0,-1,0.0,0,-1,-1,39457.112274972125
20230816093648000,6.48,6.47,6.47,6.47,6.47,6.47,6.47,6.47,6.47,6.47,6.48,6.49,6.5,6.51,6.52,6.53,6.54,6.55,6.56,6.57,10300,35800,36400,19100,13900,4800,9100,9100,36800,9900,6.48,6.47,6.46,6.45,6.44,6.43,6.42,6.41,6.4,6.39,85500,97300,180100,40600,34400,26600,14900,10400,22100,3700,8,53,8,4,1,8,1,4,4,12,3,1,32,4,8,11,19,54,6,57,0.0,10846.75,14702.814814814816,31228.14814814815,0.0,-1,210.0,-1,-1,-1,279232.14285714284,-1,-1,-1,-1,-1,-1,-1,-1,-1,491,725800,6.493775144667953,4713182.0,152,14178970,1,100,6.493775144667953,647.0,0,-1,-1,40034.42826987415
20230816093651000,6.47,6.48,6.48,6.48,6.48,6.47,6.47,6.48,6.47,6.48,6.48,6.49,6.5,6.51,6.52,6.53,6.54,6.55,6.56,6.57,9300,35800,36400,19100,13900,4800,9100,9100,36800,9900,6.48,6.47,6.46,6.45,6.44,6.43,6.42,6.41,6.4,6.39,83500,95300,180100,41100,34400,26600,14900,10400,22100,3700,8,53,8,4,1,8,1,4,4,12,3,1,32,4,8,11,19,54,6,57,0.0,10846.75,14702.814814814816,31228.14814814815,0.0,-1,210.0,-1,-1,-1,269603.4482758621,-1,-1,-1,-1,-1,-1,-1,-1,-1,493,728800,6.493709810387469,4732602.0,152,14178970,2,3000,6.493709810387469,19420.0,0,-1,-1,40554.24267165844
20230816093654000,6.47,6.47,6.47,6.47,6.47,6.47,6.47,6.47,6.47,6.47,6.47,6.48,6.49,6.5,6.51,6.52,6.53,6.54,6.55,6.56,12100,15500,35800,36400,19100,13900,4800,9100,9100,36800,6.47,6.46,6.45,6.44,6.43,6.42,6.41,6.4,6.39,6.38,3100,180100,41100,34400,26600,14900,10400,22100,3700,7900,8,53,8,4,1,8,1,4,4,12,3,1,7,4,8,11,19,54,6,57,6201.25,0.0,10846.75,14702.814814814816,31228.14814814815,0.0,-1,210.0,-1,-1,229439.2,-1,-1,-1,-1,-1,-1,-1,-1,-1,522,821700,6.491040701925421,5333665.0,177,19914950,29,92900,6.47,601063.0,25,5735980,229439.2,29979.03954914768
20230816093657000,6.47,6.47,6.47,6.47,6.47,6.47,6.47,6.47,6.47,6.47,6.47,6.48,6.49,6.5,6.51,6.52,6.53,6.54,6.55,6.56,15500,15500,36300,36400,19100,13900,4800,9100,9100,36800,6.47,6.46,6.45,6.44,6.43,6.42,6.41,6.4,6.39,6.38,3100,180400,41100,34400,26600,14900,10400,22100,3700,8700,8,53,8,4,1,8,1,4,4,12,3,1,7,4,8,11,20,54,6,57,6201.25,0.0,10846.75,14702.814814814816,31228.14814814815,0.0,-1,210.0,-1,-1,204856.42857142858,-1,-1,-1,-1,-1,-1,-1,-1,-1,525,822100,6.491002311154361,5336253.0,177,19914950,3,400,6.491002311154361,2588.0,0,-1,-1,30540.25509797674
20230816093700000,6.47,6.47,6.47,6.47,6.47,6.47,6.47,6.47,6.47,6.47,6.47,6.48,6.49,6.5,6.51,6.52,6.53,6.54,6.55,6.56,15400,15500,36300,36400,19100,13900,4800,9100,9100,36800,6.47,6.46,6.45,6.44,6.43,6.42,6.41,6.4,6.39,6.38,3100,180900,41600,34400,26600,14900,10400,22100,3700,8700,8,53,8,4,1,8,1,4,4,12,3,1,7,4,8,11,21,54,6,57,6024.444444444444,0.0,10846.75,14702.814814814816,31228.14814814815,0.0,-1,210.0,-1,-1,168791.76470588235,-1,-1,-1,-1,-1,-1,-1,-1,-1,532,827400,6.490867778583515,5370544.0,183,19922500,7,5300,6.47,34291.0,6,7550,1258.3333333333333,30588.556436195635
20230816093703000,6.47,6.47,6.47,6.47,6.47,6.47,6.47,6.47,6.47,6.47,6.47,6.48,6.49,6.5,6.51,6.52,6.53,6.54,6.55,6.56,15400,15800,36300,36400,19100,13900,4800,9100,9100,36800,6.47,6.46,6.45,6.44,6.43,6.42,6.41,6.4,6.39,6.38,6300,180900,41600,34400,30300,14900,10400,22100,3700,8700,8,53,8,4,1,8,1,4,4,12,3,1,13,4,8,11,21,54,6,57,4170.7692307692305,0.0,10846.75,14702.814814814816,31228.14814814815,0.0,-1,210.0,-1,-1,168791.76470588235,-1,-1,-1,-1,-1,-1,-1,-1,-1,536,828400,6.490867778583515,5377014.0,183,19922500,4,1000,6.490867778583515,6470.0,0,-1,-1,31033.45447666083
20230816093706000,6.47,6.46,6.46,6.46,6.46,6.47,6.47,6.47,6.46,6.46,6.47,6.48,6.49,6.5,6.51,6.52,6.53,6.54,6.55,6.56,33400,15800,35800,36400,19100,14900,4800,9100,9100,36800,6.47,6.46,6.45,6.44,6.43,6.42,6.41,6.4,6.39,6.38,1300,175900,41600,34400,30300,14900,10400,22100,3700,8700,8,53,8,4,1,8,1,4,4,12,3,1,13,4,8,11,21,54,6,57,3875.714285714286,0.0,10846.75,14702.814814814816,31228.14814814815,0.0,-1,210.0,-1,-1,155105.94594594595,-1,-1,-1,-1,-1,-1,-1,-1,-1,541,836800,6.49057361376673,5431312.0,184,19922540,5,8400,6.464047619047619,54298.0,1,40,40.0,32654.999402580856
20230816093709000,6.46,6.47,6.47,6.47,6.47,6.47,6.47,6.47,6.47,6.47,6.47,6.48,6.49,6.5,6.51,6.52,6.53,6.54,6.55,6.56,33600,15800,28700,36400,19100,14900,4800,9100,9100,36800,6.47,6.46,6.45,6.44,6.43,6.42,6.41,6.4,6.39,6.38,1300,175900,41600,34400,30300,14900,12600,22100,3700,8700,8,53,8,4,1,8,1,4,4,12,3,1,13,4,9,11,21,54,6,57,3875.714285714286,0.0,10846.75,14702.814814814816,31228.14814814815,0.0,-1,210.0,-1,-1,151024.2105263158,-1,-1,-1,-1,-1,-1,-1,-1,-1,542,837200,6.4905637840420445,5433900.0,184,19922540,1,400,6.4905637840420445,2588.0,0,-1,-1,32458.289190696192
20230816093712000,6.46,6.47,6.47,6.47,6.47,6.47,6.47,6.47,6.47,6.47,6.47,6.48,6.49,6.5,6.51,6.52,6.53,6.54,6.55,6.56,34400,15800,28700,36400,19100,14900,4800,9100,9100,36800,6.47,6.46,6.45,6.44,6.43,6.42,6.41,6.4,6.39,6.38,1300,175900,41600,34400,30300,17900,12600,22100,3700,9800,8,53,8,4,1,8,1,4,4,12,3,1,13,4,9,11,21,54,6,57,3875.714285714286,0.0,10846.75,14702.814814814816,31228.14814814815,0.0,-1,210.0,-1,-1,151024.2105263158,-1,-1,-1,-1,-1,-1,-1,-1,-1,542,837200,6.4905637840420445,5433900.0,184,19922540,0,0,-1,0.0,0,-1,-1,32552.591803409272
20230816093715000,6.47,6.47,6.47,6.47,6.47,6.47,6.47,6.47,6.47,6.47,6.47,6.48,6.49,6.5,6.51,6.52,6.53,6.54,6.55,6.56,31300,15800,28700,36400,19100,14900,4800,9100,9100,36800,6.47,6.46,6.45,6.44,6.43,6.42,6.41,6.4,6.39,6.38,300,178100,41600,34400,30300,17900,12600,22100,3700,9800,8,53,8,4,1,8,1,4,4,12,3,1,13,4,9,11,22,54,6,57,5684.0,0.0,10846.75,14702.814814814816,31228.14814814815,0.0,-1,210.0,-1,-1,143473.0,-1,-1,-1,-1,-1,-1,-1,-1,-1,552,841400,6.490461136201569,5461074.0,190,19981960,10,4200,6.47,27174.0,6,59420,9903.333333333334,32122.47988688864
20230816093718000,6.47,6.47,6.47,6.47,6.47,6.47,6.47,6.47,6.47,6.47,6.47,6.48,6.49,6.5,6.51,6.52,6.53,6.54,6.55,6.56,30200,15800,28700,36400,19100,14900,4800,9100,9100,36800,6.47,6.46,6.45,6.44,6.43,6.42,6.41,6.4,6.39,6.38,300,178100,42600,34400,30300,17900,12600,22100,3700,9800,8,53,8,4,1,8,1,4,4,12,3,1,13,4,9,11,23,54,6,57,6019.047619047619,0.0,10846.75,14702.814814814816,31228.14814814815,0.0,-1,210.0,-1,-1,143473.0,-1,-1,-1,-1,-1,-1,-1,-1,-1,554,842300,6.490439273418022,5466897.0,191,19994680,2,900,6.47,5823.0,1,12720,12720.0,32018.97701927672
20230816093721000,6.47,6.47,6.47,6.47,6.47,6.47,6.47,6.47,6.47,6.47,6.47,6.48,6.49,6.5,6.51,6.52,6.53,6.54,6.55,6.56,30200,15800,28700,36400,19100,14900,4800,9100,9100,36800,6.47,6.46,6.45,6.44,6.43,6.42,6.41,6.4,6.39,6.38,300,190200,42800,34400,30300,21700,12600,22100,3700,9800,8,53,8,4,1,8,1,4,4,12,3,1,13,4,9,11,26,54,6,57,6019.047619047619,0.0,10846.75,14702.814814814816,31228.14814814815,0.0,-1,210.0,-1,-1,143473.0,-1,-1,-1,-1,-1,-1,-1,-1,-1,554,842300,6.490439273418022,5466897.0,191,19994680,0,0,-1,0.0,0,-1,-1,32499.230324996013
20230816093724000,6.47,6.47,6.47,6.47,6.47,6.47,6.47,6.47,6.47,6.47,6.47,6.48,6.49,6.5,6.51,6.52,6.53,6.54,6.55,6.56,28000,15800,28700,36400,19100,14900,4800,9100,9100,36800,6.47,6.46,6.45,6.44,6.43,6.42,6.41,6.4,6.39,6.38,300,192000,42800,34400,30300,22700,12600,22100,3700,9800,8,53,8,4,1,8,1,4,4,12,3,1,13,4,9,11,29,54,6,57,6816.086956521739,0.0,10846.75,14702.814814814816,31228.14814814815,0.0,-1,210.0,-1,-1,139973.65853658537,-1,-1,-1,-1,-1,-1,-1,-1,-1,558,844700,6.4904053573545095,5482425.0,193,20025050,4,2400,6.47,15528.0,2,30370,15185.0,32837.33969252827
20230816093727000,6.47,6.47,6.47,6.47,6.47,6.47,6.47,6.47,6.47,6.47,6.47,6.48,6.49,6.5,6.51,6.52,6.53,6.54,6.55,6.56,28000,15800,28700,36400,19100,14900,4800,9100,9100,36800,6.47,6.46,6.45,6.44,6.43,6.42,6.41,6.4,6.39,6.38,300,195100,42800,34400,30300,22700,12600,22200,3700,9800,8,53,8,4,1,8,1,4,4,12,3,1,13,4,9,11,30,54,6,57,6816.086956521739,0.0,10846.75,14702.814814814816,31228.14814814815,0.0,-1,210.0,-1,-1,139973.65853658537,-1,-1,-1,-1,-1,-1,-1,-1,-1,558,844700,6.4904053573545095,5482425.0,193,20025050,0,0,-1,0.0,0,-1,-1,32909.1016807392
20230816093730000,6.47,6.47,6.47,6.47,6.47,6.47,6.47,6.47,6.47,6.47,6.47,6.48,6.49,6.5,6.51,6.52,6.53,6.54,6.55,6.56,27900,15800,28700,36400,19100,14900,4800,9000,9100,36800,6.47,6.46,6.45,6.44,6.43,6.42,6.41,6.4,6.39,6.38,300,195700,42800,34400,30300,22700,12600,22200,3700,9800,8,53,8,4,1,8,1,4,4,12,3,1,13,4,9,11,33,54,6,57,6816.086956521739,0.0,10846.75,14702.814814814816,31228.14814814815,0.0,-1,210.0,-1,-1,136640.95238095237,-1,-1,-1,-1,-1,-1,-1,-1,-1,559,844900,6.4904053573545095,5483719.0,193,20025050,1,200,6.4904053573545095,1294.0,0,-1,-1,33193.54289469492
20230816093733000,6.47,6.47,6.47,6.47,6.47,6.47,6.47,6.47,6.47,6.47,6.47,6.48,6.49,6.5,6.51,6.52,6.53,6.54,6.55,6.56,27900,15800,24400,36400,19100,14900,4800,12100,9100,36800,6.47,6.46,6.45,6.44,6.43,6.42,6.41,6.4,6.39,6.38,300,197800,42800,34400,30300,22700,12600,22700,3700,9800,8,53,8,4,1,8,1,4,4,12,3,1,13,4,9,11,35,54,6,57,6816.086956521739,0.0,10846.75,14702.814814814816,31228.14814814815,0.0,-1,210.0,-1,-1,136640.95238095237,-1,-1,-1,-1,-1,-1,-1,-1,-1,559,844900,6.4904053573545095,5483719.0,193,20025050,0,0,-1,0.0,0,-1,-1,33009.53779671818
20230816093736000,6.47,6.47,6.47,6.47,6.47,6.47,6.47,6.47,6.47,6.47,6.47,6.48,6.49,6.5,6.51,6.52,6.53,6.54,6.55,6.56,32900,15800,24400,36400,19100,14900,4800,12100,9100,36800,6.47,6.46,6.45,6.44,6.43,6.42,6.41,6.4,6.39,6.38,300,198000,42800,19400,30300,22700,12600,22700,3700,9800,8,53,8,4,1,8,1,4,4,12,3,1,13,4,9,11,36,54,6,57,6816.086956521739,0.0,10846.75,14702.814814814816,31228.14814814815,0.0,-1,210.0,-1,-1,136640.95238095237,-1,-1,-1,-1,-1,-1,-1,-1,-1,559,844900,6.4904053573545095,5483719.0,193,20025050,0,0,-1,0.0,0,-1,-1,33111.50728851362
20230816093739000,6.47,6.47,6.47,6.47,6.47,6.47,6.47,6.47,6.47,6.47,6.47,6.48,6.49,6.5,6.51,6.52,6.53,6.54,6.55,6.56,32900,16200,24400,36400,19100,14900,4800,12100,9100,36800,6.47,6.46,6.45,6.44,6.43,6.42,6.41,6.4,6.39,6.38,300,201000,43800,19400,30300,25200,12600,22700,3700,9800,8,53,8,4,1,8,1,4,4,12,3,1,13,4,9,11,39,54,6,57,6816.086956521739,0.0,10846.75,14702.814814814816,31228.14814814815,0.0,-1,210.0,-1,-1,136640.95238095237,-1,-1,-1,-1,-1,-1,-1,-1,-1,559,844900,6.4904053573545095,5483719.0,193,20025050,0,0,-1,0.0,0,-1,-1,33417.41576389995
20230816093742000,6.47,6.46,6.46,6.46,6.46,6.46,6.46,6.46,6.46,6.46,6.47,6.48,6.49,6.5,6.51,6.52,6.53,6.54,6.55,6.56,32900,16200,24400,36400,19100,14900,4800,12100,9100,36800,6.46,6.45,6.44,6.43,6.42,6.41,6.4,6.39,6.38,6.37,202100,43800,19600,30300,25200,12600,22700,3700,9800,3600,8,53,8,4,1,8,1,4,4,12,3,1,13,4,9,11,39,54,6,57,6816.086956521739,0.0,10846.75,14702.814814814816,31228.14814814815,0.0,-1,210.0,-1,-1,203880.0,-1,-1,-1,-1,-1,-1,-1,-1,-1,561,848300,6.4903082191780825,5505683.0,194,20228930,2,3400,6.46,21964.0,1,203880,203880.0,39537.15747968775
20230816093745000,6.46,6.47,6.47,6.47,6.47,6.47,6.47,6.47,6.47,6.47,6.47,6.48,6.49,6.5,6.51,6.52,6.53,6.54,6.55,6.56,31600,16200,24400,36400,19100,14900,4800,12100,9100,36800,6.46,6.45,6.44,6.43,6.42,6.41,6.4,6.39,6.38,6.37,202300,43800,19600,30300,28200,12600,22700,3700,9800,3600,8,53,8,4,1,8,1,4,4,12,3,1,13,4,9,12,39,54,6,57,6816.086956521739,0.0,10846.75,14702.814814814816,31228.14814814815,0.0,-1,210.0,-1,-1,203880.0,-1,-1,-1,-1,-1,-1,-1,-1,-1,562,850600,6.4903082191780825,5520564.0,194,20228930,1,2300,6.4903082191780825,14881.0,0,-1,-1,39487.0818065955
20230816093748000,6.47,6.47,6.47,6.47,6.47,6.47,6.47,6.47,6.47,6.47,6.47,6.48,6.49,6.5,6.51,6.52,6.53,6.54,6.55,6.56,24000,16200,24400,36400,19100,14900,4800,12100,9100,36800,6.46,6.45,6.44,6.43,6.42,6.41,6.4,6.39,6.38,6.37,206300,43800,19600,30300,28200,12600,22600,3700,9800,3600,8,53,8,4,2,8,1,4,4,12,3,1,13,4,9,12,41,54,6,57,8371.2,0.0,10846.75,14702.814814814816,31228.14814814815,0.0,-1,210.0,-1,-1,203880.0,-1,-1,-1,-1,-1,-1,-1,-1,-1,567,860900,6.48995818329655,5587205.0,196,20281440,5,10300,6.47,66641.0,2,52510,26255.0,32838.48972439064
20230816093751000,6.47,6.47,6.47,6.47,6.47,6.47,6.47,6.47,6.47,6.47,6.47,6.48,6.49,6.5,6.51,6.52,6.53,6.54,6.55,6.56,22000,16200,24400,36400,19100,14900,4800,12100,9100,36800,6.46,6.45,6.44,6.43,6.42,6.41,6.4,6.39,6.38,6.37,207300,43800,19600,30300,28200,12600,23000,3700,9800,3600,8,53,8,4,2,8,1,4,4,12,3,1,13,4,9,12,42,54,6,57,8371.2,0.0,10846.75,14702.814814814816,31228.14814814815,0.0,-1,210.0,-1,-1,203880.0,-1,-1,-1,-1,-1,-1,-1,-1,-1,568,862900,6.4899257798909895,5600145.0,196,20281440,1,2000,6.4899257798909895,12940.0,0,-1,-1,38640.6583559025
20230816093754000,6.47,6.46,6.46,6.46,6.46,6.47,6.47,6.47,6.46,6.46,6.47,6.48,6.49,6.5,6.51,6.52,6.53,6.54,6.55,6.56,19800,16300,24400,36400,19100,14900,4800,12100,9100,36800,6.46,6.45,6.44,6.43,6.42,6.41,6.4,6.39,6.38,6.37,206900,43800,20600,30300,28700,15800,23500,3700,9800,3600,8,53,8,4,2,8,1,4,4,12,3,2,13,4,10,12,42,54,6,57,8371.2,0.0,10846.75,14702.814814814816,31228.14814814815,0.0,-1,210.0,-1,-1,203880.0,-1,-1,-1,-1,-1,-1,-1,-1,-1,570,865500,6.489847487001733,5616963.0,196,20281440,2,2600,6.489847487001733,16818.0,0,-1,-1,38464.10108332006
20230816093757000,6.47,6.46,6.46,6.46,6.46,6.46,6.46,6.46,6.46,6.46,6.47,6.48,6.49,6.5,6.51,6.52,6.53,6.54,6.55,6.56,20800,16300,24400,36400,19100,14900,4800,12100,9100,36800,6.46,6.45,6.44,6.43,6.42,6.41,6.4,6.39,6.38,6.37,206900,43800,20600,30300,28700,15800,23500,3700,9800,3600,8,53,8,4,2,8,1,4,4,12,3,2,13,4,10,13,42,54,6,57,8371.2,0.0,10846.75,14702.814814814816,31228.14814814815,0.0,-1,210.0,-1,-1,203880.0,-1,-1,-1,-1,-1,-1,-1,-1,-1,570,865500,6.489847487001733,5616963.0,196,20281440,0,0,-1,0.0,0,-1,-1,38657.30643619564
20230816093800000,6.47,6.46,6.46,6.46,6.46,6.46,6.46,6.46,6.46,6.46,6.47,6.48,6.49,6.5,6.51,6.52,6.53,6.54,6.55,6.56,20800,16300,24400,36400,19100,14900,4800,12100,9100,36800,6.47,6.46,6.45,6.44,6.43,6.42,6.41,6.4,6.39,6.38,3200,211200,43800,20600,30300,28700,15800,23500,3700,9800,8,53,8,4,2,8,1,4,4,12,3,2,13,4,10,13,43,54,6,57,8371.2,0.0,10846.75,14702.814814814816,31228.14814814815,0.0,-1,210.0,-1,-1,119560.83333333333,203880.0,-1,-1,-1,-1,-1,-1,-1,-1,570,865500,6.489847487001733,5616963.0,196,20281440,0,0,-1,0.0,0,-1,-1,39052.91739684562
20230816093803000,6.47,6.47,6.47,6.47,6.47,6.47,6.47,6.47,6.47,6.47,6.47,6.48,6.49,6.5,6.51,6.52,6.53,6.54,6.55,6.56,22500,24900,24400,36400,19100,14900,4800,12100,9100,36900,6.47,6.46,6.45,6.44,6.43,6.42,6.41,6.4,6.39,6.38,3200,207400,43800,20600,30300,38700,15800,23800,3700,9800,9,53,8,4,2,8,1,4,4,12,3,2,14,4,10,13,43,54,6,57,7474.285714285715,0.0,10846.75,14702.814814814816,31228.14814814815,0.0,-1,210.0,-1,-1,117129.59183673469,203880.0,-1,-1,-1,-1,-1,-1,-1,-1,574,867500,6.489801729106628,5629903.0,197,20281870,4,2000,6.47,12940.0,1,430,430.0,33884.23112155488
20230816093806000,6.48,6.47,6.47,6.47,6.47,6.47,6.47,6.48,6.47,6.47,6.47,6.48,6.49,6.5,6.51,6.52,6.53,6.54,6.55,6.56,20500,24800,24400,36400,19100,14900,4800,12100,9100,36900,6.47,6.46,6.45,6.44,6.43,6.42,6.41,6.4,6.39,6.38,6900,204400,46100,20600,30300,38700,15800,23800,3700,9800,9,53,8,4,2,8,1,4,4,12,3,2,18,4,10,13,43,54,6,57,5510.526315789473,0.0,10846.75,14702.814814814816,31228.14814814815,0.0,-1,210.0,-1,-1,114787.2,203880.0,-1,-1,-1,-1,-1,-1,-1,-1,587,873600,6.489685210622711,5669389.0,205,20282000,13,6100,6.4731147540983605,39486.0,8,130,16.25,34112.397443046044
20230816093809000,6.47,6.47,6.47,6.47,6.47,6.47,6.47,6.47,6.47,6.47,6.47,6.48,6.49,6.5,6.51,6.52,6.53,6.54,6.55,6.56,17600,24900,24400,36400,19100,14900,4800,12100,9100,36900,6.47,6.46,6.45,6.44,6.43,6.42,6.41,6.4,6.39,6.38,5000,204400,43100,20600,30300,38700,17000,23800,3700,9800,9,53,8,4,2,8,1,4,4,12,3,2,21,4,11,13,43,54,6,57,5369.2307692307695,0.0,10846.75,14702.814814814816,31228.14814814815,0.0,-1,210.0,-1,-1,112588.82352941176,203880.0,-1,-1,-1,-1,-1,-1,-1,-1,590,876700,6.489660455013147,5689446.0,206,20284670,3,3100,6.47,20057.0,1,2670,2670.0,33509.78074717222
20230816093812000,6.47,6.47,6.47,6.47,6.47,6.47,6.47,6.47,6.47,6.47,6.47,6.48,6.49,6.5,6.51,6.52,6.53,6.54,6.55,6.56,17600,24900,24400,36400,19100,14900,4800,12100,9100,36900,6.47,6.46,6.45,6.44,6.43,6.42,6.41,6.4,6.39,6.38,5000,204400,43600,20600,30300,38700,17000,23800,3700,9800,9,53,8,4,2,8,1,4,4,12,3,2,21,4,11,13,43,54,6,57,5369.2307692307695,0.0,10846.75,14702.814814814816,31228.14814814815,0.0,-1,210.0,-1,-1,112588.82352941176,203880.0,-1,-1,-1,-1,-1,-1,-1,-1,590,876700,6.489660455013147,5689446.0,206,20284670,0,0,-1,0.0,0,-1,-1,33509.78074717222
20230816093815000,6.47,6.47,6.47,6.47,6.47,6.47,6.47,6.47,6.47,6.47,6.47,6.48,6.49,6.5,6.51,6.52,6.53,6.54,6.55,6.56,17600,24900,24400,36400,19100,14900,4800,12100,9100,36900,6.47,6.46,6.45,6.44,6.43,6.42,6.41,6.4,6.39,6.38,5000,204400,43600,20600,30300,38700,17000,23800,3700,9800,9,53,8,4,2,8,1,4,4,12,3,2,21,4,11,13,43,54,6,57,5369.2307692307695,0.0,10846.75,14702.814814814816,31228.14814814815,0.0,-1,210.0,-1,-1,112588.82352941176,203880.0,-1,-1,-1,-1,-1,-1,-1,-1,590,876700,6.489660455013147,5689446.0,206,20284670,0,0,-1,0.0,0,-1,-1,33509.78074717222
20230816093818000,6.47,6.47,6.47,6.47,6.47,6.47,6.47,6.47,6.47,6.47,6.47,6.48,6.49,6.5,6.51,6.52,6.53,6.54,6.55,6.56,17600,24900,24400,36400,19100,14900,4800,12100,9100,36900,6.47,6.46,6.45,6.44,6.43,6.42,6.41,6.4,6.39,6.38,5000,204400,43600,20600,30300,43900,17000,23800,3700,9800,9,53,8,4,2,8,1,4,4,12,3,2,21,4,11,13,43,54,6,57,5369.2307692307695,0.0,10846.75,14702.814814814816,31228.14814814815,0.0,-1,210.0,-1,-1,112588.82352941176,203880.0,-1,-1,-1,-1,-1,-1,-1,-1,590,876700,6.489660455013147,5689446.0,206,20284670,0,0,-1,0.0,0,-1,-1,33716.78648239605
20230816093821000,6.47,6.47,6.47,6.47,6.47,6.47,6.47,6.47,6.47,6.47,6.47,6.48,6.49,6.5,6.51,6.52,6.53,6.54,6.55,6.56,21000,24900,24400,36800,19100,14900,4800,12100,9100,36900,6.46,6.45,6.44,6.43,6.42,6.41,6.4,6.39,6.38,6.37,204400,43600,20600,33100,43900,17000,23800,3700,9800,4100,9,53,8,4,2,9,1,4,4,12,3,2,20,4,11,13,43,54,6,57,5369.2307692307695,0.0,10846.75,14702.814814814816,31228.14814814815,0.0,-1,210.0,-1,-1,203880.0,-1,-1,-1,-1,-1,-1,-1,-1,-1,591,887700,6.489504366564591,5760616.0,207,20296050,1,11000,6.47,71170.0,1,11380,11380.0,40025.06770750358
20230816093824000,6.47,6.47,6.47,6.47,6.47,6.47,6.47,6.47,6.47,6.47,6.47,6.48,6.49,6.5,6.51,6.52,6.53,6.54,6.55,6.56,21000,24900,24400,36800,19100,14900,4800,12100,9100,36900,6.47,6.46,6.45,6.44,6.43,6.42,6.41,6.4,6.39,6.38,100,204400,43600,20600,33100,43900,17000,23800,3700,9800,9,53,8,4,2,9,1,4,4,12,3,2,20,4,11,13,43,54,6,57,5369.2307692307695,0.0,10846.75,14702.814814814816,31228.14814814815,0.0,-1,210.0,-1,-1,110642.5,203880.0,-1,-1,-1,-1,-1,-1,-1,-1,591,887700,6.489504366564591,5760616.0,207,20296050,0,0,-1,0.0,0,-1,-1,40047.148319260785
20230816093827000,6.47,6.48,6.48,6.48,6.48,6.48,6.48,6.48,6.48,6.48,6.47,6.48,6.49,6.5,6.51,6.52,6.53,6.54,6.55,6.56,20100,25200,24400,36800,19100,14900,4800,12100,9100,36900,6.47,6.46,6.45,6.44,6.43,6.42,6.41,6.4,6.39,6.38,500,203400,43600,20600,33100,43900,17000,23800,3700,9800,9,53,8,4,2,9,1,4,4,12,3,2,22,4,11,13,43,54,6,57,5369.2307692307695,0.0,10846.75,14702.814814814816,31228.14814814815,0.0,-1,210.0,-1,-1,110642.5,203880.0,-1,-1,-1,-1,-1,-1,-1,-1,592,888600,6.489504366564591,5766448.0,207,20296050,1,900,6.489504366564591,5832.0,0,-1,-1,29997.246893420426
20230816093830000,6.47,6.48,6.48,6.48,6.48,6.48,6.48,6.48,6.48,6.48,6.47,6.48,6.49,6.5,6.51,6.52,6.53,6.54,6.55,6.56,20100,25200,24400,36800,19100,14900,4800,12100,9100,36900,6.47,6.46,6.45,6.44,6.43,6.42,6.41,6.4,6.39,6.38,1600,205600,51600,20600,33100,43900,17000,23800,3700,9800,9,53,8,4,2,9,1,4,4,12,3,2,25,4,11,13,44,54,6,57,5369.2307692307695,0.0,10846.75,14702.814814814816,31228.14814814815,0.0,-1,210.0,-1,-1,110642.5,203880.0,-1,-1,-1,-1,-1,-1,-1,-1,592,888600,6.489504366564591,5766448.0,207,20296050,0,0,-1,0.0,0,-1,-1,34398.98538314481
20230816093833000,6.47,6.48,6.48,6.48,6.48,6.48,6.48,6.48,6.48,6.48,6.47,6.48,6.49,6.5,6.51,6.52,6.53,6.54,6.55,6.56,20100,25200,24400,36800,19100,14900,4800,12100,9100,36900,6.47,6.46,6.45,6.44,6.43,6.42,6.41,6.4,6.39,6.38,2600,205600,51600,20600,33100,43900,17000,28800,3700,9800,9,53,8,4,2,9,1,4,4,12,3,2,25,4,11,13,45,54,6,57,5369.2307692307695,0.0,10846.75,14702.814814814816,31228.14814814815,0.0,-1,210.0,-1,-1,110642.5,203880.0,-1,-1,-1,-1,-1,-1,-1,-1,592,888600,6.489504366564591,5766448.0,207,20296050,0,0,-1,0.0,0,-1,-1,34571.490162498005
20230816093836000,6.48,6.47,6.47,6.47,6.47,6.47,6.47,6.47,6.47,6.47,6.47,6.48,6.49,6.5,6.51,6.52,6.53,6.54,6.55,6.56,20100,25200,24400,36800,19100,14900,4800,12100,9100,36900,6.46,6.45,6.44,6.43,6.42,6.41,6.4,6.39,6.38,6.37,206100,51600,20600,33100,45900,32800,28800,3700,9800,4100,9,53,8,4,2,9,1,4,4,12,3,2,22,4,12,13,46,54,6,57,5235.0,0.0,10846.75,14702.814814814816,31228.14814814815,0.0,-1,210.0,-1,-1,203880.0,-1,-1,-1,-1,-1,-1,-1,-1,-1,598,903400,6.489085967831392,5862204.0,212,20345320,6,14800,6.47,95756.0,5,49270,9854.0,41684.68416440975
20230816093839000,6.48,6.47,6.47,6.47,6.47,6.48,6.48,6.48,6.47,6.47,6.47,6.48,6.49,6.5,6.51,6.52,6.53,6.54,6.55,6.56,16200,22400,24400,36800,19100,14900,4800,12100,9100,36900,6.47,6.46,6.45,6.44,6.43,6.42,6.41,6.4,6.39,6.38,200,206600,51600,20600,33100,45900,32800,28800,3700,9800,9,53,8,4,2,9,1,4,4,12,3,2,23,4,12,13,47,54,6,57,5235.0,0.0,10846.75,14702.814814814816,31228.14814814815,0.0,-1,210.0,-1,-1,101801.40350877192,203880.0,-1,-1,-1,-1,-1,-1,-1,-1,600,907300,6.489085967831392,5887468.0,212,20345320,2,3900,6.489085967831392,25264.0,0,-1,-1,31388.111358929422
20230816093842000,6.48,6.47,6.47,6.47,6.47,6.47,6.47,6.47,6.47,6.47,6.47,6.48,6.49,6.5,6.51,6.52,6.53,6.54,6.55,6.56,16200,22400,24400,36800,19100,14900,4800,12100,9100,36900,6.47,6.46,6.45,6.44,6.43,6.42,6.41,6.4,6.39,6.38,200,216600,51600,20600,33100,45900,32800,28800,3700,10200,9,53,8,4,2,9,1,4,4,12,3,2,23,4,12,13,48,54,6,57,5235.0,0.0,10846.75,14702.814814814816,31228.14814814815,0.0,-1,210.0,-1,-1,101801.40350877192,203880.0,-1,-1,-1,-1,-1,-1,-1,-1,600,907300,6.489085967831392,5887468.0,212,20345320,0,0,-1,0.0,0,-1,-1,34968.63449896447
20230816093845000,6.47,6.47,6.47,6.47,6.47,6.47,6.47,6.47,6.47,6.47,6.47,6.48,6.49,6.5,6.51,6.52,6.53,6.54,6.55,6.56,16100,23100,24400,36800,19100,14900,4800,12100,9100,36900,6.47,6.46,6.45,6.44,6.43,6.42,6.41,6.4,6.39,6.38,100,216600,51600,20600,33100,45900,32800,28800,3700,10200,9,53,8,4,2,9,1,4,4,12,3,2,23,4,12,13,48,54,6,57,5235.0,0.0,10846.75,14702.814814814816,31228.14814814815,0.0,-1,210.0,-1,-1,101801.40350877192,203880.0,-1,-1,-1,-1,-1,-1,-1,-1,601,907400,6.489085967831392,5888115.0,212,20345320,1,100,6.489085967831392,647.0,0,-1,-1,31891.825314640748
20230816093848000,6.47,6.47,6.47,6.47,6.47,6.47,6.47,6.47,6.47,6.47,6.47,6.48,6.49,6.5,6.51,6.52,6.53,6.54,6.55,6.56,16100,25100,24400,36800,19100,14900,4800,12100,9100,36900,6.46,6.45,6.44,6.43,6.42,6.41,6.4,6.39,6.38,6.37,216700,51600,20600,33200,45900,32800,28800,3700,10200,4100,9,53,8,4,2,9,1,4,4,12,3,2,23,4,12,13,49,54,6,57,4759.090909090909,0.0,10846.75,14702.814814814816,31228.14814814815,0.0,-1,210.0,-1,-1,203880.0,-1,-1,-1,-1,-1,-1,-1,-1,-1,605,908000,6.489085967831392,5891997.0,212,20345320,4,600,6.489085967831392,3882.0,0,-1,-1,41846.52501194838
20230816093851000,6.47,6.47,6.47,6.47,6.47,6.47,6.47,6.48,6.47,6.47,6.47,6.48,6.49,6.5,6.51,6.52,6.53,6.54,6.55,6.56,21900,35900,24400,36800,19100,14900,4800,12100,9100,36900,6.46,6.45,6.44,6.43,6.42,6.41,6.4,6.39,6.38,6.37,216700,51600,20600,33200,45900,32800,28800,3700,10200,4100,9,53,8,4,2,9,1,4,4,12,3,2,22,4,12,13,49,54,6,57,3221.5384615384614,0.0,10846.75,14702.814814814816,31228.14814814815,0.0,-1,210.0,-1,-1,203880.0,-1,-1,-1,-1,-1,-1,-1,-1,-1,628,919900,6.488832714566499,5969000.0,213,20355730,23,11900,6.4708403361344535,77003.0,1,10410,10410.0,43617.57407997451
20230816093854000,6.47,6.47,6.47,6.47,6.47,6.47,6.47,6.47,6.47,6.47,6.47,6.48,6.49,6.5,6.51,6.52,6.53,6.54,6.55,6.56,23500,35900,24400,36800,19100,14900,4800,12100,9100,36900,6.46,6.45,6.44,6.43,6.42,6.41,6.4,6.39,6.38,6.37,216700,51600,20600,33200,45900,31600,28800,3700,10200,4100,9,53,8,4,2,9,1,4,4,12,3,2,22,4,12,13,49,54,6,57,3221.5384615384614,0.0,10846.75,14702.814814814816,31228.14814814815,0.0,-1,210.0,-1,-1,203880.0,-1,-1,-1,-1,-1,-1,-1,-1,-1,629,920000,6.488746739130435,5969647.0,213,20355730,1,100,6.488746739130435,647.0,0,-1,-1,43824.57981519834
20230816093857000,6.47,6.47,6.47,6.47,6.47,6.47,6.47,6.47,6.47,6.47,6.47,6.48,6.49,6.5,6.51,6.52,6.53,6.54,6.55,6.56,25900,35900,24400,36800,19100,14900,4800,12100,9100,36900,6.46,6.45,6.44,6.43,6.42,6.41,6.4,6.39,6.38,6.37,216700,51600,20600,33200,45900,31600,28800,3700,10200,4100,9,53,8,4,2,9,1,4,4,12,3,2,22,4,12,13,49,54,6,57,3221.5384615384614,0.0,10846.75,14702.814814814816,31228.14814814815,0.0,-1,210.0,-1,-1,203880.0,-1,-1,-1,-1,-1,-1,-1,-1,-1,629,920000,6.488746739130435,5969647.0,213,20355730,0,0,-1,0.0,0,-1,-1,43948.783256332645
20230816093900000,6.47,6.47,6.47,6.47,6.47,6.47,6.47,6.47,6.47,6.47,6.47,6.48,6.49,6.5,6.51,6.52,6.53,6.54,6.55,6.56,26600,35900,24400,36800,19100,14900,4800,12100,9100,36900,6.46,6.45,6.44,6.43,6.42,6.41,6.4,6.39,6.38,6.37,218200,61600,20600,33200,45900,31600,28800,3700,10200,4100,9,54,8,4,2,9,1,4,4,12,3,2,22,4,12,13,50,54,6,57,3221.5384615384614,0.0,10846.75,14702.814814814816,31228.14814814815,0.0,-1,210.0,-1,-1,203880.0,-1,-1,-1,-1,-1,-1,-1,-1,-1,629,920000,6.488746739130435,5969647.0,213,20355730,0,0,-1,0.0,0,-1,-1,44404.195873825076
20230816093903000,6.47,6.47,6.47,6.47,6.47,6.47,6.47,6.47,6.47,6.47,6.47,6.48,6.49,6.5,6.51,6.52,6.53,6.54,6.55,6.56,26200,35700,24400,36800,19100,14900,4800,12100,9100,36900,6.47,6.46,6.45,6.44,6.43,6.42,6.41,6.4,6.39,6.38,8000,218900,62600,21600,33200,45900,31600,28800,3700,10200,9,54,8,4,2,9,1,4,4,12,3,2,23,4,12,14,51,54,6,57,3221.5384615384614,0.0,10846.75,14702.814814814816,31228.14814814815,0.0,-1,210.0,-1,-1,96884.83333333333,203880.0,-1,-1,-1,-1,-1,-1,-1,-1,630,920600,6.488734520964588,5973529.0,213,20355730,1,600,6.488734520964588,3882.0,0,-1,-1,38866.58535128246
20230816093906000,6.47,6.47,6.47,6.47,6.47,6.47,6.47,6.47,6.47,6.47,6.47,6.48,6.49,6.5,6.51,6.52,6.53,6.54,6.55,6.56,26200,35700,24400,36800,25600,14900,4800,12100,9100,36900,6.47,6.46,6.45,6.44,6.43,6.42,6.41,6.4,6.39,6.38,8000,218900,62600,21600,33200,46400,31600,28800,3700,10200,9,54,8,4,2,9,1,4,4,12,3,2,24,4,12,14,51,54,6,57,3221.5384615384614,0.0,10846.75,14702.814814814816,31228.14814814815,0.0,-1,210.0,-1,-1,96884.83333333333,203880.0,-1,-1,-1,-1,-1,-1,-1,-1,630,920600,6.488734520964588,5973529.0,213,20355730,0,0,-1,0.0,0,-1,-1,39367.999243269085
20230816093909000,6.47,6.47,6.47,6.47,6.47,6.47,6.47,6.47,6.47,6.47,6.47,6.48,6.49,6.5,6.51,6.52,6.53,6.54,6.55,6.56,26200,35700,24400,36800,25600,14900,4800,12100,9100,36900,6.47,6.46,6.45,6.44,6.43,6.42,6.41,6.4,6.39,6.38,8000,219900,62600,21600,33200,46400,31600,28800,3700,10200,9,54,8,4,2,9,1,4,4,12,3,2,24,4,12,14,51,54,6,57,3221.5384615384614,0.0,10846.75,14702.814814814816,31228.14814814815,0.0,-1,210.0,-1,-1,96884.83333333333,203880.0,-1,-1,-1,-1,-1,-1,-1,-1,630,920600,6.488734520964588,5973529.0,213,20355730,0,0,-1,0.0,0,-1,-1,39385.2497212044
20230816093912000,6.47,6.47,6.47,6.47,6.47,6.47,6.47,6.47,6.47,6.47,6.47,6.48,6.49,6.5,6.51,6.52,6.53,6.54,6.55,6.56,27800,37100,24400,36800,25600,14900,4800,12100,9100,36900,6.47,6.46,6.45,6.44,6.43,6.42,6.41,6.4,6.39,6.38,3900,221900,62600,21600,33200,46400,31600,28800,3700,10200,9,54,8,4,2,9,1,4,4,12,3,2,24,4,12,14,53,54,6,57,3172.7272727272725,0.0,10846.75,14702.814814814816,31228.14814814815,0.0,-1,210.0,-1,-1,93774.67741935483,203880.0,-1,-1,-1,-1,-1,-1,-1,-1,633,925400,6.488637346012535,6004585.0,215,20356670,3,4800,6.47,31056.0,2,940,470.0,39564.654691731725
