timestamp,preclose,open,high,low,close,preclose_range,open_range,high_range,low_range,close_range,ask_price_0,ask_price_1,ask_price_2,ask_price_3,ask_price_4,ask_price_5,ask_price_6,ask_price_7,ask_price_8,ask_price_9,ask_volume_0,ask_volume_1,ask_volume_2,ask_volume_3,ask_volume_4,ask_volume_5,ask_volume_6,ask_volume_7,ask_volume_8,ask_volume_9,bid_price_0,bid_price_1,bid_price_2,bid_price_3,bid_price_4,bid_price_5,bid_price_6,bid_price_7,bid_price_8,bid_price_9,bid_volume_0,bid_volume_1,bid_volume_2,bid_volume_3,bid_volume_4,bid_volume_5,bid_volume_6,bid_volume_7,bid_volume_8,bid_volume_9,ask_order_num_0,ask_order_num_1,ask_order_num_2,ask_order_num_3,ask_order_num_4,ask_order_num_5,ask_order_num_6,ask_order_num_7,ask_order_num_8,ask_order_num_9,bid_order_num_0,bid_order_num_1,bid_order_num_2,bid_order_num_3,bid_order_num_4,bid_order_num_5,bid_order_num_6,bid_order_num_7,bid_order_num_8,bid_order_num_9,ask_order_stale_0,ask_order_stale_1,ask_order_stale_2,ask_order_stale_3,ask_order_stale_4,ask_order_stale_5,ask_order_stale_6,ask_order_stale_7,ask_order_stale_8,ask_order_stale_9,bid_order_stale_0,bid_order_stale_1,bid_order_stale_2,bid_order_stale_3,bid_order_stale_4,bid_order_stale_5,bid_order_stale_6,bid_order_stale_7,bid_order_stale_8,bid_order_stale_9,order_num,volume,VWAP,amount,passive_num,passive_stale_total,order_num_range,volume_range,VWAP_range,amount_range,passive_num_range,passive_stale_total_range,passive_stale_avg_range,depth
20230612093003000,6.46,6.45,6.45,6.45,6.45,6.46,6.44,6.46,6.44,6.45,6.46,6.47,6.48,6.49,6.5,6.51,6.52,6.53,6.54,6.55,16300,17000,21100,31800,31800,8300,12500,11000,7400,27900,6.45,6.43,6.42,6.41,6.4,6.39,6.38,6.37,6.36,6.35,1600,26500,27600,15700,11200,8300,26300,4400,4000,33400,2,66,2,7,25,3,10,3,1,2,1,2,3,0,5,7,10,3,2,2,924515.0,-1,-1,-1,-1,-1,-1,-1,-1,-1,-1,-1,-1,-1,-1,-1,-1,-1,-1,-1,13,30600,6.453016393442623,197462.0,4,2497430,8,26500,6.451924528301887,170976.0,3,1498570,499523.3333333333,17233.961287239126
20230612093006000,6.45,6.44,6.44,6.44,6.44,6.44,6.44,6.45,6.44,6.44,6.46,6.47,6.48,6.49,6.5,6.51,6.52,6.53,6.54,6.55,17400,17000,21100,36800,36800,8300,14000,11000,7400,27900,6.43,6.42,6.41,6.4,6.39,6.38,6.37,6.36,6.35,6.34,26500,27600,15700,14200,8300,26800,4400,4000,33400,1000,2,69,2,7,25,3,10,3,1,2,1,2,3,0,5,7,10,3,2,2,924515.0,-1,-1,-1,-1,-1,-1,-1,-1,-1,-1,-1,-1,-1,-1,-1,-1,-1,-1,-1,22,34100,6.453016393442623,220017.0,4,2497430,9,3500,6.453016393442623,22555.0,0,-1,-1,16577.17361000478
20230612093009000,6.44,6.43,6.43,6.43,6.43,6.44,6.44,6.44,6.43,6.43,6.44,6.45,6.46,6.47,6.48,6.49,6.5,6.51,6.52,6.53,700,6200,18100,19000,21100,36800,36800,8300,14000,11000,6.43,6.42,6.41,6.4,6.39,6.38,6.37,6.36,6.35,6.34,24400,27600,15700,15000,8300,26800,4400,4000,33400,1000,2,69,2,7,25,3,10,3,1,2,1,2,3,0,5,7,10,3,2,2,0.0,180.0,924515.0,-1,-1,-1,-1,-1,-1,-1,-1,-1,-1,-1,-1,-1,-1,-1,-1,-1,26,39700,6.44904282115869,256027.0,4,2497430,4,5600,6.44904282115869,36010.0,0,-1,-1,14263.21092878764
20230612093012000,6.44,6.43,6.43,6.43,6.43,6.43,6.43,6.43,6.43,6.43,6.44,6.45,6.46,6.47,6.48,6.49,6.5,6.51,6.52,6.53,700,6200,18100,19000,21100,36800,36800,8300,14000,11000,6.43,6.42,6.41,6.4,6.39,6.38,6.37,6.36,6.35,6.34,24400,27600,15700,15000,8300,26800,4400,4000,33400,1000,2,69,2,7,25,3,10,3,1,2,1,2,3,0,5,7,10,3,2,2,0.0,180.0,924515.0,-1,-1,-1,-1,-1,-1,-1,-1,-1,-1,-1,-1,-1,-1,-1,-1,-1,26,39700,6.44904282115869,256027.0,4,2497430,0,0,-1,0.0,0,-1,-1,14263.21092878764
20230612093015000,6.44,6.43,6.43,6.43,6.43,6.43,6.43,6.43,6.43,6.43,6.44,6.45,6.46,6.47,6.48,6.49,6.5,6.51,6.52,6.53,2300,6200,18100,19000,21100,36800,36800,8300,14000,11000,6.43,6.42,6.41,6.4,6.39,6.38,6.37,6.36,6.35,6.34,25600,27600,15700,15000,8300,26800,4400,4000,33400,1000,2,69,2,7,25,3,10,3,1,2,1,2,3,0,5,7,10,3,2,2,0.0,180.0,924515.0,-1,-1,-1,-1,-1,-1,-1,-1,-1,-1,-1,-1,-1,-1,-1,-1,-1,26,39700,6.44904282115869,256027.0,4,2497430,0,0,-1,0.0,0,-1,-1,15954.713637087782
20230612093018000,6.44,6.43,6.43,6.43,6.43,6.43,6.43,6.43,6.43,6.43,6.44,6.45,6.46,6.47,6.48,6.49,6.5,6.51,6.52,6.53,3500,6200,18100,19000,25100,36800,36800,8300,14500,11000,6.43,6.42,6.41,6.4,6.39,6.38,6.37,6.36,6.35,6.34,25600,27600,15700,15000,8300,26800,4400,4000,33400,1000,2,69,2,7,25,3,10,3,1,2,1,2,3,0,5,7,10,3,2,2,0.0,180.0,924515.0,-1,-1,-1,-1,-1,-1,-1,-1,-1,-1,-1,-1,-1,-1,-1,-1,-1,26,39700,6.44904282115869,256027.0,4,2497430,0,0,-1,0.0,0,-1,-1,16304.32332324359
20230612093021000,6.43,6.43,6.43,6.43,6.43,6.43,6.43,6.43,6.43,6.43,6.43,6.44,6.45,6.46,6.47,6.48,6.49,6.5,6.51,6.52,3600,18100,6200,17900,19000,25100,36800,37800,8300,14500,6.43,6.42,6.41,6.4,6.39,6.38,6.37,6.36,6.35,6.34,1200,27600,15700,15000,8300,26800,4400,4000,33400,1000,2,69,2,7,25,3,10,3,1,2,1,2,3,0,5,7,10,3,2,2,0.0,0.0,180.0,924515.0,-1,-1,-1,-1,-1,-1,2805.0,-1,-1,-1,-1,-1,-1,-1,-1,-1,63,68100,6.441101321585903,438639.0,12,2525480,37,28400,6.43,182612.0,8,28050,3506.25,14117.293292974351
20230612093024000,6.43,6.42,6.42,6.42,6.42,6.43,6.43,6.43,6.42,6.42,6.43,6.44,6.45,6.46,6.47,6.48,6.49,6.5,6.51,6.52,16100,17800,6200,17900,19000,25100,36800,37800,8300,14500,6.42,6.41,6.4,6.39,6.38,6.37,6.36,6.35,6.34,6.33,24200,15700,15000,8300,26800,4400,4000,33400,1500,7900,2,69,2,7,25,3,10,3,1,2,1,2,3,0,5,7,10,3,2,2,103.52941176470588,0.0,180.0,924515.0,-1,-1,-1,-1,-1,-1,-1,-1,-1,-1,-1,-1,-1,-1,-1,-1,71,79100,6.438925410872313,509319.0,17,2529000,8,11000,6.425454545454546,70680.0,5,3520,704.0,16973.53433168711
20230612093027000,6.43,6.42,6.42,6.42,6.42,6.42,6.42,6.42,6.42,6.42,6.43,6.44,6.45,6.46,6.47,6.48,6.49,6.5,6.51,6.52,17700,17900,6200,17900,19000,25100,36800,37800,8300,14500,6.42,6.41,6.4,6.39,6.38,6.37,6.36,6.35,6.34,6.33,24200,15700,15000,8300,26800,4400,4000,33400,1500,7900,2,69,2,7,25,3,10,3,1,2,1,2,3,0,5,7,10,3,2,2,103.52941176470588,0.0,180.0,924515.0,-1,-1,-1,-1,-1,-1,-1,-1,-1,-1,-1,-1,-1,-1,-1,-1,71,79100,6.438925410872313,509319.0,17,2529000,0,0,-1,0.0,0,-1,-1,17258.74223355106
20230612093030000,6.42,6.42,6.42,6.42,6.42,6.42,6.42,6.42,6.42,6.42,6.43,6.44,6.45,6.46,6.47,6.48,6.49,6.5,6.51,6.52,18000,17900,6200,17200,19000,25100,36800,37800,8300,14500,6.42,6.41,6.4,6.39,6.38,6.37,6.36,6.35,6.34,6.33,22700,20700,15000,8300,26800,4400,4000,33400,1500,7900,2,70,2,7,25,3,10,3,1,2,1,2,3,0,5,7,10,3,2,2,103.52941176470588,0.0,180.0,924515.0,-1,-1,-1,-1,-1,-1,-1,-1,-1,-1,-1,-1,-1,-1,-1,-1,73,81400,6.438390663390663,524085.0,17,2529000,2,2300,6.438390663390663,14766.0,0,-1,-1,15264.952405607775
20230612093033000,6.43,6.43,6.43,6.43,6.43,6.42,6.42,6.43,6.42,6.43,6.44,6.45,6.46,6.47,6.48,6.49,6.5,6.51,6.52,6.53,25900,6200,17200,19000,25100,36800,37800,8300,14500,21700,6.43,6.42,6.41,6.4,6.39,6.38,6.37,6.36,6.35,6.34,32600,40100,20700,15000,8300,26800,4400,4000,33400,1500,2,70,2,7,25,3,10,3,1,2,1,2,3,0,5,7,10,3,2,2,0.0,180.0,924515.0,-1,-1,-1,-1,-1,-1,-1,1650.0,-1,-1,-1,-1,-1,-1,-1,-1,-1,92,124600,6.435425361155699,801854.0,29,2608300,19,43200,6.429837962962963,277769.0,12,79300,6608.333333333333,20464.51131113589
20230612093036000,6.43,6.43,6.43,6.43,6.43,6.43,6.43,6.43,6.43,6.43,6.44,6.45,6.46,6.47,6.48,6.49,6.5,6.51,6.52,6.53,30500,6200,17200,19000,25100,36800,37800,8300,14500,21700,6.43,6.42,6.41,6.4,6.39,6.38,6.37,6.36,6.35,6.34,34500,40100,20700,15000,9800,26800,4400,4000,33400,1500,2,70,2,7,25,3,10,3,1,2,1,2,3,0,5,7,10,3,2,2,0.0,180.0,924515.0,-1,-1,-1,-1,-1,-1,-1,1650.0,-1,-1,-1,-1,-1,-1,-1,-1,-1,93,125600,6.435382165605096,808284.0,29,2608300,1,1000,6.435382165605096,6430.0,0,-1,-1,22060.098375019912
20230612093039000,6.43,6.43,6.43,6.43,6.43,6.43,6.43,6.43,6.43,6.43,6.44,6.45,6.46,6.47,6.48,6.49,6.5,6.51,6.52,6.53,31000,6200,17200,19000,25100,36800,37800,8300,14500,21700,6.43,6.42,6.41,6.4,6.39,6.38,6.37,6.36,6.35,6.34,36100,47900,20700,15000,9800,26800,4400,4000,33400,1500,2,70,2,7,25,3,10,3,1,2,1,2,3,0,5,7,10,3,2,2,0.0,180.0,924515.0,-1,-1,-1,-1,-1,-1,-1,1650.0,-1,-1,-1,-1,-1,-1,-1,-1,-1,93,125600,6.435382165605096,808284.0,29,2608300,0,0,-1,0.0,0,-1,-1,22543.111757208855
20230612093042000,6.44,6.44,6.44,6.44,6.44,6.44,6.44,6.44,6.44,6.44,6.44,6.45,6.46,6.47,6.48,6.49,6.5,6.51,6.52,6.53,15800,17700,17200,14400,25100,36800,37800,8300,14500,21700,6.44,6.43,6.42,6.41,6.4,6.39,6.38,6.37,6.36,6.35,5300,72400,47900,20700,15000,9800,26800,4400,4000,33400,2,70,2,7,25,3,10,3,1,2,1,2,3,0,5,7,10,3,2,2,17399.6,180.0,924515.0,-1,-1,-1,-1,-1,-1,-1,0.0,1650.0,-1,-1,-1,-1,-1,-1,-1,-1,118,141000,6.435868945868946,907460.0,51,3043290,25,15400,6.44,99176.0,22,434990,19772.272727272728,21327.02724231321
20230612093045000,6.44,6.44,6.44,6.44,6.44,6.43,6.44,6.44,6.43,6.44,6.44,6.45,6.46,6.47,6.48,6.49,6.5,6.51,6.52,6.53,11900,17700,17200,14400,25100,36800,37800,8300,14500,21700,6.44,6.43,6.42,6.41,6.4,6.39,6.38,6.37,6.36,6.35,2200,53600,47900,20900,16000,9800,26800,4400,4000,33400,2,70,2,7,25,3,10,3,1,2,1,2,3,0,5,7,10,3,2,2,16730.384615384617,180.0,924515.0,-1,-1,-1,-1,-1,-1,-1,703.3333333333334,2279.0,-1,-1,-1,-1,-1,-1,-1,-1,126,166800,6.43523381294964,1073397.0,56,3065040,8,25800,6.431666666666667,165937.0,5,21750,4350.0,18323.51043492114
20230612093048000,6.44,6.45,6.45,6.45,6.45,6.43,6.43,6.45,6.43,6.45,6.44,6.45,6.46,6.47,6.48,6.49,6.5,6.51,6.52,6.53,8900,14900,17200,14400,25100,36800,37800,8300,14500,21700,6.44,6.43,6.42,6.41,6.4,6.39,6.38,6.37,6.36,6.35,2600,51500,47900,20900,16000,9800,27300,4400,4000,33400,2,70,2,7,25,3,10,3,1,2,1,2,3,0,5,7,10,3,2,2,16110.74074074074,180.0,924515.0,-1,-1,-1,-1,-1,-1,-1,703.3333333333334,2279.0,-1,-1,-1,-1,-1,-1,-1,-1,132,173800,6.435140515222482,1118472.0,56,3065040,6,7000,6.435140515222482,45075.0,0,-1,-1,17676.917715469175
20230612093051000,6.44,6.44,6.44,6.44,6.44,6.44,6.44,6.44,6.44,6.44,6.44,6.45,6.46,6.47,6.48,6.49,6.5,6.51,6.52,6.53,6400,14900,17700,14400,25100,36800,37800,8300,14500,21700,6.43,6.42,6.41,6.4,6.39,6.38,6.37,6.36,6.35,6.34,53000,47800,20900,16000,9800,27300,4400,4000,33400,1500,2,70,2,7,25,3,10,3,1,2,1,2,3,0,5,7,10,3,2,2,15535.357142857143,180.0,924515.0,-1,-1,-1,-1,-1,-1,-1,2279.0,-1,-1,-1,-1,-1,-1,-1,-1,-1,135,180800,6.435140515222482,1163552.0,56,3065040,3,7000,6.435140515222482,45080.0,0,-1,-1,19893.24617651744
20230612093054000,6.44,6.44,6.44,6.44,6.44,6.44,6.44,6.44,6.44,6.44,6.44,6.45,6.46,6.47,6.48,6.49,6.5,6.51,6.52,6.53,6400,34600,17700,14400,25100,36800,37800,8300,14500,21700,6.43,6.42,6.41,6.4,6.39,6.38,6.37,6.36,6.35,6.34,53000,47800,30900,16000,9800,27300,4400,4000,33400,1500,2,70,2,7,25,3,10,3,1,2,1,2,3,0,5,7,10,3,2,2,14031.935483870968,180.0,924515.0,-1,-1,-1,-1,-1,-1,-1,2279.0,-1,-1,-1,-1,-1,-1,-1,-1,-1,138,187400,6.435140515222482,1206056.0,56,3065040,3,6600,6.435140515222482,42504.0,0,-1,-1,24668.140632467737
20230612093057000,6.44,6.45,6.45,6.45,6.45,6.44,6.44,6.45,6.44,6.45,6.44,6.45,6.46,6.47,6.48,6.49,6.5,6.51,6.52,6.53,6000,34200,13700,14400,25100,36800,37800,8300,14500,21700,6.43,6.42,6.41,6.4,6.39,6.38,6.37,6.36,6.35,6.34,52900,47800,30900,16000,9800,27300,4400,4000,33400,1500,2,70,2,7,25,3,10,3,1,2,1,2,3,0,5,7,10,3,2,2,13593.4375,180.0,924515.0,-1,-1,-1,-1,-1,-1,-1,2279.0,-1,-1,-1,-1,-1,-1,-1,-1,-1,140,188300,6.435140515222482,1211856.0,56,3065040,2,900,6.435140515222482,5800.0,0,-1,-1,21426.871913334395
20230612093100000,6.44,6.45,6.45,6.45,6.45,6.45,6.45,6.45,6.45,6.45,6.44,6.45,6.46,6.47,6.48,6.49,6.5,6.51,6.52,6.53,6000,34300,13700,14400,25100,36800,37800,8300,14500,21700,6.44,6.43,6.42,6.41,6.4,6.39,6.38,6.37,6.36,6.35,1000,52900,47100,30900,16000,9800,27300,4400,4000,33700,2,70,2,7,25,3,10,3,1,2,1,2,3,0,5,7,10,3,2,2,13593.4375,180.0,924515.0,-1,-1,-1,-1,-1,-1,-1,703.3333333333334,2279.0,-1,-1,-1,-1,-1,-1,-1,-1,140,188300,6.435140515222482,1211856.0,56,3065040,0,0,-1,0.0,0,-1,-1,21438.372231957943
20230612093103000,6.44,6.44,6.44,6.44,6.44,6.44,6.44,6.44,6.44,6.44,6.44,6.45,6.46,6.47,6.48,6.49,6.5,6.51,6.52,6.53,5900,34400,15700,14400,25100,36800,37800,8300,14500,21700,6.44,6.43,6.42,6.41,6.4,6.39,6.38,6.37,6.36,6.35,11200,52900,47100,30900,16000,11300,27300,4400,4000,33700,2,71,2,7,25,3,10,3,1,2,1,2,3,0,5,7,10,3,2,2,13181.515151515152,180.0,924515.0,-1,-1,-1,-1,-1,-1,-1,703.3333333333334,2279.0,-1,-1,-1,-1,-1,-1,-1,-1,142,188800,6.435140515222482,1215076.0,56,3065040,2,500,6.435140515222482,3220.0,0,-1,-1,22615.314839891664
20230612093106000,6.44,6.44,6.44,6.44,6.44,6.44,6.44,6.44,6.44,6.44,6.44,6.45,6.46,6.47,6.48,6.49,6.5,6.51,6.52,6.53,5900,34400,15700,14400,25100,36800,37800,8300,14500,21700,6.44,6.43,6.42,6.41,6.4,6.39,6.38,6.37,6.36,6.35,63900,52900,29100,60900,16000,11300,27300,4400,4000,33700,2,71,2,7,25,3,10,3,1,2,1,2,3,0,5,7,10,3,2,2,12793.823529411764,180.0,924515.0,-1,-1,-1,-1,-1,-1,-1,703.3333333333334,2279.0,-1,-1,-1,-1,-1,-1,-1,-1,143,190400,6.435140515222482,1225380.0,56,3065040,1,1600,6.435140515222482,10304.0,0,-1,-1,27758.257328341562
20230612093109000,6.44,6.44,6.44,6.44,6.44,6.44,6.44,6.44,6.44,6.44,6.44,6.45,6.46,6.47,6.48,6.49,6.5,6.51,6.52,6.53,5900,34400,15700,14400,25100,36800,37800,8300,14500,21700,6.44,6.43,6.42,6.41,6.4,6.39,6.38,6.37,6.36,6.35,66300,52900,21300,62400,16000,11300,27300,4400,4000,33700,2,72,2,7,25,3,10,3,1,2,1,2,3,0,5,7,10,3,2,2,12793.823529411764,180.0,924515.0,-1,-1,-1,-1,-1,-1,-1,703.3333333333334,2279.0,-1,-1,-1,-1,-1,-1,-1,-1,143,190400,6.435140515222482,1225380.0,56,3065040,0,0,-1,0.0,0,-1,-1,28048.06535765493
20230612093112000,6.44,6.44,6.44,6.44,6.44,6.44,6.44,6.44,6.44,6.44,6.44,6.45,6.46,6.47,6.48,6.49,6.5,6.51,6.52,6.53,5300,34400,15700,14400,25100,36800,37800,8300,14500,21700,6.44,6.43,6.42,6.41,6.4,6.39,6.38,6.37,6.36,6.35,65500,52900,21300,62400,16000,11300,27300,4400,4000,33700,2,72,2,7,25,3,10,3,1,2,1,2,3,0,5,7,10,3,2,2,12428.285714285714,180.0,924515.0,-1,-1,-1,-1,-1,-1,-1,703.3333333333334,2279.0,-1,-1,-1,-1,-1,-1,-1,-1,146,191200,6.435140515222482,1230532.0,56,3065040,3,800,6.435140515222482,5152.0,0,-1,-1,25011.55906483989
20230612093115000,6.45,6.45,6.45,6.45,6.45,6.45,6.45,6.45,6.45,6.45,6.45,6.46,6.47,6.48,6.49,6.5,6.51,6.52,6.53,6.54,9400,35100,14400,25100,36800,37800,8300,14500,21700,7400,6.45,6.44,6.43,6.42,6.41,6.4,6.39,6.38,6.37,6.36,23100,66000,52900,21300,62400,16000,11300,27300,4400,4000,2,72,2,7,25,3,10,3,1,2,1,2,3,0,5,7,10,3,2,2,25160.0,924515.0,-1,-1,-1,-1,-1,-1,-1,-1,0.0,703.3333333333334,2279.0,-1,-1,-1,-1,-1,-1,-1,156,221500,6.437774266365689,1425967.0,59,3190480,10,30300,6.45,195435.0,3,125440,41813.333333333336,25772.07961605863
20230612093118000,6.46,6.46,6.46,6.46,6.46,6.45,6.45,6.46,6.45,6.46,6.46,6.47,6.48,6.49,6.5,6.51,6.52,6.53,6.54,6.55,55800,15000,25100,36800,37800,8300,14500,21700,7400,28700,6.45,6.44,6.43,6.42,6.41,6.4,6.39,6.38,6.37,6.36,6400,66000,32700,21300,68000,16000,11300,27300,4400,4000,2,72,2,7,25,3,10,3,1,2,1,2,3,0,5,7,10,3,2,2,655034.4444444445,-1,-1,-1,-1,-1,-1,-1,-1,-1,994.375,703.3333333333334,2279.0,-1,-1,-1,-1,-1,-1,-1,170,248100,6.439270455461507,1597583.0,69,3554610,14,26600,6.451729323308271,171616.0,10,364130,36413.0,29266.64708459455
20230612093121000,6.46,6.45,6.45,6.45,6.45,6.45,6.45,6.45,6.45,6.45,6.46,6.47,6.48,6.49,6.5,6.51,6.52,6.53,6.54,6.55,56400,15400,25100,36800,37800,8300,14500,21700,7400,28700,6.44,6.43,6.42,6.41,6.4,6.39,6.38,6.37,6.36,6.35,66000,31800,21300,68000,16000,11300,27300,14400,4000,33700,2,72,2,7,25,3,10,3,1,2,1,2,3,0,5,7,10,3,2,2,655034.4444444445,-1,-1,-1,-1,-1,-1,-1,-1,-1,703.3333333333334,2279.0,-1,-1,-1,-1,-1,-1,-1,-1,174,258100,6.439552590266876,1662083.0,72,3570470,4,10000,6.45,64500.0,3,15860,5286.666666666667,28492.689581010036
20230612093124000,6.46,6.45,6.45,6.45,6.45,6.45,6.45,6.45,6.45,6.45,6.46,6.47,6.48,6.49,6.5,6.51,6.52,6.53,6.54,6.55,56400,15400,25100,36800,37800,8300,14500,21700,7400,28700,6.45,6.44,6.43,6.42,6.41,6.4,6.39,6.38,6.37,6.36,13200,66000,31800,21300,68000,16000,11300,27300,14400,4000,2,72,2,7,25,3,10,3,1,2,1,2,3,0,5,7,10,3,2,2,655034.4444444445,-1,-1,-1,-1,-1,-1,-1,-1,-1,1672.1052631578948,703.3333333333334,2279.0,-1,-1,-1,-1,-1,-1,-1,174,258100,6.439552590266876,1662083.0,72,3570470,0,0,-1,0.0,0,-1,-1,30410.250716902978
20230612093127000,6.45,6.45,6.45,6.45,6.45,6.45,6.45,6.45,6.45,6.45,6.46,6.47,6.48,6.49,6.5,6.51,6.52,6.53,6.54,6.55,59800,15400,25100,36800,37800,8300,14500,21700,7400,28700,6.45,6.44,6.43,6.42,6.41,6.4,6.39,6.38,6.37,6.36,13100,66000,33300,21300,68000,16000,11300,27300,14400,4000,2,73,2,7,25,3,10,3,1,2,1,2,3,0,5,7,10,3,2,2,655034.4444444445,-1,-1,-1,-1,-1,-1,-1,-1,-1,1672.1052631578948,703.3333333333334,2279.0,-1,-1,-1,-1,-1,-1,-1,175,258200,6.439552590266876,1662728.0,72,3570470,1,100,6.439552590266876,645.0,0,-1,-1,30483.85275609368
20230612093130000,6.45,6.45,6.45,6.45,6.45,6.45,6.45,6.45,6.45,6.45,6.46,6.47,6.48,6.49,6.5,6.51,6.52,6.53,6.54,6.55,61300,22400,25100,37800,37800,8300,14500,21700,7400,28700,6.45,6.44,6.43,6.42,6.41,6.4,6.39,6.38,6.37,6.36,13200,66000,33300,21300,68000,16000,11300,27300,14400,4000,2,73,2,7,25,3,10,3,1,2,1,2,3,0,5,7,10,3,2,2,655034.4444444445,-1,-1,-1,-1,-1,-1,-1,-1,-1,1672.1052631578948,703.3333333333334,2279.0,-1,-1,-1,-1,-1,-1,-1,176,259000,6.439552590266876,1667888.0,72,3570470,1,800,6.439552590266876,5160.0,0,-1,-1,31813.289588975622
20230612093133000,6.45,6.46,6.46,6.46,6.46,6.46,6.46,6.46,6.46,6.46,6.46,6.47,6.48,6.49,6.5,6.51,6.52,6.53,6.54,6.55,60400,22400,25200,37800,37800,8300,14500,21700,7400,28700,6.45,6.44,6.43,6.42,6.41,6.4,6.39,6.38,6.37,6.36,13200,53500,33300,26000,68000,16000,11300,27300,14400,4000,2,73,2,7,25,3,10,3,1,2,1,2,3,0,5,7,10,3,2,2,655034.4444444445,-1,-1,-1,-1,-1,-1,-1,-1,-1,1672.1052631578948,703.3333333333334,2279.0,-1,-1,-1,-1,-1,-1,-1,177,259900,6.439792227779916,1673702.0,72,3570470,1,900,6.439792227779916,5814.0,0,-1,-1,29170.962442249478
20230612093136000,6.46,6.46,6.46,6.46,6.46,6.46,6.46,6.46,6.46,6.46,6.46,6.47,6.48,6.49,6.5,6.51,6.52,6.53,6.54,6.55,38900,22400,25200,37800,37800,8300,14500,21700,7400,28700,6.45,6.44,6.43,6.42,6.41,6.4,6.39,6.38,6.37,6.36,13200,53500,33300,26000,68000,19000,11300,27300,14400,4000,2,73,2,7,25,3,10,3,1,2,1,2,3,0,5,7,10,3,2,2,602882.0,-1,-1,-1,-1,-1,-1,-1,-1,-1,1672.1052631578948,703.3333333333334,2279.0,-1,-1,-1,-1,-1,-1,-1,179,281400,6.4401211203633615,1812592.0,73,3703980,2,21500,6.46,138890.0,1,133510,133510.0,27744.922932929738
20230612093139000,6.46,6.45,6.45,6.45,6.45,6.46,6.46,6.46,6.45,6.45,6.46,6.47,6.48,6.49,6.5,6.51,6.52,6.53,6.54,6.55,38400,22400,25200,37800,37800,8300,14500,21700,9700,28700,6.45,6.44,6.43,6.42,6.41,6.4,6.39,6.38,6.37,6.36,12700,53500,33300,26000,68000,19000,11300,27300,14400,4000,2,73,2,7,25,3,10,3,1,2,1,2,3,0,5,7,10,3,2,2,602882.0,-1,-1,-1,-1,-1,-1,-1,-1,-1,1672.1052631578948,703.3333333333334,2279.0,-1,-1,-1,-1,-1,-1,-1,181,282400,6.4413692798864846,1819047.0,73,3703980,2,1000,6.4413692798864846,6455.0,0,-1,-1,24171.653457065477
20230612093142000,6.45,6.45,6.45,6.45,6.45,6.45,6.45,6.45,6.45,6.45,6.46,6.47,6.48,6.49,6.5,6.51,6.52,6.53,6.54,6.55,38400,22400,25200,37800,37800,8300,14500,21700,9700,28700,6.45,6.44,6.43,6.42,6.41,6.4,6.39,6.38,6.37,6.36,12200,53500,33300,26000,68000,19000,11300,27300,14400,4000,2,74,2,7,25,3,10,3,1,2,1,2,3,0,5,7,10,3,3,2,602882.0,-1,-1,-1,-1,-1,-1,-1,-1,-1,1672.1052631578948,703.3333333333334,2279.0,-1,-1,-1,-1,-1,-1,-1,182,282900,6.4413692798864846,1822272.0,73,3703980,1,500,6.4413692798864846,3225.0,0,-1,-1,24125.65218257129
20230612093145000,6.45,6.46,6.46,6.46,6.46,6.46,6.46,6.46,6.46,6.46,6.46,6.47,6.48,6.49,6.5,6.51,6.52,6.53,6.54,6.55,37600,22400,25200,37800,37800,8300,14500,21700,9700,28700,6.45,6.44,6.43,6.42,6.41,6.4,6.39,6.38,6.37,6.36,12200,53500,33300,26400,68000,19000,11300,27300,14400,4000,2,74,2,7,25,3,10,3,1,2,1,2,3,0,5,7,10,3,3,2,556460.0,-1,-1,-1,-1,-1,-1,-1,-1,-1,1672.1052631578948,703.3333333333334,2279.0,-1,-1,-1,-1,-1,-1,-1,184,283800,6.441458773784356,1828086.0,74,3796220,2,900,6.46,5814.0,1,92240,92240.0,28051.76537358611
20230612093148000,6.45,6.46,6.46,6.46,6.46,6.46,6.46,6.46,6.46,6.46,6.46,6.47,6.48,6.49,6.5,6.51,6.52,6.53,6.54,6.55,66600,22400,25200,37800,38000,8300,14500,21700,9700,28700,6.45,6.44,6.43,6.42,6.41,6.4,6.39,6.38,6.37,6.36,12200,53500,33300,26400,68000,19000,11300,27300,14400,4000,2,74,2,7,25,3,10,3,1,2,1,2,3,0,5,7,10,3,3,2,556460.0,-1,-1,-1,-1,-1,-1,-1,-1,-1,1672.1052631578948,703.3333333333334,2279.0,-1,-1,-1,-1,-1,-1,-1,184,283800,6.441458773784356,1828086.0,74,3796220,0,0,-1,0.0,0,-1,-1,32063.076509479048
20230612093151000,6.46,6.46,6.46,6.46,6.46,6.46,6.46,6.46,6.46,6.46,6.46,6.47,6.48,6.49,6.5,6.51,6.52,6.53,6.54,6.55,66700,22900,25200,37800,38000,8300,14500,21700,9700,28700,6.45,6.44,6.43,6.42,6.41,6.4,6.39,6.38,6.37,6.36,22500,53500,33300,26400,68000,19000,11300,27300,14400,4000,2,74,2,7,25,3,10,3,1,2,1,2,3,0,5,7,10,3,3,2,556460.0,-1,-1,-1,-1,-1,-1,-1,-1,-1,1672.1052631578948,703.3333333333334,2279.0,-1,-1,-1,-1,-1,-1,-1,185,284700,6.441458773784356,1833900.0,74,3796220,1,900,6.441458773784356,5814.0,0,-1,-1,32932.50059741915
20230612093154000,6.46,6.45,6.45,6.45,6.45,6.45,6.45,6.45,6.45,6.45,6.46,6.47,6.48,6.49,6.5,6.51,6.52,6.53,6.54,6.55,66700,22900,25200,37800,38000,8300,14500,21700,9700,28700,6.45,6.44,6.43,6.42,6.41,6.4,6.39,6.38,6.37,6.36,21200,53500,33300,26400,68000,19000,11300,27300,14400,4000,2,75,2,7,25,3,10,3,1,2,1,2,3,0,5,7,10,3,3,2,556460.0,-1,-1,-1,-1,-1,-1,-1,-1,-1,1672.1052631578948,703.3333333333334,2279.0,-1,-1,-1,-1,-1,-1,-1,186,286000,6.441458773784356,1842285.0,74,3796220,1,1300,6.441458773784356,8385.0,0,-1,-1,27802.139756252986
20230612093157000,6.45,6.45,6.45,6.45,6.45,6.46,6.46,6.46,6.45,6.45,6.46,6.47,6.48,6.49,6.5,6.51,6.52,6.53,6.54,6.55,57500,32900,25200,37800,38000,8300,14500,21700,9700,28700,6.45,6.44,6.43,6.42,6.41,6.4,6.39,6.38,6.37,6.36,21900,53500,33300,26400,68000,19000,11300,27300,14400,4000,2,75,2,7,25,3,10,3,1,2,1,2,3,0,5,7,10,3,3,2,556460.0,-1,-1,-1,-1,-1,-1,-1,-1,-1,2978.5,703.3333333333334,2279.0,-1,-1,-1,-1,-1,-1,-1,192,306500,6.442430396331477,1974614.0,75,3824020,6,20500,6.4550731707317075,132329.0,1,27800,27800.0,27526.132109287875
20230612093200000,6.45,6.46,6.46,6.46,6.46,6.46,6.46,6.46,6.46,6.46,6.46,6.47,6.48,6.49,6.5,6.51,6.52,6.53,6.54,6.55,57500,32900,25200,37800,38000,8300,13500,21700,9700,28700,6.45,6.44,6.43,6.42,6.41,6.4,6.39,6.38,6.37,6.36,23300,56300,33300,26400,68000,19000,11300,27300,14400,4000,2,76,2,7,25,3,10,4,1,2,1,2,3,0,5,7,10,3,3,2,556460.0,-1,-1,-1,-1,-1,-1,-1,-1,-1,2978.5,703.3333333333334,2279.0,-1,-1,-1,-1,-1,-1,-1,193,306700,6.442471470492338,1975906.0,75,3824020,1,200,6.442471470492338,1292.0,0,-1,-1,32925.60040624502
20230612093203000,6.46,6.46,6.46,6.46,6.46,6.46,6.46,6.46,6.46,6.46,6.46,6.47,6.48,6.49,6.5,6.51,6.52,6.53,6.54,6.55,46900,32900,25200,37800,38000,8300,13500,21700,9700,31700,6.45,6.44,6.43,6.42,6.41,6.4,6.39,6.38,6.37,6.36,26300,56300,33300,26400,68000,19000,11300,27300,14400,4000,2,76,2,7,25,3,10,4,1,2,1,2,3,0,5,7,10,3,3,2,517312.5,-1,-1,-1,-1,-1,-1,-1,-1,-1,2978.5,703.3333333333334,2279.0,-1,-1,-1,-1,-1,-1,-1,195,317300,6.443057043807123,2044382.0,76,3910710,2,10600,6.46,68476.0,1,86690,86690.0,31646.715190377563
20230612093206000,6.46,6.45,6.45,6.45,6.45,6.45,6.45,6.46,6.45,6.45,6.46,6.47,6.48,6.49,6.5,6.51,6.52,6.53,6.54,6.55,36300,36500,25200,37800,38000,8300,13500,21700,9700,31700,6.45,6.44,6.43,6.42,6.41,6.4,6.39,6.38,6.37,6.36,23900,56300,33300,26400,68000,19000,11300,27300,14400,4000,2,76,2,7,25,3,10,4,1,2,1,2,3,0,5,7,10,3,3,2,517312.5,-1,-1,-1,-1,-1,-1,-1,-1,-1,2978.5,703.3333333333334,2279.0,-1,-1,-1,-1,-1,-1,-1,198,331200,6.44363387978142,2134143.0,76,3910710,3,13900,6.44363387978142,89761.0,0,-1,-1,30489.205631671182
20230612093209000,6.45,6.46,6.46,6.46,6.46,6.45,6.45,6.46,6.45,6.46,6.46,6.47,6.48,6.49,6.5,6.51,6.52,6.53,6.54,6.55,21200,36500,25200,37800,38000,8300,13500,21700,9700,31700,6.46,6.45,6.44,6.43,6.42,6.41,6.4,6.39,6.38,6.37,6100,21400,56300,33300,26400,68000,19000,11300,27300,14400,2,76,2,7,25,3,10,4,1,2,1,2,3,0,5,7,10,3,3,2,424654.6666666667,-1,-1,-1,-1,-1,-1,-1,-1,-1,0.0,2978.5,703.3333333333334,2279.0,-1,-1,-1,-1,-1,-1,204,348800,6.4444029850746265,2247814.0,79,4072780,6,17600,6.458579545454546,113671.0,3,162070,54023.333333333336,26354.268559821565
20230612093212000,6.46,6.46,6.46,6.46,6.46,6.47,6.47,6.47,6.46,6.46,6.46,6.47,6.48,6.49,6.5,6.51,6.52,6.53,6.54,6.55,19800,39100,25200,37800,39000,8300,13500,21700,9700,31700,6.46,6.45,6.44,6.43,6.42,6.41,6.4,6.39,6.38,6.37,8100,21400,56300,33300,26400,68000,19000,11300,27300,14400,2,77,2,7,25,3,10,4,1,2,1,2,3,0,5,7,10,3,3,2,398113.75,-1,-1,-1,-1,-1,-1,-1,-1,-1,0.0,2978.5,703.3333333333334,2279.0,-1,-1,-1,-1,-1,-1,207,350300,6.444513274336283,2257513.0,79,4072780,3,1500,6.444513274336283,9699.0,0,-1,-1,26630.276206786675
20230612093215000,6.46,6.46,6.46,6.46,6.46,6.46,6.46,6.46,6.46,6.46,6.46,6.47,6.48,6.49,6.5,6.51,6.52,6.53,6.54,6.55,19800,39100,25200,37800,39600,8300,13500,21700,9700,31700,6.46,6.45,6.44,6.43,6.42,6.41,6.4,6.39,6.38,6.37,8700,21400,56300,33500,78100,68000,19000,11300,27300,14400,2,77,2,7,25,3,10,4,1,2,1,2,3,0,5,7,10,3,3,2,398113.75,-1,-1,-1,-1,-1,-1,-1,-1,-1,0.0,2978.5,703.3333333333334,2279.0,-1,-1,-1,-1,-1,-1,207,350300,6.444513274336283,2257513.0,79,4072780,0,0,-1,0.0,0,-1,-1,28733.19161223514
20230612093218000,6.46,6.46,6.46,6.46,6.46,6.46,6.46,6.46,6.46,6.46,6.46,6.47,6.48,6.49,6.5,6.51,6.52,6.53,6.54,6.55,19800,39100,25200,37800,39600,8300,13500,21700,9700,31700,6.46,6.45,6.44,6.43,6.42,6.41,6.4,6.39,6.38,6.37,17400,21400,56300,33500,78100,68000,19000,11300,27300,14400,2,77,2,7,25,3,10,4,1,2,1,2,3,0,5,7,10,3,3,2,374695.29411764705,-1,-1,-1,-1,-1,-1,-1,-1,-1,0.0,2978.5,703.3333333333334,2279.0,-1,-1,-1,-1,-1,-1,208,351900,6.444583688547883,2267849.0,79,4072780,1,1600,6.444583688547883,10336.0,0,-1,-1,29506.013023737447
20230612093221000,6.46,6.47,6.47,6.47,6.47,6.47,6.47,6.47,6.47,6.47,6.46,6.47,6.48,6.49,6.5,6.51,6.52,6.53,6.54,6.55,19000,41300,25200,37800,39600,8300,13500,21700,9700,31700,6.46,6.45,6.44,6.43,6.42,6.41,6.4,6.39,6.38,6.37,17400,21400,56300,33500,78100,68000,20000,11300,27300,14400,2,77,2,7,25,3,10,4,1,2,1,2,3,0,5,7,10,3,3,2,374695.29411764705,1718140.0,-1,-1,-1,-1,-1,-1,-1,-1,0.0,2978.5,703.3333333333334,2279.0,-1,-1,-1,-1,-1,-1,210,352700,6.4446125461254615,2273025.0,80,5790920,2,800,6.47,5176.0,1,1718140,1718140.0,27255.43850565557
20230612093224000,6.47,6.47,6.47,6.47,6.47,6.46,6.46,6.47,6.46,6.47,6.48,6.49,6.5,6.51,6.52,6.53,6.54,6.55,6.56,6.57,25400,37800,39600,8300,13500,21700,9700,31700,4800,28200,6.46,6.45,6.44,6.43,6.42,6.41,6.4,6.39,6.38,6.37,8000,20000,56300,33500,78100,68000,20000,14500,27300,14400,2,77,2,7,25,3,10,4,1,2,1,2,3,0,5,7,10,3,3,2,-1,-1,-1,-1,-1,-1,-1,-1,-1,-1,930.0,2978.5,703.3333333333334,2279.0,-1,-1,-1,-1,-1,-1,225,425800,6.4486647794291105,2745882.0,90,7436160,15,73100,6.468632010943913,472857.0,10,1645240,164524.0,25770.45961446551
20230612093227000,6.48,6.47,6.47,6.47,6.47,6.48,6.48,6.48,6.47,6.47,6.48,6.49,6.5,6.51,6.52,6.53,6.54,6.55,6.56,6.57,24500,37800,39600,8300,13500,21700,9700,31700,4800,28200,6.46,6.45,6.44,6.43,6.42,6.41,6.4,6.39,6.38,6.37,8000,19100,56300,33500,78100,68000,20000,14500,27300,14400,2,77,2,7,25,3,10,4,1,2,1,2,3,0,5,7,10,3,3,2,-1,-1,-1,-1,-1,-1,-1,-1,-1,-1,930.0,2978.5,703.3333333333334,2279.0,-1,-1,-1,-1,-1,-1,227,430200,6.4486647794291105,2774359.0,90,7436160,2,4400,6.4486647794291105,28477.0,0,-1,-1,24645.10813286602
20230612093230000,6.47,6.48,6.48,6.48,6.48,6.48,6.48,6.48,6.48,6.48,6.48,6.49,6.5,6.51,6.52,6.53,6.54,6.55,6.56,6.57,22900,32800,39600,8300,13500,21700,9700,31700,4800,28200,6.47,6.46,6.45,6.44,6.43,6.42,6.41,6.4,6.39,6.38,13700,8000,8300,56300,33500,78100,68000,20000,14500,27300,2,77,2,7,25,3,10,4,1,2,1,2,3,0,5,7,10,3,3,2,-1,-1,-1,-1,-1,-1,-1,-1,-1,-1,0.0,930.0,2978.5,703.3333333333334,2279.0,-1,-1,-1,-1,-1,228,431800,6.4486647794291105,2784727.0,90,7436160,1,1600,6.4486647794291105,10368.0,0,-1,-1,25230.404651903773
20230612093233000,6.48,6.47,6.47,6.47,6.47,6.48,6.48,6.48,6.47,6.47,6.48,6.49,6.5,6.51,6.52,6.53,6.54,6.55,6.56,6.57,20400,32800,39600,8300,13500,21700,9700,31700,4800,28200,6.47,6.46,6.45,6.44,6.43,6.42,6.41,6.4,6.39,6.38,8400,8000,8300,56300,33500,78100,68500,20000,14500,27300,2,77,2,7,25,3,10,4,1,2,1,2,3,0,5,7,10,3,3,2,-1,-1,-1,-1,-1,-1,-1,-1,-1,-1,0.0,930.0,2978.5,703.3333333333334,2279.0,-1,-1,-1,-1,-1,234,439600,6.4486647794291105,2835218.0,90,7436160,6,7800,6.4486647794291105,50491.0,0,-1,-1,21498.526366098456
20230612093236000,6.47,6.47,6.47,6.47,6.47,6.47,6.47,6.47,6.47,6.47,6.48,6.49,6.5,6.51,6.52,6.53,6.54,6.55,6.56,6.57,20400,32800,39600,8300,17500,21700,9700,31700,4800,28200,6.48,6.46,6.45,6.44,6.43,6.42,6.41,6.4,6.39,6.38,4900,8000,8300,57000,33500,78100,68500,20000,14500,27300,2,77,2,7,25,3,10,4,1,2,1,2,3,0,5,7,10,3,3,2,-1,-1,-1,-1,-1,-1,-1,-1,-1,-1,0.0,930.0,2978.5,703.3333333333334,2279.0,-1,-1,-1,-1,-1,239,469200,6.4507450224791265,3026730.0,92,7447060,5,29600,6.47,191512.0,2,10900,5450.0,24574.119802453402
20230612093239000,6.47,6.48,6.48,6.48,6.48,6.48,6.48,6.48,6.48,6.48,6.48,6.49,6.5,6.51,6.52,6.53,6.54,6.55,6.56,6.57,19700,32800,39600,8300,17500,21700,9700,31700,4800,28200,6.48,6.47,6.46,6.45,6.44,6.43,6.42,6.41,6.4,6.39,4200,3900,8000,8300,57000,33500,78100,68500,20000,14500,2,77,2,7,25,3,10,4,1,2,1,2,3,0,5,7,10,3,3,2,-1,-1,-1,-1,-1,-1,-1,-1,-1,-1,0.0,1362.5,930.0,2978.5,703.3333333333334,2279.0,-1,-1,-1,-1,240,469900,6.4507450224791265,3031266.0,92,7447060,1,700,6.4507450224791265,4536.0,0,-1,-1,24413.11534172375
20230612093242000,6.48,6.49,6.49,6.49,6.49,6.49,6.49,6.49,6.49,6.49,6.48,6.49,6.5,6.51,6.52,6.53,6.54,6.55,6.56,6.57,18700,31800,39700,8300,17500,21700,9700,31700,4800,28200,6.48,6.47,6.46,6.45,6.44,6.43,6.42,6.41,6.4,6.39,4900,3900,8000,8300,57000,33500,78100,68500,20000,14500,2,77,2,7,25,3,10,4,1,2,1,2,3,0,5,7,10,3,3,2,-1,-1,-1,-1,-1,-1,-1,-1,-1,-1,0.0,1362.5,930.0,2978.5,703.3333333333334,2279.0,-1,-1,-1,-1,241,470900,6.4509577404969205,3037756.0,92,7447060,1,1000,6.4509577404969205,6490.0,0,-1,-1,21410.43790823642
20230612093245000,6.49,6.49,6.49,6.49,6.49,6.48,6.48,6.49,6.48,6.49,6.5,6.51,6.52,6.53,6.54,6.55,6.56,6.57,6.58,6.59,39700,10300,17500,21700,9700,31700,4800,28200,46600,23300,6.48,6.47,6.46,6.45,6.44,6.43,6.42,6.41,6.4,6.39,900,3900,8000,8300,57000,51400,78100,68500,20000,14500,2,77,2,7,25,3,10,4,1,2,1,2,3,0,5,7,10,3,3,2,-1,-1,-1,-1,-1,-1,-1,-1,-1,-1,0.0,1362.5,930.0,2978.5,703.3333333333334,2279.0,-1,-1,-1,-1,255,512000,6.452428629690049,3304455.0,99,15551660,14,41100,6.4890267639902675,266699.0,7,8104600,1157800.0,20105.41162179385
20230612093248000,6.49,6.49,6.49,6.49,6.49,6.49,6.49,6.49,6.49,6.49,6.5,6.51,6.52,6.53,6.54,6.55,6.56,6.57,6.58,6.59,39700,10300,17500,24700,9700,32000,4800,28200,46600,23300,6.48,6.47,6.46,6.45,6.44,6.43,6.42,6.41,6.4,6.39,5500,3900,8000,8300,57000,51400,78100,68500,20000,14500,2,77,2,7,25,3,10,4,1,2,1,2,3,0,5,7,10,3,3,2,-1,-1,-1,-1,-1,-1,-1,-1,-1,-1,0.0,1362.5,930.0,2978.5,703.3333333333334,2279.0,-1,-1,-1,-1,260,536700,6.452428629690049,3464758.0,99,15551660,5,24700,6.452428629690049,160303.0,0,-1,-1,24335.29154054485
20230612093251000,6.49,6.49,6.49,6.48,6.48,6.49,6.49,6.49,6.48,6.48,6.5,6.51,6.52,6.53,6.54,6.55,6.56,6.57,6.58,6.59,43200,10300,17500,24700,9700,32000,4800,28700,46600,23300,6.49,6.47,6.46,6.45,6.44,6.43,6.42,6.41,6.4,6.39,7600,3900,17200,5300,57000,51400,78100,68500,20000,14500,2,77,2,7,25,3,10,4,1,2,1,2,3,0,5,7,10,3,3,2,-1,-1,-1,-1,-1,-1,-1,-1,-1,-1,59.285714285714285,1362.5,930.0,2978.5,703.3333333333334,2279.0,-1,-1,-1,-1,264,547400,6.456189258312021,3534118.0,101,15555490,4,10700,6.482242990654205,69360.0,2,3830,1915.0,25399.322924964155
20230612093254000,6.49,6.49,6.49,6.49,6.49,6.49,6.49,6.49,6.49,6.49,6.5,6.51,6.52,6.53,6.54,6.55,6.56,6.57,6.58,6.59,43200,10300,17500,24700,9700,32400,4800,28700,46600,23300,6.49,6.48,6.47,6.46,6.45,6.44,6.43,6.42,6.41,6.4,6400,1200,3900,17200,5300,57000,51400,78100,68500,20000,2,77,2,7,25,3,11,4,1,2,1,2,3,0,5,7,10,3,3,2,-1,-1,-1,-1,-1,-1,-1,-1,-1,-1,59.285714285714285,500.0,1362.5,930.0,2978.5,703.3333333333334,2279.0,-1,-1,-1,268,551200,6.456189258312021,3558780.0,101,15555490,4,3800,6.456189258312021,24662.0,0,-1,-1,23885.104349211404
20230612093257000,6.49,6.49,6.49,6.49,6.49,6.49,6.49,6.49,6.49,6.49,6.5,6.51,6.52,6.53,6.54,6.55,6.56,6.57,6.58,6.59,43300,10300,17500,24300,9700,32400,4800,28700,46600,23300,6.49,6.48,6.47,6.46,6.45,6.44,6.43,6.42,6.41,6.4,6300,1200,3900,17200,5300,57000,51400,78100,68500,20000,2,77,2,7,25,3,11,4,1,2,1,2,3,0,5,7,10,3,3,2,-1,-1,-1,-1,-1,-1,-1,-1,-1,-1,59.285714285714285,500.0,1362.5,930.0,2978.5,703.3333333333334,2279.0,-1,-1,-1,269,551300,6.456189258312021,3559429.0,101,15555490,1,100,6.456189258312021,649.0,0,-1,-1,23867.623864903617
20230612093300000,6.49,6.5,6.5,6.5,6.5,6.5,6.5,6.5,6.49,6.5,6.5,6.51,6.52,6.53,6.54,6.55,6.56,6.57,6.58,6.59,40500,11400,17500,24300,9700,32400,4800,28700,46600,23300,6.49,6.48,6.47,6.46,6.45,6.44,6.43,6.42,6.41,6.4,6400,1200,3900,17200,5300,57000,51400,78100,68500,24900,2,78,2,7,25,3,12,5,1,2,1,2,3,0,5,7,10,3,3,2,-1,-1,-1,-1,-1,-1,-1,-1,-1,-1,59.285714285714285,500.0,1362.5,930.0,2978.5,703.3333333333334,2279.0,-1,-1,-1,273,555200,6.456615495755824,3584778.0,101,15555490,4,3900,6.456615495755824,25349.0,0,-1,-1,23704.319340449256
20230612093303000,6.5,6.49,6.49,6.49,6.49,6.49,6.49,6.5,6.49,6.49,6.5,6.51,6.52,6.53,6.54,6.55,6.56,6.57,6.58,6.59,35900,11400,17500,24300,9700,32400,4800,28700,46600,23300,6.49,6.48,6.47,6.46,6.45,6.44,6.43,6.42,6.41,6.4,5700,1200,3900,17200,5300,57000,51400,78100,68500,24900,2,79,2,7,25,3,12,5,1,2,1,2,3,0,5,7,10,3,3,2,-1,-1,-1,-1,-1,-1,-1,-1,-1,-1,6116.25,500.0,1362.5,930.0,2978.5,703.3333333333334,2279.0,-1,-1,-1,282,561400,6.457176198111527,3625062.0,103,15652520,9,6200,6.497419354838709,40284.0,2,97030,48515.0,19617.962402421537
20230612093306000,6.49,6.5,6.5,6.49,6.49,6.49,6.49,6.5,6.49,6.49,6.5,6.51,6.52,6.53,6.54,6.55,6.56,6.57,6.58,6.59,39300,11400,17500,24300,9700,33100,4800,28700,46600,23300,6.49,6.48,6.47,6.46,6.45,6.44,6.43,6.42,6.41,6.4,4900,1200,3900,17200,5300,57000,51400,78100,68500,24900,2,79,2,7,25,3,12,5,1,2,1,2,3,0,5,7,10,3,3,2,-1,-1,-1,-1,-1,-1,-1,-1,-1,-1,6116.25,500.0,1362.5,930.0,2978.5,703.3333333333334,2279.0,-1,-1,-1,285,566600,6.457176198111527,3658819.0,103,15652520,3,5200,6.457176198111527,33757.0,0,-1,-1,23106.30277202485
20230612093309000,6.49,6.49,6.49,6.49,6.49,6.49,6.49,6.49,6.49,6.49,6.5,6.51,6.52,6.53,6.54,6.55,6.56,6.57,6.58,6.59,41300,11400,17900,24300,9700,33100,7800,28700,46600,23300,6.48,6.47,6.46,6.45,6.44,6.43,6.42,6.41,6.4,6.39,1200,3900,17200,5300,54200,51400,78100,71500,24900,14500,2,79,2,7,25,3,12,5,1,2,1,2,3,0,5,7,10,3,3,2,-1,-1,-1,-1,-1,-1,-1,-1,-1,-1,500.0,1362.5,930.0,2978.5,703.3333333333334,2279.0,-1,-1,-1,-1,296,577000,6.457996176572819,3726315.0,104,15700170,11,10400,6.49,67496.0,1,47650,47650.0,23381.68312888322
20230612093312000,6.49,6.5,6.5,6.5,6.5,6.49,6.49,6.5,6.49,6.5,6.5,6.51,6.52,6.53,6.54,6.55,6.56,6.57,6.58,6.59,47200,11400,17900,24300,11400,33100,8800,33700,46600,23300,6.49,6.48,6.47,6.46,6.45,6.44,6.43,6.42,6.41,6.4,11800,1200,3900,17200,5300,54200,51400,78100,71500,24900,2,79,2,7,26,3,12,5,1,2,1,2,3,0,5,7,10,3,3,2,-1,-1,-1,-1,-1,-1,-1,-1,-1,-1,5389.259259259259,500.0,1362.5,930.0,2978.5,703.3333333333334,2279.0,-1,-1,-1,300,580200,6.458145649541602,3747104.0,104,15700170,4,3200,6.458145649541602,20789.0,0,-1,-1,24265.59761828899
20230612093315000,6.49,6.49,6.49,6.49,6.49,6.49,6.49,6.49,6.49,6.49,6.5,6.51,6.52,6.53,6.54,6.55,6.56,6.57,6.58,6.59,47200,11400,17900,24300,11400,33100,9000,33700,46600,23300,6.49,6.48,6.47,6.46,6.45,6.44,6.43,6.42,6.41,6.4,41000,1200,3900,17300,5300,53500,51400,78100,71500,24900,2,79,2,7,26,4,12,5,1,2,1,2,3,0,5,7,10,3,3,2,-1,-1,-1,-1,-1,-1,-1,-1,-1,-1,5225.0,500.0,1362.5,930.0,2978.5,703.3333333333334,2279.0,-1,-1,-1,304,585700,6.458594843776678,3782799.0,105,15700960,4,5500,6.49,35695.0,1,790,790.0,27310.575314640748
20230612093318000,6.49,6.49,6.49,6.49,6.49,6.49,6.49,6.49,6.49,6.49,6.5,6.51,6.52,6.53,6.54,6.55,6.56,6.57,6.58,6.59,47200,11400,17900,24300,11400,34600,9000,33700,46600,23300,6.49,6.48,6.47,6.46,6.45,6.44,6.43,6.42,6.41,6.4,20300,1200,3900,17300,5300,53500,51400,78100,71500,24900,2,79,2,7,26,4,12,5,1,2,1,2,3,0,5,7,10,3,3,2,-1,-1,-1,-1,-1,-1,-1,-1,-1,-1,5151.379310344828,500.0,1362.5,930.0,2978.5,703.3333333333334,2279.0,-1,-1,-1,306,608300,6.459761630774289,3929473.0,106,15704050,2,22600,6.49,146674.0,1,3090,3090.0,26318.262107694758
20230612093321000,6.49,6.49,6.49,6.49,6.49,6.49,6.49,6.49,6.49,6.49,6.5,6.51,6.52,6.53,6.54,6.55,6.56,6.57,6.58,6.59,53000,11400,18200,24300,16400,35600,9000,33700,48000,23300,6.49,6.48,6.47,6.46,6.45,6.44,6.43,6.42,6.41,6.4,17100,1200,3900,17300,5300,53500,51900,78100,71500,24900,2,79,2,7,26,4,12,5,1,2,1,2,3,0,5,7,10,3,3,2,-1,-1,-1,-1,-1,-1,-1,-1,-1,-1,5151.379310344828,500.0,1362.5,930.0,2978.5,703.3333333333334,2279.0,-1,-1,-1,309,611600,6.459761630774289,3950890.0,106,15704050,3,3300,6.459761630774289,21417.0,0,-1,-1,23021.651465668314
20230612093324000,6.49,6.49,6.49,6.49,6.49,6.49,6.49,6.49,6.49,6.49,6.5,6.51,6.52,6.53,6.54,6.55,6.56,6.57,6.58,6.59,53400,11400,31300,24300,16400,35600,9000,33700,49500,26300,6.49,6.48,6.47,6.46,6.45,6.44,6.43,6.42,6.41,6.4,17900,1200,3900,17300,5300,53500,51900,78100,71500,24900,2,79,2,7,26,4,12,5,1,2,1,2,3,0,5,7,10,3,3,2,-1,-1,-1,-1,-1,-1,-1,-1,-1,-1,5151.379310344828,500.0,1362.5,930.0,2978.5,703.3333333333334,2279.0,-1,-1,-1,310,611700,6.459761630774289,3951539.0,106,15704050,1,100,6.459761630774289,649.0,0,-1,-1,28357.22180181615
20230612093327000,6.49,6.49,6.49,6.49,6.49,6.5,6.5,6.5,6.49,6.49,6.5,6.51,6.52,6.53,6.54,6.55,6.56,6.57,6.58,6.59,26900,11400,31300,24300,16400,38600,9000,33700,49500,26300,6.49,6.48,6.47,6.46,6.45,6.44,6.43,6.42,6.41,6.4,12000,1200,3900,17300,8300,53500,51900,78100,71500,24900,2,80,2,7,26,4,12,5,1,2,1,2,3,0,5,7,10,3,3,2,-1,-1,-1,-1,-1,-1,-1,-1,-1,-1,4925.1612903225805,500.0,1362.5,930.0,2978.5,703.3333333333334,2279.0,-1,-1,-1,320,651300,6.4621956087824355,4208828.0,108,15707350,10,39600,6.49719696969697,257289.0,2,3300,1650.0,22214.771188465824
20230612093330000,6.5,6.5,6.5,6.5,6.5,6.49,6.49,6.5,6.49,6.5,6.5,6.51,6.52,6.53,6.54,6.55,6.56,6.57,6.58,6.59,5900,11400,31300,28300,16400,42200,9000,33700,52500,26300,6.49,6.48,6.47,6.46,6.45,6.44,6.43,6.42,6.41,6.4,39420,1200,3900,17300,8300,53500,51900,78100,71500,24900,2,80,2,7,26,4,12,5,1,2,1,2,3,0,5,7,10,3,3,2,1825573.3333333333,-1,-1,-1,-1,-1,-1,-1,-1,-1,4771.25,500.0,1362.5,930.0,2978.5,703.3333333333334,2279.0,-1,-1,-1,329,673680,6.462840809677517,4354284.2,112,21184090,9,22380,6.499383378016094,145456.2000000002,4,5476740,1369185.0,24381.265931177317
20230612093333000,6.49,6.49,6.49,6.49,6.49,6.49,6.49,6.49,6.49,6.49,6.5,6.51,6.52,6.53,6.54,6.55,6.56,6.57,6.58,6.59,7800,11400,31300,28300,16400,42200,9000,33700,52500,26300,6.49,6.48,6.47,6.46,6.45,6.44,6.43,6.42,6.41,6.4,29920,6800,3900,17300,8300,53500,51900,78100,71500,24900,2,80,2,7,26,4,12,5,1,2,1,2,3,0,5,7,10,3,3,2,1825573.3333333333,-1,-1,-1,-1,-1,-1,-1,-1,-1,4492.35294117647,500.0,1362.5,930.0,2978.5,703.3333333333334,2279.0,-1,-1,-1,335,684380,6.463669422460208,4423727.2,115,21184610,6,10700,6.49,69443.0,3,520,173.33333333333334,23976.454715628486
20230612093336000,6.49,6.5,6.5,6.5,6.5,6.49,6.49,6.5,6.49,6.5,6.49,6.5,6.51,6.52,6.53,6.54,6.55,6.56,6.57,6.58,14700,8000,11400,31300,28300,16800,42200,9000,33700,53000,6.49,6.48,6.47,6.46,6.45,6.44,6.43,6.42,6.41,6.4,29920,7700,3900,17300,8300,54000,51900,78100,71500,25600,2,80,2,7,26,4,12,5,1,2,1,2,3,0,5,7,10,3,3,2,225141.38888888888,1825573.3333333333,-1,-1,-1,-1,-1,-1,-1,-1,4364.0,500.0,1362.5,930.0,2978.5,703.3333333333334,2279.0,-1,-1,-1,336,690980,6.463669422460208,4466561.2,115,21184610,1,6600,6.463669422460208,42834.0,0,-1,-1,23795.694599330887
20230612093339000,6.49,6.49,6.49,6.49,6.49,6.48,6.48,6.49,6.48,6.49,6.49,6.5,6.51,6.52,6.53,6.54,6.55,6.56,6.57,6.58,12500,8000,11400,31300,31300,17800,42200,9000,33700,53000,6.49,6.48,6.47,6.46,6.45,6.44,6.43,6.42,6.41,6.4,26920,6500,3900,17300,8300,54000,51900,78100,71500,25600,2,80,3,7,26,4,12,5,1,2,1,2,3,0,5,7,10,3,3,2,219075.94594594595,1825573.3333333333,-1,-1,-1,-1,-1,-1,-1,-1,4242.777777777777,12321.42857142857,1362.5,930.0,2978.5,703.3333333333334,2279.0,-1,-1,-1,341,695580,6.464210768655214,4496391.2,117,21268580,5,4600,6.484782608695652,29830.0,2,83970,41985.0,21345.502429504537
20230612093342000,6.49,6.49,6.49,6.49,6.49,6.49,6.49,6.49,6.49,6.49,6.49,6.5,6.51,6.52,6.53,6.54,6.55,6.56,6.57,6.58,12100,8000,11400,31300,32300,17800,56200,9000,33700,53000,6.49,6.48,6.47,6.46,6.45,6.44,6.43,6.42,6.41,6.4,26520,6500,3900,17300,8300,54000,51900,78100,74500,25600,2,80,3,7,26,4,12,5,1,2,1,2,3,0,5,7,10,3,3,2,219075.94594594595,1825573.3333333333,-1,-1,-1,-1,-1,-1,-1,-1,4242.777777777777,12321.42857142857,1362.5,930.0,2978.5,703.3333333333334,2279.0,-1,-1,-1,342,695980,6.464210768655214,4498987.2,117,21268580,1,400,6.464210768655214,2596.0,0,-1,-1,23533.1886251394
20230612093345000,6.49,6.48,6.48,6.48,6.48,6.48,6.48,6.48,6.48,6.48,6.49,6.5,6.51,6.52,6.53,6.54,6.55,6.56,6.57,6.58,12500,8000,11400,31300,32300,20800,56200,9000,33700,53300,6.49,6.48,6.47,6.46,6.45,6.44,6.43,6.42,6.41,6.4,25020,5000,3900,17300,8300,54000,51900,78100,74500,25600,2,80,3,7,26,4,13,5,1,2,1,2,3,0,5,7,10,3,3,2,219075.94594594595,1825573.3333333333,-1,-1,-1,-1,-1,-1,-1,-1,4242.777777777777,12321.42857142857,1362.5,930.0,2978.5,703.3333333333334,2279.0,-1,-1,-1,343,697480,6.464210768655214,4508707.2,117,21268580,1,1500,6.464210768655214,9720.0,0,-1,-1,23810.18201370081
20230612093348000,6.48,6.48,6.48,6.48,6.48,6.48,6.48,6.48,6.48,6.48,6.49,6.5,6.51,6.52,6.53,6.54,6.55,6.56,6.57,6.58,17600,10400,11400,31600,32800,20800,56200,9000,35700,53300,6.49,6.48,6.47,6.46,6.45,6.44,6.43,6.42,6.41,6.4,24520,4900,3900,17300,8300,54000,51900,78100,74500,25600,2,80,3,7,26,4,13,5,1,2,1,2,3,0,5,7,10,3,3,2,219075.94594594595,1825573.3333333333,-1,-1,-1,-1,-1,-1,-1,-1,4242.777777777777,12321.42857142857,1362.5,930.0,2978.5,703.3333333333334,2279.0,-1,-1,-1,344,697980,6.464210768655214,4511947.2,117,21268580,1,500,6.464210768655214,3240.0,0,-1,-1,24779.596144655094
20230612093351000,6.48,6.48,6.48,6.48,6.48,6.48,6.48,6.48,6.48,6.48,6.49,6.5,6.51,6.52,6.53,6.54,6.55,6.56,6.57,6.58,30200,10400,11400,31600,33000,20800,56200,9000,35700,53300,6.49,6.48,6.47,6.46,6.45,6.44,6.43,6.42,6.41,6.4,22520,3800,3900,17300,8300,54000,51900,78100,74500,25600,2,80,3,7,27,4,13,5,1,2,1,2,3,0,5,7,10,3,3,2,219075.94594594595,1825573.3333333333,-1,-1,-1,-1,-1,-1,-1,-1,4242.777777777777,12321.42857142857,1362.5,930.0,2978.5,703.3333333333334,2279.0,-1,-1,-1,345,699980,6.464210768655214,4524907.2,117,21268580,1,2000,6.464210768655214,12960.0,0,-1,-1,26272.3375019914
20230612093354000,6.49,6.49,6.49,6.49,6.49,6.49,6.49,6.49,6.49,6.49,6.49,6.5,6.51,6.52,6.53,6.54,6.55,6.56,6.57,6.58,19669,10400,11800,31600,33000,20800,56200,9000,35700,53300,6.49,6.48,6.47,6.46,6.45,6.44,6.43,6.42,6.41,6.4,22520,3900,3900,17300,8300,54000,51900,78100,74500,25600,2,80,3,7,27,4,13,5,1,2,1,2,3,0,5,7,10,3,3,2,208244.61538461538,1825573.3333333333,-1,-1,-1,-1,-1,-1,-1,-1,3916.4102564102564,12321.42857142857,1362.5,930.0,2978.5,703.3333333333334,2279.0,-1,-1,-1,350,712380,6.464392712550608,4605383.2,119,21284310,5,12400,6.49,80476.0,2,15730,7865.0,24899.521467261435
20230612093357000,6.49,6.49,6.49,6.49,6.49,6.49,6.49,6.49,6.49,6.49,6.49,6.5,6.51,6.52,6.53,6.54,6.55,6.56,6.57,6.58,45469,11400,11800,31600,35000,20800,56700,9000,35700,53300,6.49,6.48,6.47,6.46,6.45,6.44,6.43,6.42,6.41,6.4,22520,6500,3900,17300,8300,54000,51900,78100,74500,25600,2,80,3,7,28,4,13,5,1,2,1,2,3,0,5,7,10,3,3,2,203306.25,1825573.3333333333,-1,-1,-1,-1,-1,-1,-1,-1,3818.5,12321.42857142857,1362.5,930.0,2978.5,703.3333333333334,2279.0,-1,-1,-1,352,718580,6.465002087450249,4645621.2,120,21295020,2,6200,6.49,40238.0,1,10710,10710.0,28777.42890712124
20230612093400000,6.48,6.48,6.48,6.48,6.48,6.49,6.49,6.49,6.48,6.48,6.49,6.5,6.51,6.52,6.53,6.54,6.55,6.56,6.57,6.58,86169,11400,11800,31600,35000,20800,56700,9000,35700,53300,6.49,6.48,6.47,6.46,6.45,6.44,6.43,6.42,6.41,6.4,17220,1200,3900,17300,8300,54000,51900,78100,74500,25600,2,81,3,7,29,4,13,5,1,2,1,2,3,0,5,7,10,3,3,2,198612.92682926828,1825573.3333333333,-1,-1,-1,-1,-1,-1,-1,-1,3552.093023255814,13851.25,1362.5,930.0,2978.5,703.3333333333334,2279.0,-1,-1,-1,359,727380,6.465231653331134,4702680.2,122,21330460,7,8800,6.483977272727273,57059.0,2,35440,17720.0,26903.90871435399
20230612093403000,6.48,6.49,6.49,6.49,6.49,6.48,6.48,6.49,6.48,6.49,6.49,6.5,6.51,6.52,6.53,6.54,6.55,6.56,6.57,6.58,88369,11900,14200,31600,37000,20800,56700,9000,35700,53300,6.49,6.48,6.47,6.46,6.45,6.44,6.43,6.42,6.41,6.4,16820,1200,6600,17300,8300,54000,51900,78100,74500,25600,2,81,3,7,29,4,13,5,1,2,1,2,3,0,5,7,10,3,3,2,198612.92682926828,1825573.3333333333,-1,-1,-1,-1,-1,-1,-1,-1,3552.093023255814,13851.25,1362.5,930.0,2978.5,703.3333333333334,2279.0,-1,-1,-1,361,727780,6.465243892385062,4705275.2,122,21330460,2,400,6.465243892385062,2595.0,0,-1,-1,34208.56938027721
20230612093406000,6.48,6.47,6.47,6.47,6.47,6.48,6.48,6.48,6.47,6.47,6.49,6.5,6.51,6.52,6.53,6.54,6.55,6.56,6.57,6.58,88869,12900,14200,38200,37800,20800,56700,9000,35700,53300,6.49,6.47,6.46,6.45,6.44,6.43,6.42,6.41,6.4,6.39,16020,7000,17300,8300,54000,51900,78100,74500,25600,14000,2,82,3,7,29,4,14,5,1,2,1,2,3,0,5,7,10,3,3,2,198612.92682926828,1825573.3333333333,-1,-1,-1,-1,-1,-1,-1,-1,3471.3636363636365,1362.5,930.0,2978.5,703.3333333333334,2279.0,-1,-1,-1,-1,364,729380,6.465243892385062,4715639.2,122,21330460,3,1600,6.465243892385062,10364.0,0,-1,-1,36245.982754500554
20230612093409000,6.47,6.48,6.48,6.48,6.48,6.48,6.48,6.48,6.48,6.48,6.49,6.5,6.51,6.52,6.53,6.54,6.55,6.56,6.57,6.58,90869,13900,14200,38200,37800,21300,56700,9000,35700,53300,6.49,6.47,6.46,6.45,6.44,6.43,6.42,6.41,6.4,6.39,16020,7000,17300,8300,54000,51900,78100,74500,25600,14000,2,82,3,7,29,4,14,5,1,2,1,2,3,0,5,7,10,3,3,2,198612.92682926828,1825573.3333333333,-1,-1,-1,-1,-1,-1,-1,-1,3394.222222222222,1362.5,930.0,2978.5,703.3333333333334,2279.0,-1,-1,-1,-1,365,730080,6.465243892385062,4720175.2,122,21330460,1,700,6.465243892385062,4536.0,0,-1,-1,36578.50625298709
20230612093412000,6.48,6.48,6.48,6.48,6.48,6.48,6.48,6.48,6.48,6.48,6.48,6.49,6.5,6.51,6.52,6.53,6.54,6.55,6.56,6.57,13000,90869,13900,14200,38200,37800,21300,56900,9000,35700,6.49,6.47,6.46,6.45,6.44,6.43,6.42,6.41,6.4,6.39,15620,9300,17300,8300,54000,51900,78100,74500,25600,14000,2,82,3,7,29,4,14,5,1,2,1,2,3,0,5,7,10,3,3,2,0.0,198612.92682926828,1825573.3333333333,-1,-1,-1,-1,-1,-1,-1,3394.222222222222,1362.5,930.0,2978.5,703.3333333333334,2279.0,-1,-1,-1,-1,366,730480,6.465243892385062,4722767.2,122,21330460,1,400,6.465243892385062,2592.0,0,-1,-1,31520.076867930537
20230612093415000,6.47,6.47,6.47,6.47,6.47,6.47,6.47,6.47,6.47,6.47,6.48,6.49,6.5,6.51,6.52,6.53,6.54,6.55,6.56,6.57,26100,90869,14000,14200,38200,37800,21300,58400,9000,35700,6.49,6.47,6.46,6.45,6.44,6.43,6.42,6.41,6.4,6.39,14020,8200,17300,8800,54000,51900,78100,74500,25600,14000,2,82,3,7,29,4,14,5,1,2,1,2,3,0,5,7,10,3,3,2,0.0,198612.92682926828,1825573.3333333333,-1,-1,-1,-1,-1,-1,-1,3394.222222222222,1362.5,930.0,2978.5,703.3333333333334,2279.0,-1,-1,-1,-1,368,732080,6.465303245546935,4733119.2,122,21330460,2,1600,6.465303245546935,10352.0,0,-1,-1,33157.722239923525
20230612093418000,6.47,6.47,6.47,6.47,6.47,6.47,6.47,6.47,6.47,6.47,6.47,6.48,6.49,6.5,6.51,6.52,6.53,6.54,6.55,6.56,3000,26100,90869,18300,14200,38200,37800,21300,58400,9000,6.49,6.47,6.46,6.45,6.44,6.43,6.42,6.41,6.4,6.39,13620,8200,17300,8800,154800,51900,81200,74500,25600,14000,2,83,3,7,29,4,14,5,1,2,1,2,3,0,5,7,10,3,3,2,197080.0,0.0,198612.92682926828,1825573.3333333333,-1,-1,-1,-1,-1,-1,3394.222222222222,1211.111111111111,930.0,2978.5,703.3333333333334,2279.0,-1,-1,-1,-1,369,732480,6.465303245546935,4735707.2,122,21330460,1,400,6.465303245546935,2588.0,0,-1,-1,37510.209494981675
20230612093421000,6.47,6.47,6.47,6.47,6.47,6.47,6.47,6.47,6.47,6.47,6.47,6.48,6.49,6.5,6.51,6.52,6.53,6.54,6.55,6.56,600,29600,90869,18300,14200,43200,37800,21300,59400,10300,6.49,6.47,6.46,6.45,6.44,6.43,6.42,6.41,6.4,6.39,10320,5900,17600,8800,154800,51900,81200,74500,25600,14000,2,83,3,7,29,4,14,5,1,2,1,2,3,0,5,7,10,3,3,2,197080.0,0.0,198612.92682926828,1825573.3333333333,-1,-1,-1,-1,-1,-1,3394.222222222222,1090.0,930.0,2978.5,703.3333333333334,2279.0,-1,-1,-1,-1,371,735780,6.465303245546935,4757058.2,122,21330460,2,3300,6.465303245546935,21351.0,0,-1,-1,32239.17546200414
20230612093424000,6.47,6.47,6.47,6.47,6.47,6.47,6.47,6.47,6.47,6.47,6.47,6.48,6.49,6.5,6.51,6.52,6.53,6.54,6.55,6.56,600,29600,93869,17800,14200,43200,37800,21300,59400,12200,6.49,6.47,6.46,6.45,6.44,6.43,6.42,6.41,6.4,6.39,10120,5900,20500,8800,154800,51900,81200,74500,25600,14000,2,84,3,7,29,4,14,5,1,2,1,2,3,0,5,7,10,3,3,2,197080.0,0.0,198612.92682926828,1825573.3333333333,-1,-1,-1,-1,-1,-1,3394.222222222222,990.9090909090909,930.0,2978.5,703.3333333333334,2279.0,-1,-1,-1,-1,372,735980,6.465303245546935,4758352.2,122,21330460,1,200,6.465303245546935,1294.0,0,-1,-1,32799.5665724072
20230612093427000,6.47,6.46,6.46,6.46,6.46,6.46,6.46,6.46,6.46,6.46,6.47,6.48,6.49,6.5,6.51,6.52,6.53,6.54,6.55,6.56,1700,29600,93869,17800,14200,43200,37800,21300,59400,12200,6.49,6.47,6.46,6.45,6.44,6.43,6.42,6.41,6.4,6.39,10020,5800,22300,8800,154800,51900,81200,74500,25600,14000,2,85,3,7,29,4,14,5,1,2,1,2,3,0,5,7,10,3,3,2,197080.0,0.0,198612.92682926828,1825573.3333333333,-1,-1,-1,-1,-1,-1,3394.222222222222,990.9090909090909,930.0,2978.5,703.3333333333334,2279.0,-1,-1,-1,-1,373,736080,6.465327410064123,4758998.2,122,21330460,1,100,6.465327410064123,646.0,0,-1,-1,33040.15323801179
20230612093430000,6.47,6.46,6.46,6.46,6.46,6.47,6.47,6.47,6.46,6.46,6.47,6.48,6.49,6.5,6.51,6.52,6.53,6.54,6.55,6.56,2800,29600,100869,17800,14200,48000,37800,21300,66400,12200,6.49,6.47,6.46,6.45,6.44,6.43,6.42,6.41,6.4,6.39,7120,2500,19400,8800,154800,51900,81200,74500,25600,14000,2,85,3,7,29,4,14,5,1,2,1,2,3,0,5,7,10,3,3,2,197080.0,0.0,198612.92682926828,1825573.3333333333,-1,-1,-1,-1,-1,-1,3320.4347826086955,990.9090909090909,1229.3333333333333,2978.5,703.3333333333334,2279.0,-1,-1,-1,-1,376,739380,6.465309760848394,4780320.2,123,21335880,3,3300,6.461212121212121,21322.0,1,5420,5420.0,33213.57804285487
20230612093433000,6.46,6.46,6.46,6.46,6.46,6.47,6.47,6.47,6.46,6.46,6.46,6.47,6.48,6.49,6.5,6.51,6.52,6.53,6.54,6.55,7300,3100,29600,100869,17800,22900,48000,37800,21300,66400,6.49,6.46,6.45,6.44,6.43,6.42,6.41,6.4,6.39,6.38,4220,17300,10000,154800,51900,81200,74500,25600,14000,34300,2,85,3,7,29,4,14,5,1,2,1,2,3,0,5,7,10,3,3,2,265409.1666666667,197080.0,0.0,198612.92682926828,1825573.3333333333,-1,-1,-1,-1,-1,3320.4347826086955,1152.5,2978.5,703.3333333333334,2279.0,-1,-1,-1,-1,-1,378,742280,6.465290995311743,4799056.2,123,21335880,2,2900,6.465290995311743,18736.0,0,-1,-1,33605.29847060698
20230612093436000,6.46,6.46,6.46,6.46,6.46,6.46,6.46,6.46,6.46,6.46,6.46,6.47,6.48,6.49,6.5,6.51,6.52,6.53,6.54,6.55,7000,3100,29600,100869,17700,22900,48000,37800,21300,66400,6.49,6.46,6.45,6.44,6.43,6.42,6.41,6.4,6.39,6.38,3820,16900,10000,154800,51900,79400,74500,25600,14000,34300,2,85,3,7,29,4,14,5,1,2,1,2,3,0,5,7,10,3,3,2,265409.1666666667,197080.0,0.0,198612.92682926828,1825573.3333333333,-1,-1,-1,-1,-1,3320.4347826086955,1152.5,2978.5,703.3333333333334,2279.0,-1,-1,-1,-1,-1,379,742680,6.465288145634728,4801640.2,123,21335880,1,400,6.465288145634728,2584.0,0,-1,-1,33756.11693484149
20230612093439000,6.47,6.46,6.46,6.46,6.46,6.47,6.47,6.47,6.46,6.46,6.46,6.47,6.48,6.49,6.5,6.51,6.52,6.53,6.54,6.55,4900,1200,29600,101869,17700,24500,48000,37800,21300,66400,6.49,6.46,6.45,6.44,6.43,6.42,6.41,6.4,6.39,6.38,1720,23400,10000,154800,51900,79400,74500,25600,14000,34300,2,86,3,7,29,4,14,5,1,2,1,2,3,0,5,7,10,3,3,2,265409.1666666667,197080.0,0.0,198612.92682926828,1825573.3333333333,-1,-1,-1,-1,-1,3320.4347826086955,1152.5,2978.5,703.3333333333334,2279.0,-1,-1,-1,-1,-1,381,744780,6.465288145634728,4815225.2,123,21335880,2,2100,6.465288145634728,13585.0,0,-1,-1,33292.48980404652
20230612093442000,6.46,6.46,6.46,6.46,6.46,6.46,6.46,6.46,6.46,6.46,6.46,6.47,6.48,6.49,6.5,6.51,6.52,6.53,6.54,6.55,4900,1200,29600,101769,19400,26500,48000,37800,22300,66400,6.46,6.45,6.44,6.43,6.42,6.41,6.4,6.39,6.38,6.37,8020,10000,154800,51900,79400,74500,25600,14000,34300,14400,2,86,3,7,30,4,14,5,1,2,1,2,3,0,5,8,10,3,3,2,235919.25925925927,197080.0,0.0,198612.92682926828,1825573.3333333333,-1,-1,-1,-1,-1,1510.8333333333333,2978.5,703.3333333333334,2279.0,-1,-1,-1,-1,-1,-1,392,777980,6.465072623974909,5029697.2,131,21353700,11,33200,6.46,214472.0,8,17820,2227.5,36595.99964154851
20230612093445000,6.46,6.47,6.47,6.47,6.47,6.47,6.47,6.47,6.47,6.47,6.46,6.48,6.49,6.5,6.51,6.52,6.53,6.54,6.55,6.56,3000,29600,101769,23000,26500,48000,37800,22300,66400,12200,6.46,6.45,6.44,6.43,6.42,6.41,6.4,6.39,6.38,6.37,8020,10000,154800,51900,79400,74500,25600,14000,44300,14400,2,86,3,7,30,4,14,5,1,2,1,2,3,0,5,8,10,3,3,2,235919.25925925927,0.0,198612.92682926828,1825573.3333333333,-1,-1,-1,-1,-1,-1,1510.8333333333333,2978.5,703.3333333333334,2279.0,-1,-1,-1,-1,-1,-1,393,779880,6.465072623974909,5041990.2,131,21353700,1,1900,6.465072623974909,12293.0,0,-1,-1,39233.10767484467
20230612093448000,6.47,6.46,6.47,6.46,6.47,6.47,6.46,6.47,6.46,6.47,6.47,6.48,6.49,6.5,6.51,6.52,6.53,6.54,6.55,6.56,300,29600,101769,18700,26500,48000,42800,22300,66400,12200,6.46,6.45,6.44,6.43,6.42,6.41,6.4,6.39,6.38,6.37,4820,10000,154800,51900,79400,74500,25600,14000,44300,14400,2,86,3,7,30,4,14,5,1,2,1,2,3,0,5,8,10,3,3,2,197080.0,0.0,198612.92682926828,1825573.3333333333,-1,-1,-1,-1,-1,-1,1510.8333333333333,2978.5,703.3333333333334,2279.0,-1,-1,-1,-1,-1,-1,394,789280,6.465072623974909,5102717.2,131,21353700,1,9400,6.465072623974909,60727.0,0,-1,-1,35452.092659710055
20230612093451000,6.46,6.47,6.47,6.47,6.47,6.46,6.46,6.47,6.46,6.47,6.48,6.49,6.5,6.51,6.52,6.53,6.54,6.55,6.56,6.57,31100,101769,23700,26500,48000,42800,22300,66400,12200,85700,6.46,6.45,6.44,6.43,6.42,6.41,6.4,6.39,6.38,6.37,4820,12500,154800,51900,79400,74500,21400,14000,44300,14400,2,86,3,7,30,4,14,5,1,2,1,2,3,0,5,8,10,3,3,2,0.0,198612.92682926828,1825573.3333333333,-1,-1,-1,-1,-1,-1,-1,1396.1538461538462,2978.5,703.3333333333334,2279.0,-1,-1,-1,-1,-1,-1,398,790780,6.465022146852616,5112413.2,133,21354610,4,1500,6.464,9696.0,2,910,455.0,46495.47913015771
20230612093454000,6.47,6.48,6.48,6.47,6.47,6.47,6.48,6.48,6.47,6.47,6.48,6.49,6.5,6.51,6.52,6.53,6.54,6.55,6.56,6.57,30700,101769,23700,26500,50000,42800,22300,66400,12200,85700,6.46,6.45,6.44,6.43,6.42,6.41,6.4,6.39,6.38,6.37,68520,13500,154800,51900,79400,74500,22000,14000,44300,14400,2,86,3,7,30,4,14,5,1,2,1,2,3,0,5,8,10,3,3,2,0.0,198612.92682926828,1825573.3333333333,-1,-1,-1,-1,-1,-1,-1,1396.1538461538462,2978.5,703.3333333333334,2279.0,-1,-1,-1,-1,-1,-1,400,793380,6.465022146852616,5129239.2,133,21354610,2,2600,6.465022146852616,16826.0,0,-1,-1,52282.439461526206
20230612093457000,6.47,6.48,6.48,6.47,6.47,6.47,6.48,6.48,6.47,6.47,6.48,6.49,6.5,6.51,6.52,6.53,6.54,6.55,6.56,6.57,32700,101769,23700,26500,50000,42800,22300,68800,12200,85700,6.47,6.46,6.45,6.44,6.43,6.42,6.41,6.4,6.39,6.38,1200,68520,13500,154800,51900,79400,74500,22000,14000,44300,2,87,3,7,30,4,14,5,1,2,1,2,3,0,5,8,10,3,3,2,0.0,198612.92682926828,1825573.3333333333,-1,-1,-1,-1,-1,-1,-1,838.4615384615385,1396.1538461538462,2978.5,703.3333333333334,2279.0,-1,-1,-1,-1,-1,400,793380,6.465022146852616,5129239.2,133,21354610,0,0,-1,0.0,0,-1,-1,48037.578261908544
20230612093500000,6.47,6.47,6.47,6.47,6.47,6.47,6.47,6.48,6.47,6.47,6.48,6.49,6.5,6.51,6.52,6.53,6.54,6.55,6.56,6.57,32600,101769,27700,26500,50000,42800,32300,68800,12200,85700,6.46,6.45,6.44,6.43,6.42,6.41,6.4,6.39,6.38,6.37,68520,13500,154800,51900,79400,74500,22000,14000,44300,14400,2,87,3,7,30,4,14,5,1,2,1,2,3,0,5,8,10,3,3,2,0.0,198612.92682926828,1825573.3333333333,-1,-1,-1,-1,-1,-1,-1,1396.1538461538462,2978.5,703.3333333333334,2279.0,-1,-1,-1,-1,-1,-1,405,802749,6.465022146852616,5189860.63,133,21354610,5,9369,6.465022146852616,60621.4299999997,0,-1,-1,45910.696491158196
20230612093503000,6.47,6.47,6.47,6.47,6.47,6.47,6.47,6.47,6.47,6.47,6.48,6.49,6.5,6.51,6.52,6.53,6.54,6.55,6.56,6.57,33400,102769,29000,26500,50000,42800,32300,68800,12200,85700,6.46,6.45,6.44,6.43,6.42,6.41,6.4,6.39,6.38,6.37,68520,13500,154800,51900,79400,74500,22300,14000,44300,14400,2,87,3,7,30,4,14,5,1,2,1,2,3,0,5,8,10,3,3,2,0.0,198612.92682926828,1825573.3333333333,-1,-1,-1,-1,-1,-1,-1,1396.1538461538462,2978.5,703.3333333333334,2279.0,-1,-1,-1,-1,-1,-1,407,805049,6.465022146852616,5204741.63,133,21354610,2,2300,6.465022146852616,14881.0,0,-1,-1,41618.60731639317
20230612093506000,6.47,6.48,6.48,6.48,6.48,6.48,6.48,6.48,6.48,6.48,6.48,6.49,6.5,6.51,6.52,6.53,6.54,6.55,6.56,6.57,33000,102969,29000,26500,50000,52800,32300,68800,12200,85700,6.46,6.45,6.44,6.43,6.42,6.41,6.4,6.39,6.38,6.37,78520,13500,154800,51900,79400,74500,22300,14000,44300,14400,2,87,3,7,30,4,14,5,1,2,1,2,3,0,5,8,10,3,3,2,0.0,198612.92682926828,1825573.3333333333,-1,-1,-1,-1,-1,-1,-1,1396.1538461538462,2978.5,703.3333333333334,2279.0,-1,-1,-1,-1,-1,-1,408,805449,6.465022146852616,5207333.63,133,21354610,1,400,6.465022146852616,2592.0,0,-1,-1,50017.2321570814
20230612093509000,6.47,6.47,6.47,6.47,6.47,6.47,6.47,6.47,6.47,6.47,6.48,6.49,6.5,6.51,6.52,6.53,6.54,6.55,6.56,6.57,34100,102969,29000,26500,50000,52800,32300,68800,12200,85700,6.46,6.45,6.44,6.43,6.42,6.41,6.4,6.39,6.38,6.37,78520,13500,154800,51900,79400,74500,22300,14000,44300,14400,2,87,3,7,30,4,14,5,1,2,1,2,3,0,5,8,10,3,3,2,0.0,198612.92682926828,1825573.3333333333,-1,-1,-1,-1,-1,-1,-1,1396.1538461538462,2978.5,703.3333333333334,2279.0,-1,-1,-1,-1,-1,-1,411,806349,6.465022146852616,5213156.63,133,21354610,3,900,6.465022146852616,5823.0,0,-1,-1,47408.49798868886
20230612093512000,6.47,6.47,6.47,6.47,6.47,6.47,6.47,6.47,6.47,6.47,6.48,6.49,6.5,6.51,6.52,6.53,6.54,6.55,6.56,6.57,34500,102969,29000,26500,50000,52800,32300,68800,12200,86700,6.47,6.46,6.45,6.44,6.43,6.42,6.41,6.4,6.39,6.38,1800,78520,13500,154800,61700,79400,74500,22300,14000,44300,2,87,3,7,30,4,14,5,1,2,1,2,3,0,5,8,10,3,3,2,0.0,198612.92682926828,1825573.3333333333,-1,-1,-1,-1,-1,-1,-1,838.4615384615385,1396.1538461538462,2978.5,703.3333333333334,2279.0,-1,-1,-1,-1,-1,413,808049,6.465022146852616,5224155.63,133,21354610,2,1700,6.465022146852616,10999.0,0,-1,-1,50684.25063724709
20230612093515000,6.47,6.47,6.47,6.47,6.47,6.47,6.47,6.47,6.47,6.47,6.48,6.49,6.5,6.51,6.52,6.53,6.54,6.55,6.56,6.57,34500,102969,29000,26500,50000,55800,32300,68800,12200,86700,6.47,6.46,6.45,6.44,6.43,6.42,6.41,6.4,6.39,6.38,1700,78520,15300,154800,61700,79400,74500,22300,14000,44300,2,88,3,7,30,4,14,5,1,2,1,2,3,0,5,8,10,3,3,2,0.0,198612.92682926828,1825573.3333333333,-1,-1,-1,-1,-1,-1,-1,838.4615384615385,1396.1538461538462,2978.5,703.3333333333334,2279.0,-1,-1,-1,-1,-1,414,808149,6.465022146852616,5224802.63,133,21354610,1,100,6.465022146852616,647.0,0,-1,-1,50799.50473952525
20230612093518000,6.48,6.48,6.48,6.48,6.48,6.48,6.48,6.48,6.48,6.48,6.48,6.49,6.5,6.51,6.52,6.53,6.54,6.55,6.56,6.57,34300,100969,39000,26500,50000,55800,32300,68800,12200,86700,6.47,6.46,6.45,6.44,6.43,6.42,6.41,6.4,6.39,6.38,1700,78520,15300,158800,61700,79400,74500,22300,14000,44300,2,88,3,7,30,4,14,5,1,2,1,2,3,0,5,8,10,3,3,2,0.0,198612.92682926828,1825573.3333333333,-1,-1,-1,-1,-1,-1,-1,838.4615384615385,1396.1538461538462,2978.5,703.3333333333334,2279.0,-1,-1,-1,-1,-1,416,808349,6.465151351705761,5226098.63,133,21354610,2,200,6.465151351705761,1296.0,0,-1,-1,51442.208260315434
20230612093521000,6.48,6.48,6.48,6.48,6.48,6.48,6.48,6.48,6.48,6.48,6.48,6.49,6.5,6.51,6.52,6.53,6.54,6.55,6.56,6.57,34400,103469,39000,26500,50000,55800,32300,68800,12200,86700,6.47,6.46,6.45,6.44,6.43,6.42,6.41,6.4,6.39,6.38,15500,78520,15400,158800,67800,79400,74500,22300,10800,44300,2,88,3,7,30,4,14,5,1,2,1,2,3,0,5,8,10,3,3,2,0.0,198612.92682926828,1825573.3333333333,-1,-1,-1,-1,-1,-1,-1,838.4615384615385,1396.1538461538462,2978.5,703.3333333333334,2279.0,-1,-1,-1,-1,-1,418,810249,6.4651861711646665,5238410.63,133,21354610,2,1900,6.4651861711646665,12312.0,0,-1,-1,48876.556675163294
20230612093524000,6.47,6.48,6.48,6.48,6.48,6.47,6.47,6.48,6.47,6.48,6.48,6.49,6.5,6.51,6.52,6.53,6.54,6.55,6.56,6.57,37500,103469,41800,26800,50000,55800,32300,68800,12200,86700,6.47,6.46,6.45,6.44,6.43,6.42,6.41,6.4,6.39,6.38,13800,78520,20400,159500,67800,79400,74500,22300,10800,44300,2,88,3,7,30,4,15,5,1,2,1,2,3,0,5,8,10,3,3,2,0.0,198612.92682926828,1825573.3333333333,-1,-1,-1,-1,-1,-1,-1,838.4615384615385,1396.1538461538462,2978.5,703.3333333333334,2279.0,-1,-1,-1,-1,-1,420,812349,6.465203539365469,5252001.63,133,21354610,2,2100,6.465203539365469,13591.0,0,-1,-1,54048.78385375179
20230612093527000,6.48,6.48,6.48,6.48,6.48,6.48,6.48,6.48,6.48,6.48,6.48,6.49,6.5,6.51,6.52,6.53,6.54,6.55,6.56,6.57,43500,103469,43800,26800,50000,55800,22300,68800,12200,86700,6.47,6.46,6.45,6.44,6.43,6.42,6.41,6.4,6.39,6.38,11000,78520,20300,159500,72800,79400,74500,33800,10800,44300,3,88,3,7,30,4,16,5,1,2,1,2,3,0,5,8,10,3,3,2,0.0,198612.92682926828,1825573.3333333333,-1,-1,-1,-1,-1,-1,-1,838.4615384615385,1396.1538461538462,2978.5,703.3333333333334,2279.0,-1,-1,-1,-1,-1,421,813249,6.465219914196021,5257833.63,133,21354610,1,900,6.465219914196021,5832.0,0,-1,-1,54724.08256332643
20230612093530000,6.48,6.48,6.48,6.48,6.48,6.48,6.48,6.48,6.48,6.48,6.48,6.49,6.5,6.51,6.52,6.53,6.54,6.55,6.56,6.57,43900,103469,43800,26800,51700,55800,22300,68800,12200,86700,6.47,6.46,6.45,6.44,6.43,6.42,6.41,6.4,6.39,6.38,11000,78520,20300,159500,72800,79400,74500,33800,10800,44300,3,88,3,7,30,4,16,5,1,2,1,2,3,0,5,8,10,3,3,2,0.0,198612.92682926828,1825573.3333333333,-1,-1,-1,-1,-1,-1,-1,838.4615384615385,1396.1538461538462,2978.5,703.3333333333334,2279.0,-1,-1,-1,-1,-1,422,813649,6.465227180270608,5260425.63,133,21354610,1,400,6.465227180270608,2592.0,0,-1,-1,55040.8341962721
20230612093533000,6.48,6.47,6.47,6.47,6.47,6.47,6.47,6.47,6.47,6.47,6.48,6.49,6.5,6.51,6.52,6.53,6.54,6.55,6.56,6.57,45200,103469,44400,26800,51700,55800,22300,68800,12200,86700,6.46,6.45,6.44,6.43,6.42,6.41,6.4,6.39,6.38,6.37,78520,20300,159500,72800,79400,74500,33800,10800,44300,14400,3,88,3,7,30,4,16,5,1,2,1,2,3,0,5,8,10,3,3,2,0.0,198612.92682926828,1825573.3333333333,-1,-1,-1,-1,-1,-1,-1,1396.1538461538462,2978.5,703.3333333333334,2279.0,-1,-1,-1,-1,-1,-1,425,835849,6.465345765718258,5404059.63,135,21459010,3,22200,6.47,143634.0,2,104400,52200.0,59375.144973713555
20230612093536000,6.47,6.48,6.48,6.48,6.48,6.47,6.47,6.48,6.47,6.48,6.48,6.49,6.5,6.51,6.52,6.53,6.54,6.55,6.56,6.57,52500,103469,44400,26800,51700,55800,22300,68800,12200,86700,6.46,6.45,6.44,6.43,6.42,6.41,6.4,6.39,6.38,6.37,78520,20300,159500,72800,79400,74500,33800,10800,44300,14400,3,89,3,7,30,4,16,5,1,2,1,2,3,0,5,8,10,3,3,2,0.0,198612.92682926828,1825573.3333333333,-1,-1,-1,-1,-1,-1,-1,1396.1538461538462,2978.5,703.3333333333334,2279.0,-1,-1,-1,-1,-1,-1,433,852349,6.465448577988594,5510818.63,139,21547790,8,16500,6.470242424242424,106759.0,4,88780,22195.0,55362.8431177314
20230612093539000,6.47,6.46,6.46,6.46,6.46,6.47,6.47,6.47,6.46,6.46,6.47,6.48,6.49,6.5,6.51,6.52,6.53,6.54,6.55,6.56,19400,52600,103469,71400,26800,51700,55800,22300,68800,12200,6.46,6.45,6.44,6.43,6.42,6.41,6.4,6.39,6.38,6.37,78720,30700,161400,72800,79400,74500,33800,10800,44300,14400,3,89,3,7,30,4,16,5,1,2,1,2,3,0,5,8,10,3,3,2,111678.66666666667,0.0,198612.92682926828,1825573.3333333333,-1,-1,-1,-1,-1,-1,1396.1538461538462,2978.5,703.3333333333334,2279.0,-1,-1,-1,-1,-1,-1,435,853249,6.465451034809299,5516639.63,139,21547790,2,900,6.465451034809299,5821.0,0,-1,-1,51447.62362593596
20230612093542000,6.47,6.46,6.46,6.46,6.46,6.46,6.46,6.46,6.46,6.46,6.47,6.48,6.49,6.5,6.51,6.52,6.53,6.54,6.55,6.56,32800,52600,103469,71400,26800,51700,55800,22300,68900,12200,6.46,6.45,6.44,6.43,6.42,6.41,6.4,6.39,6.38,6.37,79620,30700,161400,72800,79400,74500,33800,10800,44300,14400,3,90,3,7,30,4,16,5,1,2,1,2,3,0,5,8,10,3,3,2,111678.66666666667,0.0,198612.92682926828,1825573.3333333333,-1,-1,-1,-1,-1,-1,1396.1538461538462,2978.5,703.3333333333334,2279.0,-1,-1,-1,-1,-1,-1,435,853249,6.465451034809299,5516639.63,139,21547790,0,0,-1,0.0,0,-1,-1,58715.47982714672
20230612093545000,6.46,6.47,6.47,6.47,6.47,6.46,6.46,6.47,6.46,6.47,6.47,6.48,6.49,6.5,6.51,6.52,6.53,6.54,6.55,6.56,1300,52600,103469,82400,26800,51900,55800,22300,68900,12200,6.46,6.45,6.44,6.43,6.42,6.41,6.4,6.39,6.38,6.37,81320,30700,161400,72800,79400,74500,33800,10800,44300,14400,3,91,3,7,30,4,16,5,1,2,1,2,3,0,5,8,10,3,3,2,94112.5,0.0,198612.92682926828,1825573.3333333333,-1,-1,-1,-1,-1,-1,1396.1538461538462,2978.5,703.3333333333334,2279.0,-1,-1,-1,-1,-1,-1,443,886549,6.465601596753253,5732072.63,145,21585480,8,33300,6.469459459459459,215433.0,6,37690,6281.666666666667,54532.64965349689
20230612093548000,6.46,6.47,6.47,6.47,6.47,6.47,6.47,6.47,6.47,6.47,6.47,6.48,6.49,6.5,6.51,6.52,6.53,6.54,6.55,6.56,1900,59000,103469,82400,26800,51900,55800,22300,68900,12200,6.46,6.45,6.44,6.43,6.42,6.41,6.4,6.39,6.38,6.37,81320,33600,161400,72800,79400,74500,33800,10800,44300,14400,3,91,3,7,30,4,16,5,1,2,1,2,3,0,5,8,10,3,3,2,94112.5,0.0,198612.92682926828,1825573.3333333333,-1,-1,-1,-1,-1,-1,1396.1538461538462,2978.5,703.3333333333334,2279.0,-1,-1,-1,-1,-1,-1,443,886549,6.465601596753253,5732072.63,145,21585480,0,0,-1,0.0,0,-1,-1,55422.77431495937
20230612093551000,6.46,6.47,6.47,6.47,6.47,6.47,6.47,6.47,6.47,6.47,6.47,6.48,6.49,6.5,6.51,6.52,6.53,6.54,6.55,6.56,3300,59000,103469,82400,26800,52200,55800,22300,68900,12200,6.46,6.45,6.44,6.43,6.42,6.41,6.4,6.39,6.38,6.37,81320,34600,161400,72800,79400,74500,33800,10800,44300,14400,3,91,3,7,30,4,16,5,1,2,1,2,3,0,5,8,10,3,3,2,94112.5,0.0,198612.92682926828,1825573.3333333333,-1,-1,-1,-1,-1,-1,1396.1538461538462,2978.5,703.3333333333334,2279.0,-1,-1,-1,-1,-1,-1,443,886549,6.465601596753253,5732072.63,145,21585480,0,0,-1,0.0,0,-1,-1,56092.42143938187
20230612093554000,6.47,6.47,6.47,6.47,6.47,6.47,6.47,6.47,6.47,6.47,6.47,6.48,6.49,6.5,6.51,6.52,6.53,6.54,6.55,6.56,3300,59000,103469,72400,26800,53400,55800,22300,68900,12200,6.46,6.45,6.44,6.43,6.42,6.41,6.4,6.39,6.38,6.37,81320,34600,161400,72800,79400,74500,34200,10800,44300,14400,3,92,3,7,30,4,16,5,1,2,1,2,3,0,5,8,10,3,3,2,94112.5,0.0,198612.92682926828,1825573.3333333333,-1,-1,-1,-1,-1,-1,1396.1538461538462,2978.5,703.3333333333334,2279.0,-1,-1,-1,-1,-1,-1,444,886949,6.465603580363696,5734660.63,145,21585480,1,400,6.465603580363696,2588.0,0,-1,-1,55780.92709494981
20230612093557000,6.46,6.47,6.47,6.47,6.47,6.46,6.46,6.47,6.46,6.47,6.47,6.48,6.49,6.5,6.51,6.52,6.53,6.54,6.55,6.56,2700,59000,103469,72500,26800,53400,55800,22300,68900,12200,6.46,6.45,6.44,6.43,6.42,6.41,6.4,6.39,6.38,6.37,78320,34600,161400,72800,79400,74500,34200,10800,44300,14400,3,92,3,7,30,4,16,5,1,2,1,2,3,0,5,8,10,3,3,2,94112.5,0.0,198612.92682926828,1825573.3333333333,-1,-1,-1,-1,-1,-1,1396.1538461538462,2978.5,703.3333333333334,2279.0,-1,-1,-1,-1,-1,-1,446,890549,6.465587665586059,5757922.63,145,21585480,2,3600,6.465587665586059,23262.0,0,-1,-1,50102.91908953321
20230612093600000,6.46,6.47,6.47,6.47,6.47,6.46,6.46,6.47,6.46,6.47,6.47,6.48,6.49,6.5,6.51,6.52,6.53,6.54,6.55,6.56,16900,69300,103469,72500,26800,53400,55800,22300,69400,12200,6.46,6.45,6.44,6.43,6.42,6.41,6.4,6.39,6.38,6.37,90620,34600,161400,72800,79400,74500,34200,10800,44300,14400,3,92,3,7,30,4,16,5,1,2,1,2,3,0,5,8,10,3,3,2,94112.5,0.0,198612.92682926828,1825573.3333333333,-1,-1,-1,-1,-1,-1,1396.1538461538462,2978.5,703.3333333333334,2279.0,-1,-1,-1,-1,-1,-1,449,893849,6.4655715115192836,5779244.63,145,21585480,3,3300,6.4655715115192836,21322.0,0,-1,-1,53826.722259837494
20230612093603000,6.46,6.46,6.46,6.46,6.46,6.46,6.46,6.46,6.46,6.46,6.47,6.48,6.49,6.5,6.51,6.52,6.53,6.54,6.55,6.56,45700,69300,103469,72500,26800,53500,55800,22300,69400,12200,6.46,6.45,6.44,6.43,6.42,6.41,6.4,6.39,6.38,6.37,90120,34600,161400,72800,79400,74500,34200,10800,44300,14400,3,92,3,7,30,4,16,5,1,2,1,2,3,0,5,8,10,3,3,2,94112.5,0.0,198612.92682926828,1825573.3333333333,-1,-1,-1,-1,-1,-1,1396.1538461538462,2978.5,703.3333333333334,2279.0,-1,-1,-1,-1,-1,-1,451,894349,6.46556839667736,5782474.63,145,21585480,2,500,6.46556839667736,3230.0,0,-1,-1,62376.23934602517
20230612093606000,6.46,6.46,6.46,6.46,6.46,6.46,6.46,6.46,6.46,6.46,6.47,6.48,6.49,6.5,6.51,6.52,6.53,6.54,6.55,6.56,46400,69300,103469,76500,26800,53500,55800,22300,69400,12200,6.46,6.45,6.44,6.43,6.42,6.41,6.4,6.39,6.38,6.37,89220,34600,161400,72800,79400,74500,34200,10800,44300,14400,3,92,3,7,30,4,16,5,1,2,1,2,3,0,5,8,10,3,3,2,94112.5,0.0,198612.92682926828,1825573.3333333333,-1,-1,-1,-1,-1,-1,1396.1538461538462,2978.5,703.3333333333334,2279.0,-1,-1,-1,-1,-1,-1,453,895249,6.465565285316293,5788288.63,145,21585480,2,900,6.465565285316293,5814.0,0,-1,-1,63494.07031623387
20230612093609000,6.46,6.46,6.46,6.46,6.46,6.46,6.46,6.46,6.46,6.46,6.46,6.47,6.48,6.49,6.5,6.51,6.52,6.53,6.54,6.55,2200,46500,69200,103469,81500,26800,53500,55800,22300,69400,6.46,6.45,6.44,6.43,6.42,6.41,6.4,6.39,6.38,6.37,72420,34600,161400,72800,136600,74500,34200,10800,44300,14400,3,92,3,7,30,4,16,5,1,2,1,2,3,0,5,8,11,3,3,2,172180.8108108108,94112.5,0.0,198612.92682926828,1825573.3333333333,-1,-1,-1,-1,-1,1358.888888888889,2978.5,703.3333333333334,2279.0,-1,-1,-1,-1,-1,-1,455,898249,6.4655442199212025,5807668.63,146,21585870,2,3000,6.46,19380.0,1,390,390.0,57833.63605225427
20230612093612000,6.46,6.46,6.46,6.46,6.46,6.46,6.46,6.46,6.46,6.46,6.46,6.47,6.48,6.49,6.5,6.51,6.52,6.53,6.54,6.55,3400,46500,72900,103469,82000,26800,53500,55800,22300,69400,6.46,6.45,6.44,6.43,6.42,6.41,6.4,6.39,6.38,6.37,72420,35300,161400,72800,136600,77500,34200,10800,44300,14400,3,92,3,7,30,4,16,5,1,2,1,2,3,0,5,8,11,3,3,2,172180.8108108108,94112.5,0.0,198612.92682926828,1825573.3333333333,-1,-1,-1,-1,-1,1358.888888888889,2978.5,703.3333333333334,2279.0,-1,-1,-1,-1,-1,-1,455,898249,6.4655442199212025,5807668.63,146,21585870,0,0,-1,0.0,0,-1,-1,58438.5528118528
20230612093615000,6.46,6.46,6.46,6.46,6.46,6.46,6.46,6.46,6.46,6.46,6.46,6.47,6.48,6.49,6.5,6.51,6.52,6.53,6.54,6.55,5600,46500,72900,103469,78000,26800,53500,55800,22300,71400,6.46,6.45,6.44,6.43,6.42,6.41,6.4,6.39,6.38,6.37,72420,35300,161400,72800,136600,77500,34200,10800,45300,14400,3,92,3,7,30,4,16,5,1,2,1,2,3,0,5,8,11,3,3,2,172180.8108108108,94112.5,0.0,198612.92682926828,1825573.3333333333,-1,-1,-1,-1,-1,1358.888888888889,2978.5,703.3333333333334,2279.0,-1,-1,-1,-1,-1,-1,455,898249,6.4655442199212025,5807668.63,146,21585870,0,0,-1,0.0,0,-1,-1,58583.24772980724
20230612093618000,6.46,6.46,6.46,6.46,6.46,6.46,6.46,6.46,6.46,6.46,6.46,6.47,6.48,6.49,6.5,6.51,6.52,6.53,6.54,6.55,5700,46500,72900,103469,79000,26800,53500,55800,22300,71400,6.46,6.45,6.44,6.43,6.42,6.41,6.4,6.39,6.38,6.37,72420,25300,161400,72800,136600,77500,34200,5800,45300,14400,3,92,3,7,30,4,16,5,1,2,1,2,3,0,5,8,11,3,3,2,172180.8108108108,94112.5,0.0,198612.92682926828,1825573.3333333333,-1,-1,-1,-1,-1,1358.888888888889,2978.5,703.3333333333334,2279.0,-1,-1,-1,-1,-1,-1,455,898249,6.4655442199212025,5807668.63,146,21585870,0,0,-1,0.0,0,-1,-1,57819.208379799275
20230612093621000,6.46,6.46,6.46,6.46,6.46,6.46,6.46,6.46,6.46,6.46,6.46,6.47,6.48,6.49,6.5,6.51,6.52,6.53,6.54,6.55,5700,46500,72900,104469,80000,27200,53500,58800,22300,71400,6.46,6.45,6.44,6.43,6.42,6.41,6.4,6.39,6.38,6.37,72420,25300,161400,72800,79400,77500,34200,5800,45300,14400,3,92,3,7,30,4,16,5,1,2,1,2,3,0,5,8,11,3,3,2,172180.8108108108,94112.5,0.0,198612.92682926828,1825573.3333333333,-1,-1,-1,-1,-1,1358.888888888889,2978.5,703.3333333333334,2279.0,-1,-1,-1,-1,-1,-1,455,898249,6.4655442199212025,5807668.63,146,21585870,0,0,-1,0.0,0,-1,-1,55763.608570973396
20230612093624000,6.46,6.46,6.46,6.46,6.46,6.46,6.46,6.46,6.46,6.46,6.46,6.47,6.48,6.49,6.5,6.51,6.52,6.53,6.54,6.55,3700,46500,72900,104469,80000,30600,53500,58800,22300,75400,6.46,6.45,6.44,6.43,6.42,6.41,6.4,6.39,6.38,6.37,72420,25300,158400,72800,79400,77500,34200,5800,45300,14400,3,92,3,7,30,4,16,5,1,2,1,2,3,0,5,8,11,3,3,2,172180.8108108108,94112.5,0.0,198612.92682926828,1825573.3333333333,-1,-1,-1,-1,-1,1310.357142857143,2978.5,703.3333333333334,2279.0,-1,-1,-1,-1,-1,-1,456,900249,6.4655442199212025,5820588.63,146,21585870,1,2000,6.4655442199212025,12920.0,0,-1,-1,55477.56428230046
20230612093627000,6.46,6.46,6.46,6.46,6.46,6.46,6.46,6.46,6.46,6.46,6.46,6.47,6.48,6.49,6.5,6.51,6.52,6.53,6.54,6.55,3800,46500,72900,74469,75000,30600,53500,58800,22300,75400,6.46,6.45,6.44,6.43,6.42,6.41,6.4,6.39,6.38,6.37,72420,29300,158400,72800,79400,77500,34200,5800,45300,14400,3,93,3,7,30,4,16,5,1,2,1,2,3,0,5,8,11,3,3,2,172180.8108108108,94112.5,0.0,198612.92682926828,1825573.3333333333,-1,-1,-1,-1,-1,1310.357142857143,2978.5,703.3333333333334,2279.0,-1,-1,-1,-1,-1,-1,456,900249,6.4655442199212025,5820588.63,146,21585870,0,0,-1,0.0,0,-1,-1,53946.3790027083
20230612093630000,6.46,6.46,6.46,6.46,6.46,6.46,6.46,6.46,6.46,6.46,6.46,6.47,6.48,6.49,6.5,6.51,6.52,6.53,6.54,6.55,6200,46500,72900,74969,75000,30600,53500,58800,22300,75400,6.46,6.45,6.44,6.43,6.42,6.41,6.4,6.39,6.38,6.37,72420,29300,158900,72800,79400,77500,34200,5800,45300,14400,3,93,3,7,30,4,16,5,1,2,1,2,3,0,5,8,11,3,3,2,172180.8108108108,94112.5,0.0,198612.92682926828,1825573.3333333333,-1,-1,-1,-1,-1,1310.357142857143,2978.5,703.3333333333334,2279.0,-1,-1,-1,-1,-1,-1,456,900249,6.4655442199212025,5820588.63,146,21585870,0,0,-1,0.0,0,-1,-1,54374.19085550422
20230612093633000,6.46,6.46,6.46,6.46,6.46,6.46,6.46,6.46,6.46,6.46,6.46,6.47,6.48,6.49,6.5,6.51,6.52,6.53,6.54,6.55,7200,47600,72900,73969,75000,30600,53500,58800,22300,76300,6.46,6.45,6.44,6.43,6.42,6.41,6.4,6.39,6.38,6.37,71820,32700,158900,77800,79400,77500,34200,5800,45300,14400,3,93,3,7,30,4,16,5,1,2,1,2,3,0,5,8,11,3,3,2,172180.8108108108,94112.5,0.0,198612.92682926828,1825573.3333333333,-1,-1,-1,-1,-1,1310.357142857143,2978.5,703.3333333333334,2279.0,-1,-1,-1,-1,-1,-1,457,900849,6.4655442199212025,5824464.63,146,21585870,1,600,6.4655442199212025,3876.0,0,-1,-1,55072.99203441134
20230612093636000,6.45,6.45,6.45,6.45,6.45,6.45,6.45,6.45,6.45,6.45,6.46,6.47,6.48,6.49,6.5,6.51,6.52,6.53,6.54,6.55,7200,47600,72900,73969,75000,30600,53500,58800,22300,76300,6.46,6.45,6.44,6.43,6.42,6.41,6.4,6.39,6.38,6.37,63920,25100,158900,77800,79400,77500,34200,5800,45300,14400,3,93,3,7,30,4,16,5,1,2,1,2,3,0,5,8,11,3,3,2,172180.8108108108,94112.5,0.0,198612.92682926828,1825573.3333333333,-1,-1,-1,-1,-1,1310.357142857143,17522.85714285714,703.3333333333334,2279.0,-1,-1,-1,-1,-1,-1,460,908749,6.465418677783056,5875419.63,147,21894280,3,7900,6.45,50955.0,1,308410,308410.0,53766.55583877648
20230612093639000,6.45,6.45,6.45,6.45,6.45,6.45,6.45,6.45,6.45,6.45,6.46,6.47,6.48,6.49,6.5,6.51,6.52,6.53,6.54,6.55,10900,47600,72900,73969,75000,30600,53500,58800,22300,76300,6.46,6.45,6.44,6.43,6.42,6.41,6.4,6.39,6.38,6.37,49720,10900,158900,77800,79400,77500,34300,5800,45300,14400,3,93,3,7,30,4,16,5,1,2,1,2,3,0,5,8,11,3,3,2,172180.8108108108,94112.5,0.0,198612.92682926828,1825573.3333333333,-1,-1,-1,-1,-1,1310.357142857143,40063.333333333336,703.3333333333334,2279.0,-1,-1,-1,-1,-1,-1,466,922949,6.465270558670988,5967009.63,150,22487820,6,14200,6.45,91590.0,3,593540,197846.66666666666,45741.50151346184
20230612093642000,6.45,6.45,6.45,6.45,6.45,6.45,6.45,6.45,6.45,6.45,6.46,6.47,6.48,6.49,6.5,6.51,6.52,6.53,6.54,6.55,11500,47600,72900,73969,75000,30600,53500,58800,22300,76300,6.46,6.45,6.44,6.43,6.42,6.41,6.4,6.39,6.38,6.37,49320,10900,161900,77800,79400,77500,34300,5800,45300,14400,3,94,3,7,30,4,16,5,1,2,1,2,3,0,5,8,11,3,3,2,172180.8108108108,94112.5,0.0,198612.92682926828,1825573.3333333333,-1,-1,-1,-1,-1,1310.357142857143,40063.333333333336,703.3333333333334,2279.0,-1,-1,-1,-1,-1,-1,467,923349,6.465270558670988,5969589.63,150,22487820,1,400,6.465270558670988,2580.0,0,-1,-1,46015.209096702245
20230612093645000,6.45,6.45,6.45,6.45,6.45,6.45,6.45,6.45,6.45,6.45,6.46,6.47,6.48,6.49,6.5,6.51,6.52,6.53,6.54,6.55,11600,47600,72900,73969,85400,30600,53500,58800,22300,76300,6.46,6.45,6.44,6.43,6.42,6.41,6.4,6.39,6.38,6.37,47620,9200,161900,72800,80400,77500,34300,5800,45300,14400,3,94,3,7,30,4,16,5,1,2,1,2,3,0,5,8,11,3,3,2,172180.8108108108,94112.5,0.0,198612.92682926828,1825573.3333333333,-1,-1,-1,-1,-1,1310.357142857143,40063.333333333336,703.3333333333334,2279.0,-1,-1,-1,-1,-1,-1,468,925049,6.465270558670988,5980554.63,150,22487820,1,1700,6.465270558670988,10965.0,0,-1,-1,51773.49585789391
20230612093648000,6.45,6.45,6.45,6.45,6.45,6.45,6.45,6.45,6.45,6.45,6.46,6.47,6.48,6.49,6.5,6.51,6.52,6.53,6.54,6.55,11600,48700,72100,73969,85400,30600,53500,58800,22300,76300,6.46,6.45,6.44,6.43,6.42,6.41,6.4,6.39,6.38,6.37,47620,9400,170900,72800,80400,77500,34300,5800,45300,14400,3,94,3,7,30,4,16,5,1,2,1,2,3,0,5,8,11,3,3,2,172180.8108108108,94112.5,0.0,198612.92682926828,1825573.3333333333,-1,-1,-1,-1,-1,1310.357142857143,40063.333333333336,703.3333333333334,2279.0,-1,-1,-1,-1,-1,-1,468,925049,6.465270558670988,5980554.63,150,22487820,0,0,-1,0.0,0,-1,-1,52790.124024215394
20230612093651000,6.45,6.45,6.45,6.45,6.45,6.45,6.45,6.45,6.45,6.45,6.46,6.47,6.48,6.49,6.5,6.51,6.52,6.53,6.54,6.55,11600,48700,72100,73969,85400,30600,53500,58800,22300,76300,6.46,6.45,6.44,6.43,6.42,6.41,6.4,6.39,6.38,6.37,47620,9400,185900,72800,80400,77500,34300,5800,45300,14400,3,94,3,7,30,4,16,5,1,2,1,2,3,0,5,8,11,3,3,2,172180.8108108108,94112.5,0.0,198612.92682926828,1825573.3333333333,-1,-1,-1,-1,-1,1310.357142857143,40063.333333333336,703.3333333333334,2279.0,-1,-1,-1,-1,-1,-1,468,925049,6.465270558670988,5980554.63,150,22487820,0,0,-1,0.0,0,-1,-1,53342.139318145615
20230612093654000,6.45,6.45,6.45,6.45,6.45,6.45,6.45,6.45,6.45,6.45,6.46,6.47,6.48,6.49,6.5,6.51,6.52,6.53,6.54,6.55,11600,48700,72100,73969,85400,30600,53500,58800,22300,76300,6.46,6.45,6.44,6.43,6.42,6.41,6.4,6.39,6.38,6.37,46920,8700,185900,72800,80400,77500,34300,5800,45300,14400,3,94,3,7,30,4,16,5,1,2,1,2,3,0,5,8,11,3,3,2,172180.8108108108,94112.5,0.0,198612.92682926828,1825573.3333333333,-1,-1,-1,-1,-1,1310.357142857143,40063.333333333336,703.3333333333334,2279.0,-1,-1,-1,-1,-1,-1,470,925749,6.465270558670988,5985069.63,150,22487820,2,700,6.465270558670988,4515.0,0,-1,-1,47257.769236896616
20230612093657000,6.45,6.45,6.45,6.45,6.45,6.45,6.45,6.45,6.45,6.45,6.46,6.47,6.48,6.49,6.5,6.51,6.52,6.53,6.54,6.55,11700,48700,72100,73969,85400,30600,53500,58800,22300,76300,6.46,6.45,6.44,6.43,6.42,6.41,6.4,6.39,6.38,6.37,46820,8600,185900,72800,80400,77500,34300,5800,45300,14400,3,94,3,7,30,4,16,5,1,2,1,2,3,0,5,8,11,3,3,2,172180.8108108108,94112.5,0.0,198612.92682926828,1825573.3333333333,-1,-1,-1,-1,-1,1310.357142857143,40063.333333333336,703.3333333333334,2279.0,-1,-1,-1,-1,-1,-1,471,925849,6.465270558670988,5985714.63,150,22487820,1,100,6.465270558670988,645.0,0,-1,-1,53489.34339652701
20230612093700000,6.45,6.46,6.46,6.46,6.46,6.46,6.46,6.46,6.46,6.46,6.46,6.47,6.48,6.49,6.5,6.51,6.52,6.53,6.54,6.55,10300,48700,72100,73969,85400,30600,53500,58800,22300,76300,6.46,6.45,6.44,6.43,6.42,6.41,6.4,6.39,6.38,6.37,46820,8600,185900,72800,80400,77500,34300,5800,45300,14400,3,94,3,7,30,4,16,5,1,2,1,2,3,0,5,8,11,3,3,2,172180.8108108108,94112.5,0.0,198612.92682926828,1825573.3333333333,-1,-1,-1,-1,-1,1265.1724137931035,40063.333333333336,703.3333333333334,2279.0,-1,-1,-1,-1,-1,-1,472,927249,6.465270558670988,5994758.63,150,22487820,1,1400,6.465270558670988,9044.0,0,-1,-1,53401.940974988065
20230612093703000,6.45,6.45,6.45,6.45,6.45,6.46,6.46,6.46,6.45,6.45,6.46,6.47,6.48,6.49,6.5,6.51,6.52,6.53,6.54,6.55,8800,48600,72100,73969,85400,30600,53500,58800,22300,76300,6.46,6.45,6.44,6.43,6.42,6.41,6.4,6.39,6.38,6.37,44920,8300,185900,72800,80400,77500,37100,5800,45300,14400,3,95,3,7,30,4,16,5,1,2,1,2,3,0,5,8,11,3,3,2,172180.8108108108,94112.5,0.0,198612.92682926828,1825573.3333333333,-1,-1,-1,-1,-1,1265.1724137931035,40063.333333333336,703.3333333333334,2279.0,-1,-1,-1,-1,-1,-1,475,929149,6.465270558670988,6007029.63,150,22487820,3,1900,6.465270558670988,12271.0,0,-1,-1,46777.822606340604
20230612093706000,6.46,6.45,6.45,6.45,6.45,6.46,6.46,6.46,6.45,6.45,6.46,6.47,6.48,6.49,6.5,6.51,6.52,6.53,6.54,6.55,8200,48600,73600,77869,85400,30600,56200,58800,22300,76300,6.46,6.45,6.44,6.43,6.42,6.41,6.4,6.39,6.38,6.37,44020,8000,185900,112800,80400,78500,39100,5800,45300,14400,3,95,3,7,30,4,16,5,1,2,1,2,3,0,5,8,11,3,3,2,172180.8108108108,94112.5,0.0,198612.92682926828,1825573.3333333333,-1,-1,-1,-1,-1,1265.1724137931035,40063.333333333336,703.3333333333334,2279.0,-1,-1,-1,-1,-1,-1,477,930049,6.465079399042416,6012840.63,150,22487820,2,900,6.465079399042416,5811.0,0,-1,-1,48929.91556476023
20230612093709000,6.45,6.45,6.45,6.45,6.45,6.45,6.45,6.45,6.45,6.45,6.45,6.46,6.47,6.48,6.49,6.5,6.51,6.52,6.53,6.54,8800,8200,48600,73600,77869,85400,30600,56700,58800,22300,6.46,6.44,6.43,6.42,6.41,6.4,6.39,6.38,6.37,6.36,9020,185900,112800,80400,79500,40100,5800,45300,14400,7600,3,95,3,7,30,4,16,5,1,2,1,2,3,0,5,8,11,3,3,2,3931.25,172180.8108108108,94112.5,0.0,198612.92682926828,1825573.3333333333,-1,-1,-1,-1,1265.1724137931035,703.3333333333334,2279.0,-1,-1,-1,-1,-1,-1,-1,491,965049,6.4645325056033425,6238590.63,161,23586370,14,35000,6.45,225750.0,11,1098550,99868.18181818182,51342.100924008286
20230612093712000,6.45,6.45,6.45,6.45,6.45,6.45,6.45,6.45,6.45,6.45,6.46,6.47,6.48,6.49,6.5,6.51,6.52,6.53,6.54,6.55,8200,48600,73600,77869,86100,30600,56700,58800,22300,76300,6.45,6.44,6.43,6.42,6.41,6.4,6.39,6.38,6.37,6.36,2720,185900,112800,80400,79500,40100,5800,45300,14400,7600,3,95,3,7,30,4,16,5,1,2,1,2,3,0,5,8,11,3,3,2,172180.8108108108,94112.5,0.0,198612.92682926828,1825573.3333333333,-1,-1,-1,-1,-1,52822.307692307695,703.3333333333334,2279.0,-1,-1,-1,-1,-1,-1,-1,495,978149,6.4644382503096205,6323085.63,162,23588670,4,13100,6.45,84495.0,1,2300,2300.0,55931.27624661462
20230612093715000,6.45,6.45,6.45,6.45,6.45,6.45,6.45,6.45,6.45,6.45,6.46,6.47,6.48,6.49,6.5,6.51,6.52,6.53,6.54,6.55,8200,48600,73500,77869,86100,30600,56700,58800,22300,76300,6.45,6.44,6.43,6.42,6.41,6.4,6.39,6.38,6.37,6.36,2720,185900,112800,80400,79500,40100,5800,45300,14400,7600,3,95,3,7,30,4,16,5,1,2,1,2,3,0,5,8,11,3,3,2,172180.8108108108,94112.5,0.0,198612.92682926828,1825573.3333333333,-1,-1,-1,-1,-1,51501.75,703.3333333333334,2279.0,-1,-1,-1,-1,-1,-1,-1,496,979749,6.4644382503096205,6333405.63,162,23588670,1,1600,6.4644382503096205,10320.0,0,-1,-1,56062.37987892306
20230612093718000,6.45,6.45,6.45,6.45,6.45,6.45,6.45,6.45,6.45,6.45,6.45,6.46,6.47,6.48,6.49,6.5,6.51,6.52,6.53,6.54,100,8100,48600,73500,77869,86100,30600,56700,58800,22300,6.45,6.44,6.43,6.42,6.41,6.4,6.39,6.38,6.37,6.36,2720,185900,112800,80400,79500,40100,5800,45300,14400,7600,3,95,3,7,30,4,16,5,1,2,1,2,3,0,5,8,11,3,3,2,3881.818181818182,172180.8108108108,94112.5,0.0,198612.92682926828,1825573.3333333333,-1,-1,-1,-1,51501.75,703.3333333333334,2279.0,-1,-1,-1,-1,-1,-1,-1,496,979749,6.4644382503096205,6333405.63,162,23588670,0,0,-1,0.0,0,-1,-1,55901.37541819341
20230612093721000,6.44,6.44,6.44,6.44,6.44,6.44,6.44,6.45,6.44,6.44,6.46,6.47,6.48,6.49,6.5,6.51,6.52,6.53,6.54,6.55,8100,48600,73500,77869,86100,30600,56700,58800,22300,76300,6.44,6.43,6.42,6.41,6.4,6.39,6.38,6.37,6.36,6.35,147120,112800,80400,79500,40100,5800,45300,14400,7600,35000,3,95,3,7,30,4,16,5,1,2,1,2,3,0,5,8,11,3,3,2,172180.8108108108,94112.5,0.0,198612.92682926828,1825573.3333333333,-1,-1,-1,-1,-1,160176.25,2279.0,-1,-1,-1,-1,-1,-1,-1,-1,539,1019349,6.463370867092625,6588430.63,164,24865860,43,39600,6.440025252525253,255025.0,2,1277190,638595.0,54340.82344272741
20230612093724000,6.44,6.44,6.44,6.44,6.44,6.44,6.44,6.44,6.44,6.44,6.45,6.46,6.47,6.48,6.49,6.5,6.51,6.52,6.53,6.54,600,8100,48600,73400,77869,83800,30600,56700,58800,22300,6.44,6.43,6.42,6.41,6.4,6.39,6.38,6.37,6.36,6.35,146620,112800,80400,79500,40100,5800,45300,14400,7600,35000,3,95,3,7,30,4,16,5,1,2,1,2,3,0,5,8,11,3,3,2,3881.818181818182,172180.8108108108,94112.5,0.0,198612.92682926828,1825573.3333333333,-1,-1,-1,-1,160176.25,2279.0,-1,-1,-1,-1,-1,-1,-1,-1,540,1019849,6.4633594090889925,6591650.63,164,24865860,1,500,6.4633594090889925,3220.0,0,-1,-1,50660.489087143535
20230612093727000,6.44,6.44,6.44,6.44,6.44,6.44,6.44,6.44,6.44,6.44,6.45,6.46,6.47,6.48,6.49,6.5,6.51,6.52,6.53,6.54,2600,8100,48600,73400,77869,83800,30600,56700,58800,22300,6.44,6.43,6.42,6.41,6.4,6.39,6.38,6.37,6.36,6.35,147320,112800,80400,79500,40100,5800,45300,14400,7600,35000,3,95,3,7,30,4,16,5,1,2,1,2,3,0,5,8,11,3,3,2,3881.818181818182,172180.8108108108,94112.5,0.0,198612.92682926828,1825573.3333333333,-1,-1,-1,-1,160176.25,2279.0,-1,-1,-1,-1,-1,-1,-1,-1,540,1019849,6.4633594090889925,6591650.63,164,24865860,0,0,-1,0.0,0,-1,-1,54313.61697466942
20230612093730000,6.44,6.44,6.44,6.44,6.44,6.44,6.44,6.44,6.44,6.44,6.44,6.45,6.46,6.47,6.48,6.49,6.5,6.51,6.52,6.53,1000,3500,8100,47900,73400,87869,83800,30600,56700,58800,6.44,6.43,6.42,6.41,6.4,6.39,6.38,6.37,6.36,6.35,147120,112800,80400,79500,40100,5800,45300,14400,7600,35000,3,95,3,7,30,4,16,5,1,2,1,2,3,0,5,8,11,3,3,2,5437.375,3881.818181818182,172180.8108108108,94112.5,0.0,198612.92682926828,1825573.3333333333,-1,-1,-1,160176.25,2279.0,-1,-1,-1,-1,-1,-1,-1,-1,542,1020049,6.4633594090889925,6592938.63,164,24865860,2,200,6.4633594090889925,1288.0,0,-1,-1,51342.75370399872
20230612093733000,6.43,6.43,6.43,6.43,6.43,6.43,6.43,6.43,6.43,6.43,6.44,6.45,6.46,6.47,6.48,6.49,6.5,6.51,6.52,6.53,1100,3900,8100,47900,73400,87869,87800,30600,56700,58800,6.44,6.43,6.42,6.41,6.4,6.39,6.38,6.37,6.36,6.35,146420,112100,81400,81500,40800,5800,45300,14400,7600,35000,3,95,3,7,30,4,16,5,1,2,1,2,3,0,5,8,11,3,3,2,5437.375,3881.818181818182,172180.8108108108,94112.5,0.0,198612.92682926828,1825573.3333333333,-1,-1,-1,160176.25,2279.0,-1,-1,-1,-1,-1,-1,-1,-1,544,1020749,6.4633594090889925,6597439.63,164,24865860,2,700,6.4633594090889925,4501.0,0,-1,-1,51464.65708140831
20230612093736000,6.43,6.43,6.43,6.43,6.43,6.43,6.43,6.43,6.43,6.43,6.44,6.45,6.46,6.47,6.48,6.49,6.5,6.51,6.52,6.53,1900,4300,8100,48500,73400,87869,87800,30600,56700,58800,6.44,6.43,6.42,6.41,6.4,6.39,6.38,6.37,6.36,6.35,146420,112100,81400,81500,45700,5800,45600,14400,7600,35000,3,95,3,7,30,4,16,5,1,2,1,2,3,0,5,8,11,3,3,2,5437.375,3881.818181818182,172180.8108108108,94112.5,0.0,198612.92682926828,1825573.3333333333,-1,-1,-1,160176.25,2279.0,-1,-1,-1,-1,-1,-1,-1,-1,544,1020749,6.4633594090889925,6597439.63,164,24865860,0,0,-1,0.0,0,-1,-1,51985.391508682485
20230612093739000,6.43,6.43,6.43,6.43,6.43,6.43,6.43,6.43,6.43,6.43,6.44,6.45,6.46,6.47,6.48,6.49,6.5,6.51,6.52,6.53,2600,4300,8100,48500,73400,87869,87800,30600,56700,58800,6.44,6.43,6.42,6.41,6.4,6.39,6.38,6.37,6.36,6.35,140720,106900,81400,81500,45700,5800,45600,14400,7600,35000,3,95,3,7,30,4,16,5,1,2,1,2,3,0,5,8,11,3,3,2,5437.375,3881.818181818182,172180.8108108108,94112.5,0.0,198612.92682926828,1825573.3333333333,-1,-1,-1,160176.25,2279.0,-1,-1,-1,-1,-1,-1,-1,-1,547,1026449,6.4633594090889925,6634090.63,164,24865860,3,5700,6.4633594090889925,36651.0,0,-1,-1,47518.55867651743
20230612093742000,6.43,6.43,6.43,6.43,6.43,6.43,6.43,6.43,6.43,6.43,6.44,6.45,6.46,6.47,6.48,6.49,6.5,6.51,6.52,6.53,2600,4300,8100,48500,73400,87869,88900,30600,56700,58800,6.44,6.43,6.42,6.41,6.4,6.39,6.38,6.37,6.36,6.35,140720,106900,81400,81500,45700,5800,45600,14400,7600,35000,3,95,3,7,30,4,16,5,1,2,1,2,3,0,5,8,11,3,3,2,5437.375,3881.818181818182,172180.8108108108,94112.5,0.0,198612.92682926828,1825573.3333333333,-1,-1,-1,160176.25,2279.0,-1,-1,-1,-1,-1,-1,-1,-1,547,1026449,6.4633594090889925,6634090.63,164,24865860,0,0,-1,0.0,0,-1,-1,51202.21981041898
20230612093745000,6.43,6.43,6.43,6.43,6.43,6.43,6.43,6.43,6.43,6.43,6.44,6.45,6.46,6.47,6.48,6.49,6.5,6.51,6.52,6.53,2700,4300,8100,48500,73400,87869,88900,30600,56700,58800,6.44,6.43,6.42,6.41,6.4,6.39,6.38,6.37,6.36,6.35,119920,86900,81400,81500,45700,5800,45600,14400,7600,35000,3,95,3,7,30,4,16,5,1,2,1,2,3,0,5,8,11,3,3,2,5437.375,3881.818181818182,172180.8108108108,94112.5,0.0,198612.92682926828,1825573.3333333333,-1,-1,-1,160176.25,32025.0,-1,-1,-1,-1,-1,-1,-1,-1,592,1047249,6.462488510373369,6767834.63,166,25524830,45,20800,6.43,133744.0,2,658970,329485.0,44596.711058228444
20230612093748000,6.43,6.43,6.43,6.43,6.43,6.43,6.43,6.43,6.43,6.43,6.44,6.45,6.46,6.47,6.48,6.49,6.5,6.51,6.52,6.53,2700,4300,8100,48500,73400,87869,88900,30600,56700,58800,6.44,6.43,6.42,6.41,6.4,6.39,6.38,6.37,6.36,6.35,113520,80500,81900,81500,45700,5800,45600,14400,7600,35000,3,95,3,7,30,4,16,5,1,2,1,2,3,0,5,8,11,3,3,2,5437.375,3881.818181818182,172180.8108108108,94112.5,0.0,198612.92682926828,1825573.3333333333,-1,-1,-1,160176.25,32025.0,-1,-1,-1,-1,-1,-1,-1,-1,595,1053649,6.4622911709687,6808986.63,166,25524830,3,6400,6.4622911709687,41152.0,0,-1,-1,43982.59404373107
20230612093751000,6.43,6.43,6.43,6.43,6.43,6.43,6.43,6.43,6.43,6.43,6.44,6.45,6.46,6.47,6.48,6.49,6.5,6.51,6.52,6.53,2800,4300,8100,48500,73400,87869,89400,30600,56700,58800,6.44,6.43,6.42,6.41,6.4,6.39,6.38,6.37,6.36,6.35,113520,80500,81900,91500,45700,5800,45600,14400,7600,35000,3,95,3,7,30,4,16,5,1,2,1,2,3,0,5,8,11,3,3,2,5437.375,3881.818181818182,172180.8108108108,94112.5,0.0,198612.92682926828,1825573.3333333333,-1,-1,-1,160176.25,32025.0,-1,-1,-1,-1,-1,-1,-1,-1,595,1053649,6.4622911709687,6808986.63,166,25524830,0,0,-1,0.0,0,-1,-1,46985.052971164565
20230612093754000,6.43,6.43,6.43,6.43,6.43,6.43,6.43,6.43,6.43,6.43,6.44,6.45,6.46,6.47,6.48,6.49,6.5,6.51,6.52,6.53,2900,4300,8100,48500,73400,87869,89900,30600,56700,58800,6.44,6.43,6.42,6.41,6.4,6.39,6.38,6.37,6.36,6.35,71420,38500,81900,91500,45700,5800,45600,14400,7600,35000,3,95,3,7,30,4,16,5,1,2,1,2,3,0,5,8,11,3,3,2,5437.375,3881.818181818182,172180.8108108108,94112.5,0.0,198612.92682926828,1825573.3333333333,-1,-1,-1,160176.25,32025.0,-1,-1,-1,-1,-1,-1,-1,-1,599,1095749,6.461050505179562,7079689.63,166,25524830,4,42100,6.461050505179562,270703.0,0,-1,-1,40690.92858849768
20230612093757000,6.43,6.43,6.43,6.43,6.43,6.43,6.43,6.43,6.43,6.43,6.43,6.44,6.45,6.46,6.47,6.48,6.49,6.5,6.51,6.52,11100,2900,4300,8100,48500,73400,87869,89900,30600,56700,6.44,6.43,6.42,6.41,6.4,6.39,6.38,6.37,6.36,6.35,59720,27300,81900,92500,45700,5800,45600,14400,7600,35000,3,95,3,7,30,4,16,5,1,2,1,2,3,0,5,8,11,3,3,2,788.7619047619048,5437.375,3881.818181818182,172180.8108108108,94112.5,0.0,198612.92682926828,1825573.3333333333,-1,-1,160176.25,27325.925925925927,-1,-1,-1,-1,-1,-1,-1,-1,605,1107449,6.4607224621630435,7154920.63,171,25558080,6,11700,6.43,75231.0,5,33250,6650.0,36731.25980763103
20230612093800000,6.43,6.43,6.43,6.43,6.43,6.43,6.43,6.43,6.43,6.43,6.43,6.44,6.45,6.46,6.47,6.48,6.49,6.5,6.51,6.52,12200,2900,4300,8100,48500,73400,87869,89900,30600,56700,6.44,6.43,6.42,6.41,6.4,6.39,6.38,6.37,6.36,6.35,55720,27300,81900,92500,45700,5800,45600,14400,7600,35000,3,95,3,7,30,4,16,5,1,2,1,2,3,0,5,8,11,3,3,2,805.7547169811321,5437.375,3881.818181818182,172180.8108108108,94112.5,0.0,198612.92682926828,1825573.3333333333,-1,-1,160176.25,26350.0,-1,-1,-1,-1,-1,-1,-1,-1,607,1111449,6.460611894922754,7180640.63,172,25560670,2,4000,6.43,25720.0,1,2590,2590.0,36604.75630277203
20230612093803000,6.43,6.42,6.42,6.42,6.42,6.42,6.42,6.42,6.42,6.42,6.43,6.44,6.45,6.46,6.47,6.48,6.49,6.5,6.51,6.52,14200,2700,4300,8100,48500,73400,87869,93400,30600,56700,6.44,6.43,6.42,6.41,6.4,6.39,6.38,6.37,6.36,6.35,55520,27100,81800,93500,45700,5800,45600,14400,7600,35000,3,95,3,7,30,4,16,5,1,2,1,2,3,0,5,8,11,3,3,2,805.7547169811321,5437.375,3881.818181818182,172180.8108108108,94112.5,0.0,198612.92682926828,1825573.3333333333,-1,-1,160176.25,26350.0,-1,-1,-1,-1,-1,-1,-1,-1,608,1111649,6.460604588318795,7181924.63,172,25560670,1,200,6.460604588318795,1284.0,0,-1,-1,36816.20882786363
20230612093806000,6.42,6.43,6.43,6.43,6.43,6.42,6.42,6.43,6.42,6.43,6.43,6.44,6.45,6.46,6.47,6.48,6.49,6.5,6.51,6.52,13600,2700,4300,7500,48500,73400,87869,93400,30600,56700,6.44,6.43,6.42,6.41,6.4,6.39,6.38,6.37,6.36,6.35,55420,25400,81800,93500,45700,7800,45600,14400,7600,35000,3,95,3,7,30,4,16,5,1,2,1,2,3,0,5,8,11,3,3,2,2962.566371681416,5437.375,3881.818181818182,172180.8108108108,94112.5,0.0,198612.92682926828,1825573.3333333333,-1,-1,142378.88888888888,26350.0,-1,-1,-1,-1,-1,-1,-1,-1,617,1113349,6.460556959228418,7192854.63,179,25810030,9,1700,6.429411764705883,10930.0,7,249360,35622.857142857145,36834.456000079655
20230612093809000,6.43,6.42,6.42,6.42,6.42,6.43,6.43,6.43,6.42,6.42,6.43,6.44,6.45,6.46,6.47,6.48,6.49,6.5,6.51,6.52,22700,2700,4300,7500,48500,73400,87869,93400,30600,56700,6.44,6.43,6.42,6.41,6.4,6.39,6.38,6.37,6.36,6.35,44020,14300,72000,95100,45700,7800,45600,14400,7600,35000,3,95,3,7,30,4,16,5,1,2,1,2,3,0,5,8,11,3,3,2,2962.566371681416,5437.375,3881.818181818182,172180.8108108108,94112.5,0.0,198612.92682926828,1825573.3333333333,-1,-1,142378.88888888888,25441.379310344826,-1,-1,-1,-1,-1,-1,-1,-1,619,1124749,6.4605487276511715,7266045.63,179,25810030,2,11400,6.4605487276511715,73191.0,0,-1,-1,35021.545772263824
20230612093812000,6.43,6.42,6.42,6.42,6.42,6.42,6.42,6.42,6.42,6.42,6.43,6.44,6.45,6.46,6.47,6.48,6.49,6.5,6.51,6.52,22700,2700,4300,7500,48500,73400,87869,93400,30600,56700,6.44,6.43,6.42,6.41,6.4,6.39,6.38,6.37,6.36,6.35,44020,14300,72000,95100,45700,7800,45600,14400,7600,35000,3,95,3,7,30,4,16,5,1,2,1,2,3,0,5,8,11,3,3,2,2962.566371681416,5437.375,3881.818181818182,172180.8108108108,94112.5,0.0,198612.92682926828,1825573.3333333333,-1,-1,142378.88888888888,25441.379310344826,-1,-1,-1,-1,-1,-1,-1,-1,619,1124749,6.4605487276511715,7266045.63,179,25810030,0,0,-1,0.0,0,-1,-1,35021.545772263824
20230612093815000,6.43,6.42,6.42,6.42,6.42,6.42,6.42,6.42,6.42,6.42,6.43,6.44,6.45,6.46,6.47,6.48,6.49,6.5,6.51,6.52,22700,2700,4300,7500,48500,73400,88869,93400,30600,56700,6.44,6.43,6.42,6.41,6.4,6.39,6.38,6.37,6.36,6.35,44020,14300,72400,95100,45700,7800,45600,14400,7600,35000,3,95,3,7,30,4,16,5,1,2,1,2,3,0,5,8,11,3,3,2,2962.566371681416,5437.375,3881.818181818182,172180.8108108108,94112.5,0.0,198612.92682926828,1825573.3333333333,-1,-1,142378.88888888888,25441.379310344826,-1,-1,-1,-1,-1,-1,-1,-1,619,1124749,6.4605487276511715,7266045.63,179,25810030,0,0,-1,0.0,0,-1,-1,35650.843207344275
20230612093818000,6.42,6.42,6.42,6.42,6.42,6.42,6.42,6.42,6.42,6.42,6.43,6.44,6.45,6.46,6.47,6.48,6.49,6.5,6.51,6.52,22800,2700,4300,6000,48500,73400,148769,93400,30600,56700,6.44,6.43,6.42,6.41,6.4,6.39,6.38,6.37,6.36,6.35,43920,14200,72300,95100,45700,7800,45600,14400,7600,35000,3,95,3,7,30,4,16,5,1,2,1,2,3,0,5,8,11,3,3,2,2962.566371681416,5437.375,3881.818181818182,172180.8108108108,94112.5,0.0,198612.92682926828,1825573.3333333333,-1,-1,142378.88888888888,25441.379310344826,-1,-1,-1,-1,-1,-1,-1,-1,620,1124849,6.4605487276511715,7266687.63,179,25810030,1,100,6.4605487276511715,642.0,0,-1,-1,37647.52852676438
20230612093821000,6.42,6.42,6.42,6.42,6.42,6.42,6.42,6.42,6.42,6.42,6.43,6.44,6.45,6.46,6.47,6.48,6.49,6.5,6.51,6.52,22800,2700,4300,6000,33900,73400,148769,93400,30600,56700,6.44,6.43,6.42,6.41,6.4,6.39,6.38,6.37,6.36,6.35,40520,10800,68900,95100,46700,7800,46600,14400,7600,35000,3,95,3,7,30,4,16,5,1,2,1,2,3,0,5,8,11,3,3,2,2962.566371681416,5437.375,3881.818181818182,172180.8108108108,94112.5,0.0,198612.92682926828,1825573.3333333333,-1,-1,142378.88888888888,25441.379310344826,-1,-1,-1,-1,-1,-1,-1,-1,621,1128249,6.4605487276511715,7288515.63,179,25810030,1,3400,6.4605487276511715,21828.0,0,-1,-1,36294.03959893261
20230612093824000,6.42,6.42,6.42,6.42,6.42,6.42,6.42,6.42,6.42,6.42,6.43,6.44,6.45,6.46,6.47,6.48,6.49,6.5,6.51,6.52,22900,2700,4300,6000,33300,73400,148769,93400,30600,56700,6.44,6.43,6.42,6.41,6.4,6.39,6.38,6.37,6.36,6.35,39420,9700,67800,95100,46700,7800,46600,14400,8300,35000,3,95,3,7,30,4,16,5,1,2,1,2,3,0,5,8,11,3,3,2,2962.566371681416,5437.375,3881.818181818182,172180.8108108108,94112.5,0.0,198612.92682926828,1825573.3333333333,-1,-1,142378.88888888888,25441.379310344826,-1,-1,-1,-1,-1,-1,-1,-1,623,1129349,6.4605487276511715,7295577.63,179,25810030,2,1100,6.4605487276511715,7062.0,0,-1,-1,36090.644266767566
20230612093827000,6.42,6.42,6.42,6.42,6.42,6.42,6.42,6.42,6.42,6.42,6.43,6.44,6.45,6.46,6.47,6.48,6.49,6.5,6.51,6.52,25100,2700,6300,6000,33300,73400,148769,93400,30600,56700,6.44,6.42,6.41,6.4,6.39,6.38,6.37,6.36,6.35,6.34,25520,58100,95100,51800,7800,46600,14400,8300,35000,1500,3,95,3,7,30,4,16,5,1,2,1,2,3,0,5,8,11,3,3,2,2962.566371681416,5437.375,3881.818181818182,172180.8108108108,94112.5,0.0,198612.92682926828,1825573.3333333333,-1,-1,142378.88888888888,614280.0,-1,-1,-1,-1,-1,-1,-1,-1,625,1143249,6.459686329205369,7384815.63,180,26424310,2,13900,6.42,89238.0,1,614280,614280.0,36353.04071411502
20230612093830000,6.42,6.42,6.42,6.42,6.42,6.42,6.42,6.42,6.42,6.42,6.43,6.44,6.45,6.46,6.47,6.48,6.49,6.5,6.51,6.52,27400,2700,6300,5900,33300,73400,148769,93400,30600,56700,6.44,6.42,6.41,6.4,6.39,6.38,6.37,6.36,6.35,6.34,25520,58500,95100,51800,9800,46600,16000,8300,41000,1500,3,95,3,7,30,4,16,5,1,2,1,2,3,0,5,8,11,3,3,2,2962.566371681416,5437.375,3881.818181818182,172180.8108108108,94112.5,0.0,198612.92682926828,1825573.3333333333,-1,-1,142378.88888888888,614280.0,-1,-1,-1,-1,-1,-1,-1,-1,625,1143249,6.459686329205369,7384815.63,180,26424310,0,0,-1,0.0,0,-1,-1,37195.7561832882
20230612093833000,6.42,6.43,6.43,6.43,6.43,6.43,6.43,6.43,6.43,6.43,6.43,6.44,6.45,6.46,6.47,6.48,6.49,6.5,6.51,6.52,25800,2700,6300,5900,33300,73400,148769,93400,30600,56700,6.44,6.42,6.41,6.4,6.39,6.38,6.37,6.36,6.35,6.34,23920,68500,95100,51800,9800,46600,16000,8300,41000,1500,3,95,3,7,30,4,16,5,1,2,1,2,3,0,5,8,11,3,3,2,2962.566371681416,5437.375,3881.818181818182,172180.8108108108,94112.5,0.0,198612.92682926828,1825573.3333333333,-1,-1,142378.88888888888,614280.0,-1,-1,-1,-1,-1,-1,-1,-1,626,1144849,6.459488558115296,7395103.63,180,26424310,1,1600,6.459488558115296,10288.0,0,-1,-1,36906.60531503903
20230612093836000,6.42,6.43,6.43,6.43,6.43,6.43,6.43,6.43,6.43,6.43,6.43,6.44,6.45,6.46,6.47,6.48,6.49,6.5,6.51,6.52,31400,2700,6300,5900,33300,73400,148769,93400,30600,60700,6.44,6.42,6.41,6.4,6.39,6.38,6.37,6.36,6.35,6.34,23920,69500,95100,51800,14800,47100,16000,8300,41000,1500,3,95,3,7,30,4,16,5,1,2,1,2,3,0,5,8,11,3,3,2,2962.566371681416,5437.375,3881.818181818182,172180.8108108108,94112.5,0.0,198612.92682926828,1825573.3333333333,-1,-1,142378.88888888888,614280.0,-1,-1,-1,-1,-1,-1,-1,-1,626,1144849,6.459488558115296,7395103.63,180,26424310,0,0,-1,0.0,0,-1,-1,38670.4106758802
20230612093839000,6.43,6.43,6.43,6.43,6.43,6.43,6.43,6.43,6.43,6.43,6.43,6.44,6.45,6.46,6.47,6.48,6.49,6.5,6.51,6.52,25800,2700,6300,5900,33300,73400,148769,93400,30600,60700,6.44,6.42,6.41,6.4,6.39,6.38,6.37,6.36,6.35,6.34,17320,79500,95100,51800,14800,47100,16000,8300,41000,1500,3,95,3,7,30,4,16,5,1,2,1,2,3,0,5,8,11,3,3,2,2962.566371681416,5437.375,3881.818181818182,172180.8108108108,94112.5,0.0,198612.92682926828,1825573.3333333333,-1,-1,142378.88888888888,614280.0,-1,-1,-1,-1,-1,-1,-1,-1,627,1151449,6.459488558115296,7437541.63,180,26424310,1,6600,6.459488558115296,42438.0,0,-1,-1,38049.3934702087
20230612093842000,6.43,6.43,6.43,6.43,6.43,6.43,6.43,6.43,6.43,6.43,6.43,6.44,6.45,6.46,6.47,6.48,6.49,6.5,6.51,6.52,23300,2700,6300,5900,33300,73400,148769,93400,30600,60700,6.44,6.42,6.41,6.4,6.39,6.38,6.37,6.36,6.35,6.34,14820,81000,95100,51800,14800,47100,16000,8300,41000,1500,3,95,3,7,30,4,16,5,1,2,1,2,3,0,5,8,11,3,3,2,3225.438596491228,5437.375,3881.818181818182,172180.8108108108,94112.5,0.0,198612.92682926828,1825573.3333333333,-1,-1,142378.88888888888,614280.0,-1,-1,-1,-1,-1,-1,-1,-1,630,1153949,6.4592253470474,7453616.63,181,26457240,3,2500,6.43,16075.0,1,32930,32930.0,37591.68078899156
