timestamp,preclose,open,high,low,close,preclose_range,open_range,high_range,low_range,close_range,ask_price_0,ask_price_1,ask_price_2,ask_price_3,ask_price_4,ask_price_5,ask_price_6,ask_price_7,ask_price_8,ask_price_9,ask_volume_0,ask_volume_1,ask_volume_2,ask_volume_3,ask_volume_4,ask_volume_5,ask_volume_6,ask_volume_7,ask_volume_8,ask_volume_9,bid_price_0,bid_price_1,bid_price_2,bid_price_3,bid_price_4,bid_price_5,bid_price_6,bid_price_7,bid_price_8,bid_price_9,bid_volume_0,bid_volume_1,bid_volume_2,bid_volume_3,bid_volume_4,bid_volume_5,bid_volume_6,bid_volume_7,bid_volume_8,bid_volume_9,ask_order_num_0,ask_order_num_1,ask_order_num_2,ask_order_num_3,ask_order_num_4,ask_order_num_5,ask_order_num_6,ask_order_num_7,ask_order_num_8,ask_order_num_9,bid_order_num_0,bid_order_num_1,bid_order_num_2,bid_order_num_3,bid_order_num_4,bid_order_num_5,bid_order_num_6,bid_order_num_7,bid_order_num_8,bid_order_num_9,ask_order_stale_0,ask_order_stale_1,ask_order_stale_2,ask_order_stale_3,ask_order_stale_4,ask_order_stale_5,ask_order_stale_6,ask_order_stale_7,ask_order_stale_8,ask_order_stale_9,bid_order_stale_0,bid_order_stale_1,bid_order_stale_2,bid_order_stale_3,bid_order_stale_4,bid_order_stale_5,bid_order_stale_6,bid_order_stale_7,bid_order_stale_8,bid_order_stale_9,order_num,volume,VWAP,amount,passive_num,passive_stale_total,order_num_range,volume_range,VWAP_range,amount_range,passive_num_range,passive_stale_total_range,passive_stale_avg_range,depth
20230828093006000,6.48,6.48,6.48,6.48,6.48,6.49,6.49,6.5,6.46,6.48,6.46,6.48,6.49,6.5,6.51,6.52,6.53,6.54,6.55,6.56,2800,2000,16700,59000,23700,9100,8600,19300,15100,6000,6.45,6.44,6.4,6.38,6.37,6.36,6.35,6.31,6.3,6.28,35000,50000,300,1200,5000,39100,12900,3700,57400,10500,9,2,32,17,7,6,5,65,5,13,36,0,1,26,2,0,2,2,8,1,42721.11111111111,66470.5982905983,284.8780487804878,732638.0,-1,-1,-1,-1,-1,-1,-1,-1,-1,-1,-1,-1,-1,-1,-1,-1,270,787026,6.483353578634802,5102564.4799999995,71,9880140,44,82100,6.4805968331303285,532057.0,12,1430,119.16666666666667,18352.17161860762
20230828093009000,6.48,6.48,6.48,6.48,6.48,6.48,6.48,6.49,6.46,6.48,6.48,6.49,6.5,6.51,6.52,6.53,6.54,6.55,6.56,6.57,10300,21600,60700,23700,12100,9100,19700,15100,11000,6900,6.45,6.44,6.4,6.38,6.37,6.36,6.35,6.33,6.31,6.3,37200,50000,300,1200,5000,39100,12900,5500,3700,57400,14,2,32,20,9,6,5,73,6,15,37,0,1,28,2,0,3,2,8,1,63244.06504065041,278.0952380952381,732638.0,-1,-1,-1,-1,-1,-1,-1,-1,-1,-1,-1,-1,-1,-1,-1,-1,-1,286,806626,6.483247992456275,5229535.4799999995,76,9881770,16,19600,6.478112244897959,126971.0,5,1630,326.0,18825.126453719928
20230828093012000,6.47,6.47,6.47,6.47,6.47,6.48,6.48,6.48,6.44,6.47,6.47,6.48,6.49,6.5,6.51,6.52,6.53,6.54,6.55,6.56,1400,29500,25700,68800,23700,12100,19100,19700,16500,11000,6.45,6.44,6.4,6.39,6.38,6.37,6.36,6.35,6.33,6.31,30800,48800,5300,4000,1200,5000,39100,12900,5500,23700,22,2,35,24,9,6,5,76,6,15,37,0,2,28,2,0,3,2,8,1,207.33333333333334,62746.6129032258,278.0952380952381,732638.0,-1,-1,-1,-1,-1,-1,0.0,-1,-1,-1,-1,-1,-1,-1,-1,-1,306,822926,6.4828431427437785,5334883.4799999995,82,9886130,20,16300,6.463067484662576,105348.0,6,4360,726.6666666666666,21129.995419786515
20230828093015000,6.47,6.47,6.47,6.47,6.47,6.47,6.47,6.47,6.45,6.47,6.47,6.48,6.49,6.5,6.51,6.52,6.53,6.54,6.55,6.56,49900,35500,52300,69300,26200,12100,19100,19700,16500,11000,6.45,6.44,6.4,6.39,6.38,6.37,6.36,6.35,6.33,6.31,30700,48900,6600,4000,1200,5000,39100,12900,5500,23700,30,2,36,25,9,8,5,78,6,15,37,0,2,28,2,0,3,2,8,1,194.375,62746.6129032258,278.0952380952381,732638.0,-1,-1,-1,-1,-1,-1,0.0,-1,-1,-1,-1,-1,-1,-1,-1,-1,311,837926,6.4825909209166435,5431931.4799999995,83,9886580,5,15000,6.469866666666666,97048.0,1,450,450.0,30468.714154851037
20230828093018000,6.44,6.44,6.44,6.44,6.44,6.47,6.47,6.47,6.44,6.44,6.46,6.47,6.48,6.49,6.5,6.51,6.52,6.53,6.54,6.55,14900,100000,37700,52600,69300,27700,12100,19100,19700,16500,6.45,6.44,6.4,6.39,6.38,6.37,6.36,6.35,6.33,6.31,12700,39500,6600,4000,1200,5000,39100,12900,5500,23700,33,2,36,25,15,8,5,79,6,15,37,0,2,28,2,0,3,2,8,1,42721.11111111111,194.375,62746.6129032258,278.0952380952381,732638.0,-1,-1,-1,-1,-1,0.0,-1,-1,-1,-1,-1,-1,-1,-1,-1,321,859726,6.481730918517448,5572437.4799999995,83,9886580,10,21800,6.481730918517448,140506.0,0,-1,-1,29886.403735861073
20230828093021000,6.46,6.47,6.47,6.47,6.47,6.46,6.46,6.47,6.44,6.47,6.44,6.45,6.46,6.47,6.48,6.49,6.5,6.51,6.52,6.53,8100,2700,10100,55900,69600,82400,69300,27700,12100,19100,6.45,6.44,6.43,6.4,6.39,6.38,6.37,6.36,6.35,6.33,2000,34400,800,6600,4000,1200,5000,39100,12900,5500,35,2,36,25,15,8,5,80,6,15,37,0,2,28,2,0,3,2,8,1,15449.166666666666,81389.0,42721.11111111111,194.375,62746.6129032258,278.0952380952381,732638.0,-1,-1,-1,200.0,0.0,-1,-1,-1,-1,-1,-1,-1,-1,338,877826,6.480938184686728,5689127.4799999995,85,9887560,17,18100,6.446961325966851,116690.0,2,980,490.0,19517.859845467578
20230828093024000,6.44,6.44,6.44,6.44,6.44,6.44,6.44,6.44,6.44,6.44,6.44,6.45,6.46,6.47,6.48,6.49,6.5,6.51,6.52,6.53,10100,4700,15100,55900,46900,82400,69300,27700,12100,19100,6.45,6.44,6.43,6.4,6.39,6.38,6.37,6.36,6.35,6.33,1600,34400,7300,6600,4000,1200,5000,39100,12900,5500,36,2,36,25,16,8,5,80,6,15,37,0,3,28,2,0,3,2,8,1,15449.166666666666,81389.0,42721.11111111111,194.375,62746.6129032258,278.0952380952381,732638.0,-1,-1,-1,200.0,0.0,-1,-1,-1,-1,-1,-1,-1,-1,342,878226,6.480938184686728,5691703.4799999995,85,9887560,4,400,6.480938184686728,2576.0,0,-1,-1,20385.31245021507
20230828093027000,6.44,6.43,6.43,6.43,6.43,6.45,6.45,6.45,6.43,6.43,6.44,6.45,6.46,6.47,6.48,6.49,6.5,6.51,6.52,6.53,1300,400,15100,61000,46900,82400,69300,27700,12100,19100,6.44,6.43,6.4,6.39,6.38,6.37,6.36,6.35,6.33,6.31,26190,1690,6600,4000,1200,5000,39100,12900,5500,23700,36,2,36,25,16,8,5,80,6,15,37,0,3,28,2,0,4,2,8,1,15449.166666666666,74358.18181818182,42721.11111111111,194.375,62746.6129032258,278.0952380952381,732638.0,-1,-1,-1,92.0,-1,-1,-1,-1,-1,-1,-1,-1,-1,348,896336,6.480478212632464,5808306.779999999,88,9892990,6,18110,6.438614025400321,116603.29999999981,3,5430,1810.0,18101.972478891188
20230828093030000,6.43,6.44,6.44,6.44,6.44,6.44,6.44,6.44,6.43,6.44,6.44,6.45,6.46,6.47,6.48,6.49,6.5,6.51,6.52,6.53,10900,400,15100,65400,47900,82300,69300,27700,12100,19100,6.44,6.43,6.42,6.4,6.39,6.38,6.37,6.36,6.35,6.33,18890,1290,1900,6600,4000,1200,5000,39100,12900,5500,37,2,36,25,16,8,5,81,6,15,37,0,3,28,2,0,4,2,8,1,8427.391304347826,74358.18181818182,42721.11111111111,194.375,62746.6129032258,278.0952380952381,732638.0,-1,-1,-1,72.63157894736842,-1,-1,-1,-1,-1,-1,-1,-1,-1,366,909136,6.479486875450977,5890734.779999999,99,9901430,18,12800,6.4396875,82428.0,11,8440,767.2727272727273,19729.761430619725
20230828093033000,6.43,6.44,6.44,6.44,6.44,6.44,6.44,6.47,6.43,6.44,6.44,6.46,6.47,6.48,6.49,6.5,6.51,6.52,6.53,6.54,6900,7100,57400,47900,82300,69300,27700,12100,19100,19700,6.44,6.42,6.4,6.39,6.38,6.37,6.36,6.35,6.33,6.31,20090,1900,6600,4000,1200,5000,39100,12900,5500,23700,37,2,36,25,16,8,5,81,6,15,37,0,3,28,2,0,4,2,8,1,8076.25,42721.11111111111,2269.0,62746.6129032258,278.0952380952381,732638.0,-1,-1,-1,-1,47.58620689655172,-1,-1,-1,-1,-1,-1,-1,-1,-1,385,926736,6.479015361440582,6004336.779999999,104,9949160,19,17600,6.454659090909091,113602.0,5,47730,9546.0,22044.3792815039
20230828093036000,6.46,6.46,6.46,6.46,6.46,6.45,6.45,6.46,6.44,6.46,6.44,6.45,6.46,6.47,6.48,6.49,6.5,6.51,6.52,6.53,3800,1200,6500,57400,47900,82300,70300,27700,12100,19100,6.45,6.44,6.43,6.42,6.4,6.39,6.38,6.37,6.36,6.35,700,22090,-1100,1900,6600,4000,1200,5000,39100,12900,37,2,36,26,16,8,5,81,6,15,37,0,3,28,2,0,5,2,8,1,7455.0,63338.46153846154,42721.11111111111,2269.0,62746.6129032258,278.0952380952381,732638.0,-1,-1,-1,153.33333333333334,47.58620689655172,-1,-1,-1,-1,-1,-1,-1,-1,393,930036,6.478945567832445,6025626.779999999,105,9949220,8,3300,6.451515151515151,21290.0,1,60,60.0,20099.506133503266
20230828093039000,6.45,6.44,6.44,6.44,6.44,6.44,6.44,6.45,6.44,6.44,6.46,6.47,6.48,6.49,6.5,6.51,6.52,6.53,6.54,6.55,6500,57400,47900,82300,70300,27700,12100,19100,19700,18000,6.44,6.43,6.42,6.41,6.4,6.39,6.38,6.37,6.36,6.35,23590,-1100,1900,3200,6600,4000,1200,5000,39100,12900,37,2,36,26,16,8,5,82,6,15,37,0,3,28,2,0,5,2,8,1,42721.11111111111,2269.0,62746.6129032258,278.0952380952381,732638.0,-1,-1,-1,-1,-1,47.58620689655172,-1,-1,-1,-1,-1,-1,-1,-1,-1,406,939336,6.4786378215380935,6085559.779999999,110,9959550,13,9300,6.444408602150538,59933.0,5,10330,2066.0,20651.291421061014
20230828093042000,6.44,6.45,6.45,6.45,6.45,6.44,6.44,6.45,6.44,6.45,6.45,6.46,6.47,6.48,6.49,6.5,6.51,6.52,6.53,6.54,38800,6500,57400,62900,82300,70300,27700,12100,19100,19700,6.44,6.43,6.41,6.4,6.39,6.38,6.37,6.36,6.35,6.33,20090,-1100,3200,6600,4000,1200,5000,39100,12900,5500,38,2,36,26,17,8,5,82,6,15,37,0,3,28,2,0,5,2,8,1,46318.333333333336,42721.11111111111,2269.0,62746.6129032258,278.0952380952381,732638.0,-1,-1,-1,-1,47.58620689655172,-1,-1,-1,-1,-1,-1,-1,-1,-1,413,942936,6.478429904044388,6108744.779999999,110,9959550,7,3600,6.478429904044388,23185.0,0,-1,-1,26166.84423291381
20230828093045000,6.43,6.44,6.44,6.44,6.44,6.44,6.44,6.44,6.43,6.44,6.44,6.45,6.46,6.47,6.48,6.49,6.5,6.51,6.52,6.53,4400,40100,6500,57400,62900,82300,72700,27700,12100,19100,6.45,6.44,6.41,6.4,6.39,6.38,6.37,6.36,6.35,6.33,2600,11090,3200,8200,4000,1200,5000,39100,12900,5500,38,2,36,27,17,8,5,83,6,15,37,0,3,28,2,0,7,2,8,1,5538.0,46318.333333333336,42721.11111111111,2269.0,62746.6129032258,278.0952380952381,732638.0,-1,-1,-1,35.38461538461539,46.0,-1,-1,-1,-1,-1,-1,-1,-1,423,952336,6.478429904044388,6169249.779999999,110,9959550,10,9400,6.478429904044388,60505.0,0,-1,-1,21752.89748287399
20230828093048000,6.46,6.46,6.46,6.46,6.46,6.46,6.44,6.46,6.44,6.46,6.47,6.48,6.49,6.5,6.51,6.52,6.53,6.54,6.55,6.56,57400,62900,82300,74700,27700,12100,19100,19700,16000,11000,6.44,6.43,6.41,6.4,6.39,6.38,6.37,6.36,6.35,6.33,24590,-1200,3200,8200,4000,1200,5000,39100,12900,5500,38,2,36,28,17,8,5,83,6,15,37,0,3,28,2,0,7,2,8,1,2269.0,62746.6129032258,278.0952380952381,732638.0,-1,-1,-1,-1,-1,-1,46.0,-1,-1,-1,-1,-1,-1,-1,-1,-1,436,1038636,6.478429904044388,6726747.779999999,110,9959550,13,86300,6.478429904044388,557498.0,0,-1,-1,26125.813485741597
20230828093051000,6.45,6.45,6.45,6.45,6.45,6.45,6.45,6.46,6.45,6.45,6.46,6.47,6.48,6.49,6.5,6.51,6.52,6.53,6.54,6.55,34800,57400,62900,82300,73700,27700,12100,19100,19700,16000,6.44,6.43,6.41,6.4,6.39,6.38,6.37,6.36,6.35,6.33,24590,-1200,3200,8200,4000,1200,5000,39100,12900,5500,38,2,36,28,24,8,5,83,6,16,37,0,3,28,2,0,7,2,8,1,29576.153846153848,2269.0,62746.6129032258,278.0952380952381,732638.0,-1,-1,-1,-1,-1,46.0,-1,-1,-1,-1,-1,-1,-1,-1,-1,441,1052536,6.478429904044388,6816411.779999999,110,9959550,5,13900,6.478429904044388,89664.0,0,-1,-1,30058.922454994423
20230828093054000,6.45,6.45,6.45,6.45,6.45,6.45,6.45,6.45,6.45,6.45,6.46,6.47,6.48,6.49,6.5,6.51,6.52,6.53,6.54,6.55,42400,66200,62900,82300,73200,27700,12100,19100,19700,16000,6.44,6.43,6.41,6.4,6.39,6.38,6.37,6.36,6.35,6.33,25590,-1100,3600,8200,4000,1200,5000,39100,12900,5500,38,2,36,28,27,8,5,83,6,16,37,0,3,28,2,0,7,2,8,1,29576.153846153848,2269.0,62746.6129032258,278.0952380952381,732638.0,-1,-1,-1,-1,-1,46.0,-1,-1,-1,-1,-1,-1,-1,-1,-1,446,1057036,6.478429904044388,6845436.779999999,110,9959550,5,4500,6.478429904044388,29025.0,0,-1,-1,31707.148120121074
20230828093057000,6.45,6.45,6.45,6.45,6.45,6.45,6.45,6.45,6.45,6.45,6.46,6.47,6.48,6.49,6.5,6.51,6.52,6.53,6.54,6.55,65200,66200,62900,82300,73200,27700,12100,19100,16400,17000,6.44,6.43,6.41,6.4,6.39,6.38,6.37,6.36,6.35,6.33,27090,-1100,3600,8200,4000,1200,5000,39100,12900,5500,38,2,37,28,32,8,5,83,6,16,37,0,3,28,2,0,8,2,8,1,29576.153846153848,2269.0,62746.6129032258,278.0952380952381,732638.0,-1,-1,-1,-1,-1,46.0,-1,-1,-1,-1,-1,-1,-1,-1,-1,455,1081436,6.478429904044388,7002816.779999999,110,9959550,9,24400,6.478429904044388,157380.0,0,-1,-1,35187.85546439382
20230828093100000,6.45,6.45,6.45,6.45,6.45,6.45,6.45,6.45,6.45,6.45,6.45,6.46,6.47,6.48,6.49,6.5,6.51,6.52,6.53,6.54,8700,63800,58400,63000,82300,76700,27700,12100,19100,16400,6.44,6.43,6.41,6.4,6.39,6.38,6.37,6.36,6.35,6.33,27090,5900,3600,8200,4000,1200,5000,39100,12900,5500,39,2,37,29,33,8,5,84,6,16,37,0,3,28,2,0,8,2,8,1,22470.0,29576.153846153848,2269.0,62746.6129032258,278.0952380952381,732638.0,-1,-1,-1,-1,46.0,-1,-1,-1,-1,-1,-1,-1,-1,-1,456,1083336,6.475434934314007,7015071.779999999,110,9959550,1,1900,6.475434934314007,12255.0,0,-1,-1,29010.623108172695
20230828093103000,6.45,6.45,6.45,6.45,6.45,6.47,6.45,6.47,6.44,6.45,6.46,6.47,6.48,6.49,6.5,6.51,6.52,6.53,6.54,6.55,25400,53800,63000,82200,76700,27700,12100,19100,16400,17000,6.45,6.44,6.43,6.41,6.4,6.39,6.38,6.37,6.36,6.35,3600,68990,5900,3600,9100,4000,1200,5000,39100,12900,39,2,37,29,32,8,5,85,6,17,37,0,3,28,2,0,9,2,8,1,31693.333333333332,5612.380952380952,62746.6129032258,278.0952380952381,732638.0,-1,-1,-1,-1,-1,30.666666666666668,46.0,-1,-1,-1,-1,-1,-1,-1,-1,467,1154436,6.474742031035077,7474244.779999999,113,10122940,11,71100,6.458129395218003,459173.0,3,163390,54463.333333333336,30919.581408316073
20230828093106000,6.44,6.44,6.44,6.44,6.44,6.45,6.45,6.45,6.44,6.44,6.44,6.46,6.47,6.48,6.49,6.5,6.51,6.52,6.53,6.54,3200,29600,53800,63000,82000,76700,27700,12100,19100,16400,6.44,6.43,6.41,6.4,6.39,6.38,6.37,6.36,6.35,6.33,50190,5900,3600,9100,4000,1200,5000,41100,12900,5500,39,2,37,29,35,8,5,85,6,17,37,0,3,28,2,0,9,2,8,1,3660.0,31693.333333333332,5612.380952380952,62746.6129032258,278.0952380952381,732638.0,-1,-1,-1,-1,339.4117647058824,-1,-1,-1,-1,-1,-1,-1,-1,-1,477,1182536,6.473629369423002,7655299.779999999,117,10134280,10,28100,6.4432384341637015,181055.0,4,11340,2835.0,27041.768559821572
20230828093109000,6.43,6.43,6.43,6.43,6.43,6.43,6.43,6.43,6.43,6.43,6.43,6.44,6.45,6.46,6.47,6.48,6.49,6.5,6.51,6.52,500,6400,5100,29600,58000,63000,82000,76700,27700,12100,6.44,6.41,6.4,6.39,6.38,6.37,6.36,6.35,6.33,6.31,32490,3600,9100,4000,1200,5000,41100,12900,5500,25500,39,2,37,29,35,9,5,85,6,17,37,0,3,28,2,0,9,2,8,1,0.0,3660.0,21376.0,31693.333333333332,5612.380952380952,62746.6129032258,278.0952380952381,732638.0,-1,-1,339.4117647058824,-1,-1,-1,-1,-1,-1,-1,-1,-1,492,1193936,6.4732308896329585,7728601.779999999,118,10184650,15,11400,6.43,73302.0,1,50370,50370.0,23521.56185279592
20230828093112000,6.43,6.43,6.43,6.43,6.43,6.43,6.43,6.43,6.43,6.43,6.43,6.44,6.45,6.46,6.47,6.48,6.49,6.5,6.51,6.52,5300,7400,7200,29600,58000,63000,82000,89700,27700,12100,6.44,6.41,6.4,6.39,6.38,6.37,6.36,6.35,6.33,6.31,32490,3600,9100,4000,1200,5000,41100,12900,5500,25500,39,2,37,31,35,9,5,85,6,17,37,0,3,28,2,0,9,2,8,1,0.0,3660.0,21376.0,31693.333333333332,5612.380952380952,62746.6129032258,278.0952380952381,732638.0,-1,-1,329.7142857142857,-1,-1,-1,-1,-1,-1,-1,-1,-1,493,1194936,6.473176622011555,7735031.779999999,118,10184650,1,1000,6.473176622011555,6430.0,0,-1,-1,21850.999681376452
20230828093115000,6.43,6.43,6.43,6.43,6.43,6.43,6.43,6.43,6.43,6.43,6.43,6.44,6.45,6.46,6.47,6.48,6.49,6.5,6.51,6.52,8600,7000,8200,32100,58000,48000,82000,90700,27700,12100,6.44,6.41,6.4,6.39,6.38,6.37,6.36,6.35,6.33,6.31,32490,3600,7500,4000,1200,5000,41100,12900,5500,25500,39,2,37,32,36,9,5,85,6,17,37,0,3,28,2,0,9,2,8,1,0.0,3660.0,21376.0,31693.333333333332,5612.380952380952,62746.6129032258,278.0952380952381,732638.0,-1,-1,329.7142857142857,-1,-1,-1,-1,-1,-1,-1,-1,-1,493,1194936,6.473176622011555,7735031.779999999,118,10184650,0,0,-1,0.0,0,-1,-1,21749.3149593755
20230828093118000,6.43,6.42,6.42,6.42,6.42,6.42,6.42,6.42,6.42,6.42,6.42,6.43,6.44,6.45,6.46,6.47,6.48,6.49,6.5,6.51,1100,9400,7000,9200,32100,58000,47000,82000,90700,27700,6.44,6.41,6.4,6.39,6.38,6.37,6.36,6.35,6.33,6.31,25990,3600,7500,4000,1200,5000,41100,12900,5500,25500,39,2,37,32,37,10,5,85,6,17,37,0,3,28,2,0,9,2,8,1,888.0,0.0,3660.0,21376.0,31693.333333333332,5612.380952380952,62746.6129032258,278.0952380952381,732638.0,-1,329.7142857142857,-1,-1,-1,-1,-1,-1,-1,-1,-1,497,1201436,6.473065600165687,7776761.779999999,120,10189090,4,6500,6.42,41730.0,2,4440,2220.0,18766.156205193565
20230828093121000,6.4,6.41,6.42,6.41,6.42,6.4,6.4,6.42,6.4,6.42,6.43,6.44,6.45,6.46,6.47,6.48,6.49,6.5,6.51,6.52,9400,7000,9200,32100,58300,47000,82000,90700,28700,12100,6.44,6.41,6.4,6.39,6.38,6.37,6.36,6.35,6.33,6.31,18690,1700,11300,4000,1200,5000,41100,12900,5500,25500,39,2,37,32,37,10,5,85,6,17,37,0,3,28,2,0,9,2,8,1,0.0,3660.0,21376.0,31693.333333333332,5612.380952380952,62746.6129032258,278.0952380952381,732638.0,-1,-1,329.7142857142857,-1,-1,-1,-1,-1,-1,-1,-1,-1,501,1208736,6.472744964860304,7823607.779999999,122,10192270,4,7300,6.417260273972603,46846.0,2,3180,1590.0,19908.001433805963
20230828093124000,6.42,6.4,6.4,6.4,6.4,6.42,6.41,6.42,6.4,6.4,6.42,6.43,6.44,6.45,6.46,6.47,6.48,6.49,6.5,6.51,600,11900,33000,9200,32100,58400,47000,82000,90700,28700,6.44,6.41,6.4,6.39,6.38,6.37,6.36,6.35,6.33,6.31,8390,600,6900,4000,1200,5000,41100,12900,5500,25500,39,2,37,32,37,10,5,86,6,17,37,0,3,28,2,0,9,2,8,1,1191.6666666666667,0.0,3660.0,21376.0,31693.333333333332,5612.380952380952,62746.6129032258,278.0952380952381,732638.0,-1,329.7142857142857,-1,-1,-1,-1,-1,-1,-1,-1,-1,503,1219036,6.472744964860304,7889622.779999999,122,10192270,2,10300,6.472744964860304,66015.0,0,-1,-1,19040.706149434445
20230828093127000,6.41,6.41,6.41,6.41,6.41,6.41,6.41,6.41,6.41,6.41,6.41,6.42,6.43,6.44,6.45,6.46,6.47,6.48,6.49,6.5,14700,2700,14300,33000,9200,32100,58400,47000,82000,90700,6.44,6.4,6.39,6.38,6.37,6.36,6.35,6.33,6.31,6.3,2690,11100,4000,1200,5000,41100,12900,5500,25500,57400,39,2,37,32,37,10,5,87,6,17,37,0,3,28,2,0,9,2,8,1,13028.888888888889,1191.6666666666667,0.0,3660.0,21376.0,31693.333333333332,5612.380952380952,62746.6129032258,278.0952380952381,732638.0,329.7142857142857,-1,-1,-1,-1,-1,-1,-1,-1,-1,510,1224736,6.4717695859914235,7926159.779999999,124,10192470,7,5700,6.41,36537.0,2,200,100.0,20147.185160108333
20230828093130000,6.4,6.42,6.42,6.42,6.42,6.41,6.41,6.42,6.4,6.42,6.41,6.42,6.43,6.44,6.45,6.46,6.47,6.48,6.49,6.5,12100,13800,21400,33000,11100,31100,58400,47000,82000,90700,6.4,6.39,6.38,6.37,6.36,6.35,6.33,6.31,6.3,6.28,7100,4000,1200,6800,41100,12900,5500,25500,57400,10500,39,2,37,32,37,10,5,87,6,17,37,0,3,28,2,0,9,2,8,1,9771.666666666666,1191.6666666666667,0.0,3660.0,21376.0,31693.333333333332,5612.380952380952,62746.6129032258,278.0952380952381,732638.0,-1,-1,-1,-1,-1,-1,-1,-1,-1,-1,518,1231536,6.471617605351431,7969728.779999999,124,10192470,8,6800,6.471617605351431,43569.0,0,-1,-1,20961.670583081086
20230828093133000,6.42,6.42,6.42,6.42,6.42,6.42,6.42,6.42,6.42,6.42,6.41,6.42,6.43,6.44,6.45,6.46,6.47,6.48,6.49,6.5,12000,18500,21400,34000,11100,31100,58400,47000,82000,90700,6.42,6.4,6.39,6.38,6.37,6.36,6.35,6.33,6.31,6.3,600,21300,4000,1500,6800,41100,12900,5500,25500,57400,39,2,37,32,37,10,5,88,6,17,37,0,3,28,2,0,9,2,8,1,9771.666666666666,1191.6666666666667,0.0,3660.0,21376.0,31693.333333333332,5612.380952380952,62746.6129032258,278.0952380952381,732638.0,0.0,-1,-1,-1,-1,-1,-1,-1,-1,-1,518,1231536,6.471617605351431,7969728.779999999,124,10192470,0,0,-1,0.0,0,-1,-1,22396.910347299658
20230828093136000,6.41,6.41,6.41,6.41,6.41,6.41,6.41,6.42,6.41,6.41,6.41,6.42,6.43,6.44,6.45,6.46,6.47,6.48,6.49,6.5,13400,19100,21400,34000,11100,31100,58400,47000,81900,90700,6.4,6.39,6.38,6.37,6.36,6.35,6.33,6.31,6.3,6.28,21400,5100,11500,6800,41100,12900,5500,25500,57400,10500,39,2,37,32,37,10,5,88,6,17,37,0,3,28,2,0,9,2,8,1,7817.333333333333,1191.6666666666667,0.0,3660.0,21376.0,31693.333333333332,5612.380952380952,62746.6129032258,278.0952380952381,732638.0,-1,-1,-1,-1,-1,-1,-1,-1,-1,-1,524,1234836,6.471299718788617,7990895.779999999,124,10192470,6,3300,6.471299718788617,21167.0,0,-1,-1,24646.67934522861
20230828093139000,6.42,6.42,6.42,6.42,6.42,6.4,6.41,6.42,6.4,6.42,6.41,6.42,6.43,6.44,6.45,6.46,6.47,6.48,6.49,6.5,13700,21900,21400,34000,11100,31100,58400,47000,81900,97900,6.41,6.4,6.39,6.38,6.37,6.36,6.35,6.33,6.31,6.3,17600,16900,5100,11500,6800,41100,12900,5500,25500,57400,39,2,38,33,37,10,5,88,6,17,37,0,3,28,2,0,9,2,8,1,6897.64705882353,2605.714285714286,0.0,3660.0,21376.0,31693.333333333332,5612.380952380952,62746.6129032258,278.0952380952381,732638.0,200.0,-1,-1,-1,-1,-1,-1,-1,-1,-1,530,1246536,6.470619203937952,8065859.779999999,125,10203560,6,11700,6.407179487179487,74964.0,1,11090,11090.0,24746.990003186234
20230828093142000,6.4,6.41,6.41,6.41,6.41,6.41,6.41,6.41,6.4,6.41,6.41,6.42,6.43,6.44,6.45,6.46,6.47,6.48,6.49,6.5,28000,22600,21400,34000,11100,32100,54200,47000,82400,98200,6.41,6.4,6.39,6.38,6.37,6.36,6.35,6.33,6.31,6.3,7200,13100,5100,11500,6800,61100,12900,5500,25500,57400,39,2,38,34,38,10,5,89,6,17,37,0,3,28,2,0,9,2,8,1,6514.444444444444,2605.714285714286,0.0,3660.0,21376.0,31693.333333333332,5612.380952380952,62746.6129032258,278.0952380952381,732638.0,570.0,-1,-1,-1,-1,-1,-1,-1,-1,-1,538,1261236,6.4701415591402975,8160048.779999999,130,10208260,8,14700,6.407414965986394,94189.0,5,4700,940.0,26369.4907997451
20230828093145000,6.41,6.42,6.42,6.42,6.42,6.41,6.41,6.42,6.4,6.42,6.41,6.42,6.43,6.44,6.45,6.46,6.47,6.48,6.49,6.5,33500,24900,22600,34000,11100,32100,54200,47000,82400,98200,6.41,6.4,6.39,6.38,6.37,6.36,6.35,6.33,6.31,6.3,6300,4000,5100,11500,6800,61100,12900,5500,25500,57400,39,2,38,34,38,10,5,90,6,17,37,0,4,28,2,0,9,2,8,1,4690.4,2605.714285714286,0.0,3660.0,21376.0,31693.333333333332,5612.380952380952,62746.6129032258,278.0952380952381,732638.0,570.0,-1,-1,-1,-1,-1,-1,-1,-1,-1,551,1269636,6.469468819732479,8213845.779999999,130,10208260,13,8400,6.469468819732479,53797.0,0,-1,-1,26726.000677075037
20230828093148000,6.4,6.41,6.41,6.41,6.41,6.4,6.4,6.41,6.4,6.41,6.41,6.42,6.43,6.44,6.45,6.46,6.47,6.48,6.49,6.5,58800,24900,22600,34000,10100,32100,54200,49900,82400,98200,6.41,6.4,6.39,6.38,6.37,6.36,6.35,6.33,6.31,6.3,3300,1000,5100,11500,6800,61100,14800,5500,25500,57400,40,2,38,34,38,10,5,91,6,17,37,0,4,28,2,0,9,2,8,1,4690.4,2605.714285714286,0.0,3660.0,21376.0,31693.333333333332,5612.380952380952,62746.6129032258,278.0952380952381,732638.0,518.1818181818181,-1,-1,-1,-1,-1,-1,-1,-1,-1,553,1273436,6.469468819732479,8238173.779999999,130,10208260,2,3800,6.469468819732479,24328.0,0,-1,-1,29777.41855185598
20230828093151000,6.41,6.41,6.41,6.41,6.41,6.41,6.41,6.41,6.41,6.41,6.41,6.42,6.43,6.44,6.45,6.46,6.47,6.48,6.49,6.5,62800,26000,22600,14000,10100,32100,54200,49900,82400,98200,6.41,6.4,6.39,6.38,6.37,6.36,6.35,6.33,6.31,6.3,3300,1000,5100,11500,6800,61100,14800,5500,25500,57400,41,2,38,34,38,10,5,91,6,17,37,0,4,28,2,0,9,2,8,1,4690.4,2605.714285714286,0.0,3660.0,21376.0,31693.333333333332,5612.380952380952,62746.6129032258,278.0952380952381,732638.0,475.0,-1,-1,-1,-1,-1,-1,-1,-1,-1,554,1273936,6.469468819732479,8241378.779999999,130,10208260,1,500,6.469468819732479,3205.0,0,-1,-1,29499.877529074398
20230828093154000,6.41,6.4,6.4,6.4,6.4,6.41,6.41,6.41,6.4,6.4,6.41,6.42,6.43,6.44,6.45,6.46,6.47,6.48,6.49,6.5,60900,26400,22600,14000,10100,32100,54200,49900,82400,98300,6.41,6.4,6.39,6.38,6.37,6.36,6.35,6.33,6.31,6.3,100,900,16000,11500,6800,61100,14800,5500,25500,57400,41,2,38,35,38,10,5,91,6,17,37,0,4,28,2,0,9,2,8,1,4690.4,2605.714285714286,0.0,3660.0,21376.0,31693.333333333332,5612.380952380952,62746.6129032258,278.0952380952381,732638.0,475.0,-1,-1,-1,-1,-1,-1,-1,-1,-1,556,1277136,6.469468819732479,8261889.779999999,130,10208260,2,3200,6.469468819732479,20511.0,0,-1,-1,29365.76290425362
20230828093157000,6.4,6.4,6.4,6.4,6.4,6.4,6.4,6.4,6.4,6.4,6.4,6.41,6.42,6.43,6.44,6.45,6.46,6.47,6.48,6.49,12000,79500,26400,23600,14000,10100,32100,55200,49900,82400,6.39,6.38,6.37,6.36,6.35,6.33,6.31,6.3,6.28,6.27,16000,11500,6800,61100,14800,5500,25500,57400,10500,3000,41,2,38,36,38,10,5,91,6,17,37,0,4,28,2,0,9,2,8,1,30953.46153846154,4690.4,2605.714285714286,0.0,3660.0,21376.0,31693.333333333332,5612.380952380952,62746.6129032258,278.0952380952381,-1,-1,-1,-1,-1,-1,-1,-1,-1,-1,564,1281136,6.469468819732479,8287489.779999999,130,10208260,8,4000,6.469468819732479,25600.0,0,-1,-1,28029.753465031063
20230828093200000,6.4,6.38,6.38,6.38,6.38,6.4,6.4,6.4,6.38,6.38,6.4,6.41,6.42,6.43,6.44,6.45,6.46,6.47,6.48,6.49,5200,78000,21600,23600,14000,10100,32100,55200,49900,82400,6.38,6.37,6.36,6.35,6.33,6.31,6.3,6.28,6.27,6.26,59000,7700,61100,15800,5500,25500,57400,10500,3000,2800,41,2,38,36,38,10,5,91,6,17,37,0,4,28,2,0,9,2,8,1,30953.46153846154,4690.4,2605.714285714286,0.0,3660.0,21376.0,31693.333333333332,5612.380952380952,62746.6129032258,278.0952380952381,0.0,-1,-1,-1,-1,-1,-1,-1,-1,-1,568,1334336,6.468411723286515,8627409.78,130,10208260,4,53200,6.468411723286515,339920.0,0,-1,-1,31301.563246773938
20230828093203000,6.41,6.41,6.41,6.41,6.41,6.4,6.4,6.41,6.4,6.41,6.41,6.42,6.43,6.44,6.45,6.46,6.47,6.48,6.49,6.5,81900,21600,23600,14000,8200,32100,55200,49900,85500,99300,6.4,6.39,6.38,6.37,6.36,6.35,6.33,6.31,6.3,6.28,21100,8200,60900,7700,61100,15800,5500,25500,57400,10500,41,2,38,36,38,10,5,92,6,17,37,0,4,28,2,0,9,2,8,1,4690.4,2605.714285714286,0.0,3660.0,21376.0,31693.333333333332,5612.380952380952,62746.6129032258,278.0952380952381,732638.0,275.0,-1,0.0,-1,-1,-1,-1,-1,-1,-1,590,1377436,6.463700513127288,8903333.78,135,10334600,22,43100,6.401948955916473,275924.0,5,126340,25268.0,37220.63286601879
20230828093206000,6.41,6.41,6.41,6.41,6.41,6.41,6.41,6.42,6.4,6.41,6.42,6.43,6.44,6.45,6.46,6.47,6.48,6.49,6.5,6.51,9100,23100,14000,8200,32100,55200,49900,84500,99300,28700,6.41,6.4,6.39,6.38,6.37,6.36,6.35,6.33,6.31,6.3,34500,47400,8200,61100,6800,61100,15800,5500,25500,57400,41,2,38,36,38,10,5,94,6,17,37,0,4,28,2,0,9,2,8,1,2605.714285714286,0.0,3660.0,21376.0,31693.333333333332,5612.380952380952,62746.6129032258,278.0952380952381,732638.0,-1,259.09090909090907,1093.3333333333333,-1,0.0,-1,-1,-1,-1,-1,-1,619,1473336,6.460998542032995,9518110.78,152,10736720,29,95900,6.410604796663191,614777.0,17,402120,23654.117647058825,30938.149195475547
20230828093209000,6.41,6.41,6.41,6.41,6.41,6.41,6.41,6.41,6.41,6.41,6.42,6.43,6.44,6.45,6.46,6.47,6.48,6.49,6.5,6.51,9100,23100,14000,8200,32100,55200,49900,84500,99300,28700,6.41,6.4,6.39,6.38,6.37,6.36,6.35,6.33,6.31,6.3,19600,47100,8200,61100,6800,61100,15800,5500,25500,57400,41,2,38,36,38,10,5,94,6,17,37,0,4,28,2,0,9,2,8,1,2605.714285714286,0.0,3660.0,21376.0,31693.333333333332,5612.380952380952,62746.6129032258,278.0952380952381,732638.0,-1,434.3478260869565,1093.3333333333333,-1,0.0,-1,-1,-1,-1,-1,-1,625,1488236,6.459761514241387,9613619.78,153,10741010,6,14900,6.41,95509.0,1,4290,4290.0,29446.94121395571
20230828093212000,6.41,6.43,6.43,6.43,6.43,6.43,6.43,6.43,6.43,6.43,6.42,6.43,6.44,6.45,6.46,6.47,6.48,6.49,6.5,6.51,200,17400,14000,8200,32100,55200,49900,84500,99300,28700,6.42,6.41,6.4,6.39,6.38,6.37,6.36,6.35,6.33,6.31,6100,19700,47100,8200,61100,6800,61100,15800,5500,25500,41,2,38,36,38,10,5,94,6,17,37,0,4,28,2,0,9,2,8,1,2605.714285714286,0.0,3660.0,21376.0,31693.333333333332,5612.380952380952,62746.6129032258,278.0952380952381,732638.0,-1,0.0,434.3478260869565,1093.3333333333333,-1,0.0,-1,-1,-1,-1,-1,626,1497136,6.459687592223945,9670846.78,153,10741010,1,8900,6.459687592223945,57227.0,0,-1,-1,27772.494822367367
20230828093215000,6.43,6.44,6.44,6.44,6.44,6.43,6.43,6.44,6.43,6.44,6.43,6.44,6.45,6.46,6.47,6.48,6.49,6.5,6.51,6.52,7400,12700,8200,32100,55200,50900,84500,99800,28700,12100,6.43,6.42,6.41,6.4,6.39,6.38,6.37,6.36,6.35,6.33,8700,8000,20000,45400,8200,61100,6800,61100,15800,5500,42,2,38,37,38,10,5,95,6,17,37,0,4,28,2,0,9,2,8,1,138.05555555555554,3660.0,21376.0,31693.333333333332,5612.380952380952,62746.6129032258,278.0952380952381,732638.0,-1,-1,15225.714285714286,0.0,434.3478260869565,1093.3333333333333,-1,0.0,-1,-1,-1,-1,639,1508436,6.4593964947046025,9743535.78,160,10745990,13,11300,6.4326548672566375,72689.0,7,4980,711.4285714285714,25079.526445754345
20230828093218000,6.43,6.42,6.42,6.42,6.42,6.43,6.43,6.44,6.42,6.42,6.43,6.44,6.45,6.46,6.47,6.48,6.49,6.5,6.51,6.52,3400,12000,8200,32100,55200,50900,84500,102900,28700,12200,6.43,6.42,6.41,6.4,6.39,6.38,6.37,6.36,6.35,6.33,1100,6900,20000,48400,8200,61100,6800,61100,15800,5500,42,2,38,38,38,10,5,96,7,17,37,0,4,28,2,0,9,2,8,1,130.78947368421052,5310.740740740741,21376.0,31693.333333333332,5612.380952380952,62746.6129032258,278.0952380952381,732638.0,-1,-1,11842.222222222223,0.0,434.3478260869565,1093.3333333333333,-1,0.0,-1,-1,-1,-1,648,1518536,6.4591822518531,9808500.78,161,10838790,9,10100,6.432178217821782,64965.0,1,92800,92800.0,24560.687828580532
20230828093221000,6.42,6.43,6.43,6.43,6.43,6.43,6.43,6.43,6.43,6.43,6.43,6.44,6.45,6.46,6.47,6.48,6.49,6.5,6.51,6.52,6300,12000,11500,32100,55200,50900,89400,102900,28700,12200,6.43,6.42,6.41,6.4,6.39,6.38,6.37,6.36,6.35,6.33,1100,6900,20000,48400,8200,61100,6800,61100,15800,5500,42,2,38,38,38,10,5,96,7,17,37,0,4,28,2,0,9,2,8,1,163.33333333333334,5310.740740740741,21376.0,31693.333333333332,5612.380952380952,62746.6129032258,278.0952380952381,732638.0,-1,-1,10658.0,0.0,434.3478260869565,1093.3333333333333,-1,0.0,-1,-1,-1,-1,650,1520436,6.459168805899807,9820717.78,162,10840190,2,1900,6.43,12217.0,1,1400,1400.0,25125.353472996652
20230828093224000,6.43,6.43,6.43,6.43,6.43,6.43,6.43,6.43,6.43,6.43,6.43,6.44,6.45,6.46,6.47,6.48,6.49,6.5,6.51,6.52,10000,13100,11500,32100,55200,50900,89400,102900,28700,12200,6.42,6.41,6.4,6.39,6.38,6.37,6.36,6.35,6.33,6.31,6900,45000,48400,8200,61100,6800,61100,15800,5500,25500,42,2,38,38,38,10,5,96,7,17,37,0,4,28,2,0,9,2,8,1,163.33333333333334,5310.740740740741,21376.0,31693.333333333332,5612.380952380952,62746.6129032258,278.0952380952381,732638.0,-1,-1,0.0,434.3478260869565,1093.3333333333333,-1,0.0,-1,-1,-1,-1,-1,652,1531936,6.459168805899807,9894662.78,162,10840190,2,11500,6.459168805899807,73945.0,0,-1,-1,29401.157001752432
20230828093227000,6.42,6.42,6.42,6.42,6.42,6.43,6.43,6.43,6.42,6.42,6.43,6.44,6.45,6.46,6.47,6.48,6.49,6.5,6.51,6.52,5900,15000,19500,32100,55200,50900,89400,102900,28700,12200,6.43,6.42,6.41,6.4,6.39,6.38,6.37,6.36,6.35,6.33,4700,18700,47000,49600,8200,64100,6800,61100,15800,5500,42,2,38,38,38,10,5,96,7,17,37,0,4,28,2,0,9,2,8,1,163.33333333333334,5310.740740740741,21376.0,31693.333333333332,5612.380952380952,62746.6129032258,278.0952380952381,732638.0,-1,-1,9689.09090909091,0.0,434.3478260869565,1093.3333333333333,-1,0.0,-1,-1,-1,-1,659,1576536,6.4588422687310105,10181039.78,162,10840190,7,44600,6.4588422687310105,286377.0,0,-1,-1,31071.52899474271
20230828093230000,6.44,6.44,6.44,6.44,6.44,6.44,6.44,6.44,6.43,6.44,6.44,6.45,6.46,6.47,6.48,6.49,6.5,6.51,6.52,6.53,3200,19500,30800,55200,50900,89400,100500,28700,12200,19100,6.43,6.42,6.41,6.4,6.39,6.38,6.37,6.36,6.35,6.33,8000,28400,47000,49600,8200,65100,6800,61100,15800,5500,42,2,38,38,38,11,5,96,7,17,37,0,4,28,2,0,9,2,8,1,5310.740740740741,21376.0,31693.333333333332,5612.380952380952,62746.6129032258,278.0952380952381,732638.0,-1,-1,-1,9689.09090909091,0.0,434.3478260869565,1093.3333333333333,-1,0.0,-1,-1,-1,-1,671,1587136,6.4588422687310105,10249291.78,162,10840190,12,10600,6.4588422687310105,68252.0,0,-1,-1,30983.24637565716
20230828093233000,6.44,6.44,6.44,6.44,6.44,6.43,6.43,6.44,6.43,6.44,6.44,6.45,6.46,6.47,6.48,6.49,6.5,6.51,6.52,6.53,3200,29500,32300,55200,50900,89400,100500,28700,12200,19100,6.43,6.42,6.41,6.4,6.39,6.38,6.37,6.36,6.35,6.33,9600,28700,47000,58600,7400,65100,6800,61100,15800,5500,42,2,38,38,39,11,5,96,7,17,37,0,4,28,2,0,9,2,8,1,5177.413793103448,21376.0,31693.333333333332,5612.380952380952,62746.6129032258,278.0952380952381,732638.0,-1,-1,-1,8198.461538461539,0.0,434.3478260869565,1093.3333333333333,-1,0.0,-1,-1,-1,-1,685,1601036,6.457563590075425,10338791.78,166,10853700,14,13900,6.438848920863309,89500.0,4,13510,3377.5,32432.943683288195
20230828093236000,6.44,6.44,6.44,6.43,6.43,6.43,6.44,6.44,6.43,6.43,6.44,6.45,6.46,6.47,6.48,6.49,6.5,6.51,6.52,6.53,3300,29500,32300,55200,50900,89400,102000,28700,12200,19100,6.43,6.42,6.41,6.4,6.39,6.38,6.37,6.36,6.35,6.33,13500,28700,48000,58600,7400,65100,6800,61100,15800,5500,42,2,38,38,40,11,5,96,7,17,37,0,4,28,2,0,9,2,8,1,5177.413793103448,21376.0,31693.333333333332,5612.380952380952,62746.6129032258,278.0952380952381,732638.0,-1,-1,-1,8198.461538461539,0.0,434.3478260869565,1093.3333333333333,-1,0.0,-1,-1,-1,-1,687,1603136,6.457560299649792,10352297.78,167,10854230,2,2100,6.4314285714285715,13506.0,1,530,530.0,32998.75935956667
20230828093239000,6.43,6.44,6.44,6.44,6.44,6.44,6.44,6.44,6.43,6.44,6.44,6.45,6.46,6.47,6.48,6.49,6.5,6.51,6.52,6.53,1700,29500,32300,55200,55400,89400,102200,28700,12200,19100,6.43,6.42,6.41,6.4,6.39,6.38,6.37,6.36,6.35,6.33,11000,23100,48000,58600,7400,65100,6800,61100,16300,5500,42,2,38,40,40,11,5,96,7,17,37,0,4,28,2,0,9,2,8,1,5177.413793103448,21376.0,31693.333333333332,5612.380952380952,62746.6129032258,278.0952380952381,732638.0,-1,-1,-1,8198.461538461539,0.0,434.3478260869565,1093.3333333333333,-1,0.0,-1,-1,-1,-1,691,1605636,6.45750128306061,10368394.78,167,10854230,4,2500,6.45750128306061,16097.0,0,-1,-1,32232.733590887365
20230828093242000,6.41,6.42,6.42,6.42,6.42,6.43,6.43,6.43,6.41,6.42,6.44,6.45,6.46,6.47,6.48,6.49,6.5,6.51,6.52,6.53,7600,30600,32300,55200,55400,89400,103200,28700,12200,19100,6.43,6.42,6.41,6.4,6.39,6.38,6.37,6.36,6.35,6.33,1100,29000,25800,58600,7400,65100,6800,61100,16300,5500,43,2,38,41,40,11,5,96,7,19,37,0,4,28,2,0,9,2,8,1,5177.413793103448,21376.0,31693.333333333332,5612.380952380952,62746.6129032258,278.0952380952381,732638.0,-1,-1,-1,8198.461538461539,2340.6666666666665,434.3478260869565,1093.3333333333333,-1,0.0,-1,-1,-1,-1,706,1662636,6.456118344604591,10734174.78,175,10924450,15,57000,6.4171929824561404,365780.0,8,70220,8777.5,31559.274932292497
20230828093245000,6.43,6.43,6.43,6.43,6.43,6.44,6.44,6.44,6.43,6.43,6.43,6.44,6.45,6.46,6.47,6.48,6.49,6.5,6.51,6.52,7700,10100,30600,32300,55700,55400,90400,111200,28700,12200,6.42,6.41,6.4,6.39,6.38,6.37,6.36,6.35,6.33,6.31,29000,25800,58600,7400,65100,6800,61100,16300,5500,25500,43,2,38,42,40,11,5,96,7,19,37,0,4,28,2,0,9,2,8,1,132.70833333333334,5057.666666666667,21376.0,31693.333333333332,5612.380952380952,62746.6129032258,278.0952380952381,732638.0,-1,-1,2340.6666666666665,434.3478260869565,1093.3333333333333,-1,0.0,-1,-1,-1,-1,-1,715,1670536,6.456043119688232,10785010.78,179,10928330,9,7900,6.43493670886076,50836.0,4,3880,970.0,31581.57360203919
20230828093248000,6.43,6.43,6.43,6.43,6.43,6.43,6.43,6.44,6.43,6.43,6.43,6.44,6.45,6.46,6.47,6.48,6.49,6.5,6.51,6.52,100,11900,30700,53600,55700,56900,90400,111200,28700,12200,6.43,6.42,6.41,6.4,6.39,6.38,6.37,6.36,6.35,6.33,2500,30200,26400,58600,7400,65100,6800,61100,16300,5500,44,2,38,42,41,11,5,97,7,19,37,0,4,28,2,0,9,2,8,1,143.5185185185185,5057.666666666667,21376.0,31693.333333333332,5612.380952380952,62746.6129032258,278.0952380952381,732638.0,-1,-1,5109.047619047619,2340.6666666666665,434.3478260869565,1093.3333333333333,-1,0.0,-1,-1,-1,-1,729,1680236,6.455873329698923,10847390.78,180,10929710,14,9700,6.430927835051547,62380.0,1,1380,1380.0,30017.27636609845
20230828093251000,6.44,6.43,6.43,6.43,6.43,6.44,6.43,6.44,6.43,6.43,6.44,6.45,6.46,6.47,6.48,6.49,6.5,6.51,6.52,6.53,49000,30700,53600,55700,58900,90400,112200,28700,12200,19100,6.42,6.41,6.4,6.39,6.38,6.37,6.36,6.35,6.33,6.31,39900,26400,58600,7400,65100,6800,61100,16300,5500,25500,45,2,38,43,41,11,5,97,7,19,37,0,4,28,2,0,9,2,8,1,5057.666666666667,21376.0,31693.333333333332,5612.380952380952,62746.6129032258,278.0952380952381,732638.0,-1,-1,-1,2340.6666666666665,434.3478260869565,1093.3333333333333,-1,0.0,-1,-1,-1,-1,-1,739,1686036,6.455803494941968,10884709.78,183,10932130,10,5800,6.434310344827586,37319.0,3,2420,806.6666666666666,43118.40050979766
20230828093254000,6.43,6.43,6.43,6.43,6.43,6.43,6.43,6.43,6.43,6.43,6.43,6.44,6.45,6.46,6.47,6.48,6.49,6.5,6.51,6.52,7700,50000,30700,53600,55700,58900,90400,112200,28700,12200,6.42,6.41,6.4,6.39,6.38,6.37,6.36,6.35,6.33,6.31,39900,25600,58600,7400,65100,6800,61100,16300,5500,25500,45,2,38,43,41,11,5,98,7,20,37,0,4,28,2,0,9,2,8,1,178.42105263157896,5057.666666666667,21376.0,31693.333333333332,5612.380952380952,62746.6129032258,278.0952380952381,732638.0,-1,-1,2340.6666666666665,434.3478260869565,1093.3333333333333,-1,0.0,-1,-1,-1,-1,-1,742,1690436,6.455732000501645,10913001.78,183,10932130,3,4400,6.455732000501645,28292.0,0,-1,-1,38144.88210928787
20230828093257000,6.42,6.42,6.42,6.42,6.42,6.43,6.43,6.43,6.42,6.42,6.43,6.44,6.45,6.46,6.47,6.48,6.49,6.5,6.51,6.52,3700,51000,29700,53600,55700,58900,90400,112200,28700,12200,6.42,6.41,6.4,6.39,6.38,6.37,6.36,6.35,6.33,6.31,40500,26800,56700,5500,63200,6800,61100,16300,5500,25500,45,2,38,43,41,11,5,98,7,21,37,0,4,28,2,0,9,2,8,1,172.3728813559322,5057.666666666667,21376.0,31693.333333333332,5612.380952380952,62746.6129032258,278.0952380952381,732638.0,-1,-1,2340.6666666666665,434.3478260869565,1093.3333333333333,-1,0.0,-1,-1,-1,-1,-1,749,1700736,6.455557804916493,10979181.78,183,10932130,7,10300,6.455557804916493,66180.0,0,-1,-1,37210.6619404174
20230828093300000,6.42,6.42,6.42,6.42,6.42,6.42,6.42,6.43,6.42,6.42,6.42,6.43,6.44,6.45,6.46,6.47,6.48,6.49,6.5,6.51,8800,21300,54000,29700,53600,55700,58900,90400,112200,28700,6.42,6.41,6.4,6.39,6.38,6.37,6.36,6.35,6.33,6.31,28000,26800,56700,5500,63200,6800,61100,16300,5500,25500,45,2,38,43,41,11,5,98,7,21,37,0,4,28,2,0,9,2,8,1,1234.0,172.3728813559322,5057.666666666667,21376.0,31693.333333333332,5612.380952380952,62746.6129032258,278.0952380952381,732638.0,-1,2340.6666666666665,434.3478260869565,1093.3333333333333,-1,0.0,-1,-1,-1,-1,-1,756,1713336,6.4552865170637865,11060074.78,186,10932400,7,12600,6.420079365079365,80893.0,3,270,90.0,35378.37641389198
20230828093303000,6.42,6.42,6.42,6.42,6.42,6.42,6.42,6.42,6.4,6.42,6.41,6.42,6.43,6.44,6.45,6.46,6.47,6.48,6.49,6.5,1500,122400,24000,54000,29700,53600,55700,58900,90400,112200,6.42,6.4,6.39,6.38,6.37,6.36,6.35,6.33,6.31,6.3,6500,51600,5500,63200,6800,61100,16300,5500,25500,57400,45,2,38,43,41,11,5,98,7,21,37,0,4,28,2,0,9,2,8,1,10876.382978723404,12196.363636363636,172.3728813559322,5057.666666666667,21376.0,31693.333333333332,5612.380952380952,62746.6129032258,278.0952380952381,732638.0,2265.483870967742,17155.454545454544,-1,0.0,-1,-1,-1,-1,-1,-1,788,1794836,6.453407876819943,11582808.78,198,11495250,32,81500,6.413914110429448,522734.0,12,562850,46904.166666666664,40897.610323402914
20230828093306000,6.41,6.41,6.41,6.41,6.41,6.41,6.41,6.41,6.41,6.41,6.41,6.42,6.43,6.44,6.45,6.46,6.47,6.48,6.49,6.5,24300,122600,30000,54000,29700,53600,55700,58900,92100,112200,6.42,6.4,6.39,6.38,6.37,6.36,6.35,6.33,6.31,6.3,3900,51600,5500,63200,6800,61100,16300,5500,25500,57400,45,2,39,43,41,11,5,98,7,21,37,0,4,28,2,0,9,2,8,1,10876.382978723404,12196.363636363636,172.3728813559322,5057.666666666667,21376.0,31693.333333333332,5612.380952380952,62746.6129032258,278.0952380952381,732638.0,2265.483870967742,17155.454545454544,-1,0.0,-1,-1,-1,-1,-1,-1,792,1797436,6.453345087112976,11599474.78,198,11495250,4,2600,6.453345087112976,16666.0,0,-1,-1,44256.623386968306
20230828093309000,6.41,6.41,6.41,6.41,6.41,6.41,6.41,6.41,6.4,6.41,6.41,6.42,6.43,6.44,6.45,6.46,6.47,6.48,6.49,6.5,24100,98300,30500,54000,27800,53600,55700,58900,92100,112200,6.4,6.39,6.38,6.37,6.36,6.35,6.33,6.31,6.3,6.28,50900,5500,63200,6800,61100,16800,5500,25500,57400,10500,45,2,39,43,41,11,5,99,7,21,37,0,4,28,2,0,9,2,8,1,10876.382978723404,12196.363636363636,172.3728813559322,5057.666666666667,21376.0,31693.333333333332,5612.380952380952,62746.6129032258,278.0952380952381,732638.0,17155.454545454544,-1,0.0,-1,-1,-1,-1,-1,-1,-1,798,1805036,6.453158153078387,11648182.78,198,11495250,6,7600,6.453158153078387,48708.0,0,-1,-1,43677.36876692688
20230828093312000,6.4,6.41,6.41,6.41,6.41,6.41,6.41,6.41,6.4,6.41,6.41,6.42,6.43,6.44,6.45,6.46,6.47,6.48,6.49,6.5,21700,98100,30500,54000,27800,53600,55700,68900,92100,113400,6.4,6.39,6.38,6.37,6.36,6.35,6.33,6.31,6.3,6.28,46700,5500,63200,6800,61100,16800,5500,25500,57400,10500,46,2,39,44,41,11,5,99,7,21,37,0,4,28,2,0,9,2,8,1,10728.75,12196.363636363636,172.3728813559322,5057.666666666667,21376.0,31693.333333333332,5612.380952380952,62746.6129032258,278.0952380952381,732638.0,17155.454545454544,-1,0.0,-1,-1,-1,-1,-1,-1,-1,802,1816836,6.452848127183741,11723766.78,199,11499040,4,11800,6.40542372881356,75584.0,1,3790,3790.0,41563.45786203601
20230828093315000,6.4,6.4,6.4,6.4,6.4,6.4,6.4,6.41,6.4,6.4,6.4,6.41,6.42,6.43,6.44,6.45,6.46,6.47,6.48,6.49,300,22400,68000,30500,54600,27800,53600,55700,68900,92100,6.4,6.39,6.38,6.37,6.36,6.35,6.33,6.31,6.3,6.28,45600,5600,63200,6800,61100,16800,5500,25500,57400,10500,46,2,39,44,41,11,5,99,7,21,37,0,4,28,2,0,9,2,8,1,24460.0,10728.75,12196.363636363636,172.3728813559322,5057.666666666667,21376.0,31693.333333333332,5612.380952380952,62746.6129032258,278.0952380952381,15725.833333333334,-1,0.0,-1,-1,-1,-1,-1,-1,-1,806,1823736,6.452802573058768,11767933.78,199,11499040,4,6900,6.452802573058768,44167.0,0,-1,-1,33775.306675163294
20230828093318000,6.4,6.4,6.4,6.4,6.4,6.4,6.4,6.4,6.4,6.4,6.41,6.42,6.43,6.44,6.45,6.46,6.47,6.48,6.49,6.5,22400,68000,43600,57000,29300,53600,55700,68900,92100,113400,6.4,6.39,6.38,6.37,6.36,6.35,6.33,6.31,6.3,6.28,46400,6600,63200,6800,61100,18500,5500,25500,57400,10500,46,2,39,44,41,11,5,99,7,21,37,0,4,28,2,0,9,2,8,1,10728.75,12196.363636363636,172.3728813559322,5057.666666666667,21376.0,31693.333333333332,5612.380952380952,62746.6129032258,278.0952380952381,732638.0,11794.375,-1,0.0,-1,-1,-1,-1,-1,-1,-1,810,1826936,6.452802573058768,11788413.78,199,11499040,4,3200,6.452802573058768,20480.0,0,-1,-1,42444.360363230844
20230828093321000,6.4,6.4,6.4,6.4,6.4,6.4,6.4,6.4,6.4,6.4,6.4,6.41,6.42,6.43,6.44,6.45,6.46,6.47,6.48,6.49,10500,22700,68000,45600,57000,29300,53600,55700,68900,92100,6.4,6.39,6.38,6.37,6.36,6.35,6.33,6.31,6.3,6.28,45800,6600,63200,6800,62200,28500,5500,25500,57400,10500,46,2,39,44,41,11,5,99,7,21,37,0,4,28,2,0,9,2,8,1,23920.51282051282,10728.75,12196.363636363636,172.3728813559322,5057.666666666667,21376.0,31693.333333333332,5612.380952380952,62746.6129032258,278.0952380952381,10483.888888888889,-1,0.0,-1,-1,-1,-1,-1,-1,-1,812,1829036,6.452499447796543,11801853.78,199,11499040,2,2100,6.452499447796543,13440.0,0,-1,-1,37214.98625935956
20230828093324000,6.4,6.4,6.4,6.4,6.4,6.4,6.4,6.4,6.4,6.4,6.4,6.41,6.42,6.43,6.44,6.45,6.46,6.47,6.48,6.49,7200,24000,68000,50100,57000,29300,53600,55700,68900,92100,6.4,6.39,6.38,6.37,6.36,6.35,6.33,6.31,6.3,6.28,45700,7400,63200,6800,62200,28500,5500,25500,57400,10600,46,2,39,44,41,11,5,100,7,21,37,0,4,28,3,0,9,2,8,1,19454.081632653062,10728.75,12196.363636363636,172.3728813559322,5057.666666666667,21376.0,31693.333333333332,5612.380952380952,62746.6129032258,278.0952380952381,6989.259259259259,-1,0.0,-1,-1,-1,-1,-1,-1,-1,832,1833636,6.4524363763054025,11831293.78,209,11519390,20,4600,6.4,29440.0,10,20350,2035.0,36715.87243109766
20230828093327000,6.39,6.39,6.39,6.39,6.39,6.39,6.39,6.39,6.39,6.39,6.39,6.4,6.41,6.42,6.43,6.44,6.45,6.46,6.47,6.48,30800,31700,26000,69400,50100,57500,29300,53600,55700,68900,6.4,6.39,6.38,6.37,6.36,6.35,6.33,6.31,6.3,6.28,35400,800,66000,6800,62200,28500,5500,25500,57400,10600,46,2,39,44,41,11,5,101,7,21,37,0,4,28,3,0,9,2,8,1,0.0,19454.081632653062,10728.75,12196.363636363636,172.3728813559322,5057.666666666667,21376.0,31693.333333333332,5612.380952380952,62746.6129032258,6989.259259259259,21741.428571428572,0.0,-1,-1,-1,-1,-1,-1,-1,840,1843936,6.45201936509727,11897110.78,215,11671580,8,10300,6.39,65817.0,6,152190,25365.0,36390.73004620041
20230828093330000,6.38,6.38,6.38,6.38,6.38,6.38,6.38,6.38,6.38,6.38,6.38,6.39,6.4,6.41,6.42,6.43,6.44,6.45,6.46,6.47,19700,58400,49500,23600,69400,49400,59800,29300,53600,55700,6.4,6.38,6.37,6.36,6.35,6.33,6.31,6.3,6.28,6.27,19100,52900,6800,62200,28500,5500,25500,57400,10600,3000,46,2,39,44,41,11,5,101,7,21,37,0,4,28,3,0,9,2,8,1,6370.714285714285,0.0,19454.081632653062,10728.75,12196.363636363636,172.3728813559322,5057.666666666667,21376.0,31693.333333333332,5612.380952380952,6739.642857142857,47182.857142857145,-1,-1,-1,-1,-1,-1,-1,-1,857,1860636,6.451372960643565,12003656.78,221,12001860,17,16700,6.38,106546.0,6,330280,55046.666666666664,36447.88613191014
20230828093333000,6.38,6.38,6.38,6.38,6.38,6.38,6.38,6.38,6.38,6.38,6.38,6.39,6.4,6.41,6.42,6.43,6.44,6.45,6.46,6.47,19200,67600,66400,23600,69400,49400,59800,29300,53600,55700,6.4,6.38,6.37,6.36,6.35,6.33,6.31,6.3,6.28,6.27,11300,52600,6900,62200,28500,5500,25500,57400,10600,3000,46,2,40,45,41,11,5,102,7,21,37,0,4,28,3,0,9,2,8,1,5615.625,0.0,19454.081632653062,10728.75,12196.363636363636,172.3728813559322,5057.666666666667,21376.0,31693.333333333332,5612.380952380952,6739.642857142857,47182.857142857145,-1,-1,-1,-1,-1,-1,-1,-1,862,1869336,6.4510445872003315,12059162.78,223,12002520,5,8700,6.38,55506.0,2,660,330.0,35761.07117253465
20230828093336000,6.37,6.38,6.38,6.38,6.38,6.37,6.37,6.38,6.37,6.38,6.38,6.39,6.4,6.41,6.42,6.43,6.44,6.45,6.46,6.47,47500,64400,67700,23600,69400,49400,59800,39300,53600,55700,6.38,6.37,6.36,6.35,6.33,6.31,6.3,6.28,6.27,6.26,41200,1000,28800,28500,8200,25500,57400,10600,3200,2800,46,2,40,46,41,11,5,102,7,21,37,0,4,28,3,0,9,2,8,1,4258.695652173913,0.0,19454.081632653062,10728.75,12196.363636363636,172.3728813559322,5057.666666666667,21376.0,31693.333333333332,5612.380952380952,47182.857142857145,-1,-1,-1,-1,-1,-1,-1,-1,-1,895,1880936,6.450678677086062,12133106.78,230,12010630,33,11600,6.374482758620689,73944.0,7,8110,1158.5714285714287,39611.25438107377
20230828093339000,6.37,6.37,6.37,6.37,6.37,6.36,6.36,6.39,6.36,6.37,6.38,6.39,6.4,6.41,6.42,6.43,6.44,6.45,6.46,6.47,27300,48800,68700,23600,69400,48400,59800,39300,53600,55700,6.38,6.37,6.36,6.35,6.33,6.31,6.3,6.28,6.27,6.26,3900,700,33200,28500,8200,25500,57400,10600,3200,2800,46,2,40,46,41,11,5,102,7,21,37,0,4,28,3,0,9,2,8,1,3642.1428571428573,3670.5,19454.081632653062,10728.75,12196.363636363636,172.3728813559322,5057.666666666667,21376.0,31693.333333333332,5612.380952380952,41285.0,0.0,-1,-1,-1,-1,-1,-1,-1,-1,923,1935236,6.448679130697478,12479550.78,244,12088400,28,54300,6.380184162062615,346444.0,14,77770,5555.0,32205.640632467737
20230828093342000,6.38,6.37,6.37,6.37,6.37,6.36,6.36,6.38,6.36,6.37,6.37,6.38,6.39,6.4,6.41,6.42,6.43,6.44,6.45,6.46,1000,37900,50200,68800,23600,69400,48400,59800,40300,53600,6.37,6.36,6.35,6.33,6.31,6.3,6.28,6.27,6.26,6.25,3200,26300,28500,8200,25500,57400,10600,3200,2800,20000,46,2,40,46,41,11,5,102,7,21,37,0,4,28,3,0,9,2,8,1,12.142857142857142,3681.7241379310344,3670.5,19454.081632653062,10728.75,12196.363636363636,172.3728813559322,5057.666666666667,21376.0,31693.333333333332,0.0,-1,-1,-1,-1,-1,-1,-1,-1,-1,942,1946336,6.448110593443269,12550189.78,246,12093190,19,11100,6.363873873873874,70639.0,2,4790,2395.0,35164.99721204398
20230828093345000,6.37,6.36,6.36,6.36,6.36,6.36,6.36,6.37,6.36,6.36,6.37,6.38,6.39,6.4,6.41,6.42,6.43,6.44,6.45,6.46,4900,42300,49400,68800,23600,69400,48400,59800,40300,53600,6.36,6.35,6.33,6.31,6.3,6.28,6.27,6.26,6.25,6.22,20700,28500,8200,61400,57400,10600,3200,2800,20000,1700,46,2,40,46,41,11,5,102,7,21,37,0,4,28,3,0,9,2,8,1,12.142857142857142,3681.7241379310344,3670.5,19454.081632653062,10728.75,12196.363636363636,172.3728813559322,5057.666666666667,21376.0,31693.333333333332,-1,-1,-1,-1,-1,-1,-1,-1,-1,-1,954,1951736,6.447876034463677,12584551.78,246,12093190,12,5400,6.447876034463677,34362.0,0,-1,-1,31949.778954914767
20230828093348000,6.37,6.37,6.37,6.37,6.37,6.36,6.36,6.37,6.36,6.37,6.37,6.38,6.39,6.4,6.41,6.42,6.43,6.44,6.45,6.46,64900,41300,49400,68300,23600,69400,48400,59800,40300,53600,6.36,6.35,6.33,6.31,6.3,6.28,6.27,6.26,6.25,6.22,23500,28500,8200,61400,57400,10600,3200,2800,20000,1700,46,2,40,46,41,11,5,102,7,21,37,0,4,28,3,0,9,2,8,1,161.72413793103448,3681.7241379310344,3670.5,19454.081632653062,10728.75,12196.363636363636,172.3728813559322,5057.666666666667,21376.0,31693.333333333332,-1,-1,-1,-1,-1,-1,-1,-1,-1,-1,961,1954636,6.447821637696387,12603019.78,247,12097540,7,2900,6.368275862068965,18468.0,1,4350,4350.0,40345.011550103554
20230828093351000,6.36,6.36,6.36,6.36,6.36,6.37,6.37,6.37,6.36,6.36,6.36,6.37,6.38,6.39,6.4,6.41,6.42,6.43,6.44,6.45,200,72100,41300,49400,68300,23600,69400,48400,59800,40300,6.36,6.35,6.33,6.31,6.3,6.28,6.27,6.26,6.25,6.22,13500,28500,8200,61400,57900,10600,3200,2800,20000,1700,46,2,40,46,41,11,5,103,7,21,37,0,4,28,3,0,9,2,8,1,0.0,161.72413793103448,3681.7241379310344,3670.5,19454.081632653062,10728.75,12196.363636363636,172.3728813559322,5057.666666666667,21376.0,6160.0,-1,-1,-1,-1,-1,-1,-1,-1,-1,970,1970736,6.447044545794058,12705422.78,251,12122180,9,16100,6.360434782608696,102403.0,4,24640,6160.0,33621.321889437626
20230828093354000,6.36,6.36,6.36,6.36,6.36,6.35,6.35,6.37,6.35,6.36,6.37,6.38,6.39,6.4,6.41,6.42,6.43,6.44,6.45,6.46,66100,41300,49900,68300,23600,69400,48400,59800,42300,53600,6.36,6.35,6.33,6.31,6.3,6.28,6.27,6.26,6.25,6.22,12400,28700,8200,61400,58200,10600,3200,2800,20000,1700,46,2,40,46,41,11,5,103,7,21,37,0,4,28,3,0,9,2,8,1,1633.8461538461538,3681.7241379310344,3670.5,19454.081632653062,10728.75,12196.363636363636,172.3728813559322,5057.666666666667,21376.0,31693.333333333332,3080.0,-1,-1,-1,-1,-1,-1,-1,-1,-1,993,1982336,6.446613013290693,12779257.78,267,12186880,23,11600,6.365086206896552,73835.0,16,64700,4043.75,39748.63788433965
20230828093357000,6.36,6.36,6.36,6.36,6.36,6.36,6.36,6.36,6.36,6.36,6.36,6.37,6.38,6.39,6.4,6.41,6.42,6.43,6.44,6.45,2400,84100,41300,49900,49800,23300,69400,48400,59800,42300,6.36,6.35,6.33,6.31,6.3,6.28,6.27,6.26,6.25,6.22,11500,39500,7700,61400,58200,10600,3200,2800,20000,1700,46,2,40,47,41,11,5,104,7,21,37,0,4,28,3,0,9,2,8,1,123.26086956521739,1633.8461538461538,3681.7241379310344,3670.5,19454.081632653062,10728.75,12196.363636363636,172.3728813559322,5057.666666666667,21376.0,1895.3846153846155,-1,-1,-1,-1,-1,-1,-1,-1,-1,999,1989136,6.446269023334754,12822505.78,267,12186880,6,6800,6.446269023334754,43248.0,0,-1,-1,33423.09821570814
20230828093400000,6.36,6.36,6.36,6.36,6.36,6.36,6.36,6.36,6.36,6.36,6.36,6.37,6.38,6.39,6.4,6.41,6.42,6.43,6.44,6.45,17900,84200,44800,49900,49800,23300,69400,48400,59800,42300,6.36,6.35,6.33,6.31,6.3,6.28,6.27,6.26,6.25,6.22,11500,43800,7700,61400,59200,10600,3200,2800,20000,1700,46,2,40,48,41,11,5,104,7,21,37,0,4,28,3,0,9,2,8,1,123.26086956521739,1633.8461538461538,3681.7241379310344,3670.5,19454.081632653062,10728.75,12196.363636363636,172.3728813559322,5057.666666666667,21376.0,1449.4117647058824,-1,-1,-1,-1,-1,-1,-1,-1,-1,1003,1990736,6.446199686949952,12832681.78,267,12186880,4,1600,6.446199686949952,10176.0,0,-1,-1,36367.50836386808
20230828093403000,6.35,6.36,6.36,6.36,6.36,6.35,6.36,6.36,6.35,6.36,6.36,6.37,6.38,6.39,6.4,6.41,6.42,6.43,6.44,6.45,19500,85500,44800,49900,49800,23300,69400,48400,59800,42300,6.36,6.35,6.33,6.31,6.3,6.28,6.27,6.26,6.25,6.22,11300,44100,7700,61400,59200,10600,3200,2800,20000,1700,47,2,40,48,41,11,5,104,7,21,37,0,4,28,3,0,9,2,8,1,123.26086956521739,1633.8461538461538,3681.7241379310344,3670.5,19454.081632653062,10728.75,12196.363636363636,172.3728813559322,5057.666666666667,21376.0,1296.842105263158,-1,-1,-1,-1,-1,-1,-1,-1,-1,1006,1991536,6.446164558411196,12837768.78,267,12186880,3,800,6.446164558411196,5087.0,0,-1,-1,36951.724549944236
20230828093406000,6.35,6.36,6.36,6.36,6.36,6.36,6.36,6.36,6.35,6.36,6.37,6.38,6.39,6.4,6.41,6.42,6.43,6.44,6.45,6.46,85500,44800,51600,50800,23300,69400,48400,59800,42300,54800,6.36,6.35,6.34,6.33,6.31,6.3,6.28,6.27,6.26,6.25,10300,45500,100,7700,61400,59200,10600,3200,2800,20000,47,2,40,49,42,11,5,105,7,21,37,0,4,28,3,0,9,2,8,1,1633.8461538461538,3681.7241379310344,3670.5,19454.081632653062,10728.75,12196.363636363636,172.3728813559322,5057.666666666667,21376.0,31693.333333333332,1173.3333333333333,-1,-1,-1,-1,-1,-1,-1,-1,-1,1017,2016836,6.445112478150191,12998666.78,275,12283550,11,25300,6.359604743083004,160898.0,8,96670,12083.75,42067.97235940736
20230828093409000,6.36,6.35,6.35,6.35,6.35,6.36,6.36,6.36,6.35,6.35,6.36,6.37,6.38,6.39,6.4,6.41,6.42,6.43,6.44,6.45,100,85500,44800,51600,50800,24900,70400,48400,59800,42300,6.35,6.34,6.33,6.31,6.3,6.28,6.27,6.26,6.25,6.22,26200,100,7700,61400,59200,10600,3200,2800,20000,1700,47,3,40,49,42,11,5,105,7,21,37,0,4,28,3,0,9,2,8,1,1835.7627118644068,1633.8461538461538,3681.7241379310344,3670.5,19454.081632653062,10728.75,12196.363636363636,172.3728813559322,5057.666666666667,21376.0,31598.88888888889,-1,-1,-1,-1,-1,-1,-1,-1,-1,1038,2053836,6.443451914348163,13233746.78,288,12573910,21,37000,6.353513513513514,235080.0,13,290360,22335.384615384617,32478.626334236098
20230828093412000,6.36,6.36,6.36,6.36,6.36,6.36,6.36,6.36,6.35,6.36,6.36,6.37,6.38,6.39,6.4,6.41,6.42,6.43,6.44,6.45,41900,89600,44800,51600,50800,24900,70400,48400,59800,43800,6.35,6.34,6.33,6.31,6.3,6.28,6.27,6.26,6.25,6.22,21800,100,7700,61400,59200,10600,3200,2800,20000,1700,47,3,40,49,42,11,5,105,7,21,37,0,4,28,3,0,9,2,8,1,1719.2063492063492,1633.8461538461538,3681.7241379310344,3670.5,19454.081632653062,10728.75,12196.363636363636,172.3728813559322,5057.666666666667,21376.0,24721.666666666668,-1,-1,-1,-1,-1,-1,-1,-1,-1,1053,2065936,6.44292019694705,13310660.78,293,12586200,15,12100,6.356528925619835,76914.0,5,12290,2458.0,38625.23299346822
20230828093415000,6.37,6.35,6.35,6.35,6.35,6.36,6.36,6.37,6.35,6.35,6.36,6.37,6.38,6.39,6.4,6.41,6.42,6.43,6.44,6.45,34700,89000,44800,51600,51800,24900,70400,43400,59800,43800,6.35,6.34,6.33,6.31,6.3,6.28,6.27,6.26,6.25,6.22,26700,100,7700,61400,59200,10600,3200,2800,20000,1700,47,3,40,49,43,11,5,105,7,21,37,0,5,28,3,0,9,2,8,1,1651.060606060606,1633.8461538461538,3681.7241379310344,3670.5,19454.081632653062,10728.75,12196.363636363636,172.3728813559322,5057.666666666667,21376.0,24721.666666666668,-1,-1,-1,-1,-1,-1,-1,-1,-1,1064,2078636,6.442423194825837,13391452.78,296,12586860,11,12700,6.361574803149606,80792.0,3,660,220.0,37965.8813923849
20230828093418000,6.36,6.36,6.36,6.36,6.36,6.35,6.35,6.36,6.35,6.36,6.36,6.37,6.38,6.39,6.4,6.41,6.42,6.43,6.44,6.45,34000,89100,44800,51300,51800,24900,70400,44400,59800,43800,6.35,6.34,6.33,6.31,6.3,6.28,6.27,6.26,6.25,6.22,29100,100,7700,61400,59200,10600,3200,2800,20000,1700,47,4,40,49,43,11,5,105,7,21,37,0,5,28,3,0,9,2,8,1,1651.060606060606,1633.8461538461538,3681.7241379310344,3670.5,19454.081632653062,10728.75,12196.363636363636,172.3728813559322,5057.666666666667,21376.0,23318.46153846154,-1,-1,-1,-1,-1,-1,-1,-1,-1,1070,2090036,6.441954004620015,13463915.78,297,12593340,6,11400,6.35640350877193,72463.0,1,6480,6480.0,36699.18551855981
20230828093421000,6.34,6.37,6.37,6.37,6.37,6.35,6.35,6.37,6.34,6.37,6.36,6.37,6.38,6.39,6.4,6.41,6.42,6.43,6.44,6.45,50800,86000,44800,51300,51800,24900,70400,44400,59800,43800,6.35,6.34,6.33,6.31,6.3,6.28,6.27,6.26,6.25,6.22,3500,12900,7700,61400,59200,10600,3200,2800,20000,1700,47,4,40,50,43,11,5,105,7,21,37,0,5,28,3,0,9,2,8,1,1651.060606060606,1633.8461538461538,3681.7241379310344,3670.5,19454.081632653062,10728.75,12196.363636363636,172.3728813559322,5057.666666666667,21376.0,16811.052631578947,15450.0,-1,-1,-1,-1,-1,-1,-1,-1,1084,2140136,6.439850448756527,13782155.78,304,12625060,14,50100,6.3520958083832335,318240.0,7,31720,4531.428571428572,35868.52995061335
20230828093424000,6.37,6.36,6.36,6.36,6.36,6.36,6.36,6.37,6.36,6.36,6.36,6.37,6.38,6.39,6.4,6.41,6.42,6.43,6.44,6.45,45100,86200,44800,41400,51300,24900,70400,45400,59800,43800,6.36,6.35,6.34,6.33,6.31,6.3,6.28,6.27,6.26,6.25,9000,9800,12900,7700,61400,60200,10600,3200,2800,20000,47,4,40,50,43,11,5,106,7,21,37,0,5,28,3,0,9,2,8,1,1626.3235294117646,1633.8461538461538,3681.7241379310344,3670.5,19454.081632653062,10728.75,12196.363636363636,172.3728813559322,5057.666666666667,21376.0,648.9473684210526,16811.052631578947,15450.0,-1,-1,-1,-1,-1,-1,-1,1092,2173936,6.438721721874804,13997132.78,305,12626680,8,33800,6.3602662721893495,214977.0,1,1620,1620.0,37393.65142584036
20230828093427000,6.39,6.39,6.39,6.39,6.39,6.37,6.37,6.39,6.37,6.39,6.37,6.38,6.39,6.4,6.41,6.42,6.43,6.44,6.45,6.46,13800,40500,40300,51300,24900,70400,45400,59800,44100,55100,6.38,6.37,6.36,6.35,6.34,6.33,6.31,6.3,6.28,6.27,1700,30100,22400,15200,12900,7700,61400,60200,10600,3200,47,4,40,50,43,11,5,106,7,21,37,0,5,28,3,0,9,2,8,1,14693.653846153846,3681.7241379310344,3670.5,19454.081632653062,10728.75,12196.363636363636,172.3728813559322,5057.666666666667,21376.0,31693.333333333332,30025.454545454544,0.0,648.9473684210526,16811.052631578947,15450.0,-1,-1,-1,-1,-1,1112,2272136,6.435686523683464,14622704.78,318,13327030,20,98200,6.370386965376782,625572.0,13,700350,53873.07692307692,28937.899275131433
20230828093430000,6.39,6.38,6.38,6.37,6.37,6.39,6.39,6.39,6.37,6.37,6.37,6.38,6.39,6.4,6.41,6.42,6.43,6.44,6.45,6.46,5900,33100,38400,51300,24900,70400,45400,58800,44100,55100,6.37,6.36,6.35,6.34,6.33,6.31,6.3,6.28,6.27,6.26,29600,19900,11700,12900,7700,61400,63200,10600,3200,2800,47,4,40,52,43,11,5,108,7,21,37,0,5,28,3,0,9,2,8,1,14693.653846153846,3681.7241379310344,3670.5,19454.081632653062,10728.75,12196.363636363636,172.3728813559322,5057.666666666667,21376.0,31693.333333333332,0.0,648.9473684210526,16811.052631578947,15450.0,-1,-1,-1,-1,-1,-1,1117,2280036,6.435477676668262,14673120.78,319,13328970,5,7900,6.381772151898734,50416.0,1,1940,1940.0,29395.405846742073
20230828093433000,6.38,6.38,6.39,6.38,6.39,6.38,6.38,6.39,6.37,6.39,6.38,6.39,6.4,6.41,6.42,6.43,6.44,6.45,6.46,6.47,31600,36500,51300,24900,70400,45400,58800,44100,55100,56300,6.37,6.36,6.35,6.34,6.33,6.31,6.3,6.28,6.27,6.26,21500,28800,11700,12900,7700,61400,63200,10600,3200,2800,47,4,40,53,43,11,5,108,7,21,37,0,6,28,3,0,9,2,8,1,2559.1304347826085,3670.5,19454.081632653062,10728.75,12196.363636363636,172.3728813559322,5057.666666666667,21376.0,31693.333333333332,5612.380952380952,0.0,648.9473684210526,16811.052631578947,15450.0,-1,-1,-1,-1,-1,-1,1138,2285536,6.435358877595137,14708230.78,334,13339920,21,5500,6.383636363636364,35110.0,15,10950,730.0,32425.869244862195
20230828093436000,6.37,6.38,6.38,6.38,6.38,6.37,6.37,6.38,6.37,6.38,6.38,6.39,6.4,6.41,6.42,6.43,6.44,6.45,6.46,6.47,38400,38800,51300,24900,70400,45400,58800,44100,56100,56300,6.37,6.36,6.35,6.34,6.33,6.31,6.3,6.28,6.27,6.26,21900,28800,11700,12900,7700,61400,63200,10600,3200,2800,47,4,40,53,44,11,5,109,7,21,37,0,6,28,3,0,9,2,8,2,2519.7916666666665,3670.5,19454.081632653062,10728.75,12196.363636363636,172.3728813559322,5057.666666666667,21376.0,31693.333333333332,5612.380952380952,0.0,648.9473684210526,16811.052631578947,15450.0,-1,-1,-1,-1,-1,-1,1144,2287136,6.435311140220782,14718431.78,336,13343150,6,1600,6.375625,10201.0,2,3230,1615.0,33557.50059741915
20230828093439000,6.38,6.38,6.38,6.38,6.38,6.38,6.38,6.38,6.38,6.38,6.38,6.39,6.4,6.41,6.42,6.43,6.44,6.45,6.46,6.47,73500,38400,51300,24900,70400,45400,58800,44100,56100,56300,6.37,6.36,6.35,6.34,6.33,6.31,6.3,6.28,6.27,6.26,21900,28800,11700,12900,7700,61400,63200,10600,3200,2800,47,4,40,53,44,11,5,110,7,21,37,0,6,28,3,0,9,2,8,2,2519.7916666666665,3670.5,19454.081632653062,10728.75,12196.363636363636,172.3728813559322,5057.666666666667,21376.0,31693.333333333332,5612.380952380952,0.0,648.9473684210526,16811.052631578947,15450.0,-1,-1,-1,-1,-1,-1,1146,2288636,6.435279719424096,14728001.78,336,13343150,2,1500,6.435279719424096,9570.0,0,-1,-1,38364.633782061486
20230828093442000,6.36,6.37,6.37,6.37,6.37,6.38,6.38,6.38,6.36,6.37,6.37,6.38,6.39,6.4,6.41,6.42,6.43,6.44,6.45,6.46,1400,65700,38400,51300,24900,70400,45400,58800,44100,56100,6.37,6.36,6.35,6.34,6.33,6.32,6.31,6.3,6.28,6.27,20600,23300,11800,12900,7700,1000,61400,63200,10600,3200,47,4,40,53,44,11,5,110,7,22,37,0,6,28,3,0,9,2,8,2,14149.444444444445,2519.7916666666665,3670.5,19454.081632653062,10728.75,12196.363636363636,172.3728813559322,5057.666666666667,21376.0,31693.333333333332,0.0,648.9473684210526,16811.052631578947,15450.0,-1,-1,-1,-1,-1,-1,1151,2300636,6.435058373040812,14804531.78,336,13343150,5,12000,6.435058373040812,76530.0,0,-1,-1,30625.71690297913
20230828093445000,6.37,6.37,6.37,6.37,6.37,6.37,6.37,6.38,6.37,6.37,6.37,6.38,6.39,6.4,6.41,6.42,6.43,6.44,6.45,6.46,11800,88300,38400,51300,24900,70400,45400,58800,44100,56100,6.37,6.36,6.35,6.34,6.33,6.32,6.31,6.3,6.28,6.27,19900,14500,16200,12900,7700,1000,61400,63200,10600,3200,48,4,40,53,44,11,5,110,7,22,37,0,6,28,3,0,9,2,8,2,10612.083333333334,2519.7916666666665,3670.5,19454.081632653062,10728.75,12196.363636363636,172.3728813559322,5057.666666666667,21376.0,31693.333333333332,24.11764705882353,648.9473684210526,16811.052631578947,15450.0,-1,-1,-1,-1,-1,-1,1173,2314036,6.434599885222183,14889895.78,337,13343560,22,13400,6.37044776119403,85364.0,1,410,410.0,32890.359646327866
20230828093448000,6.37,6.37,6.37,6.37,6.37,6.37,6.37,6.37,6.36,6.37,6.36,6.37,6.38,6.39,6.4,6.41,6.42,6.43,6.44,6.45,100,6000,89400,48400,51300,24900,70400,45400,58800,44100,6.37,6.36,6.35,6.34,6.33,6.32,6.31,6.3,6.28,6.27,13400,14200,16200,12900,7700,1000,61400,63200,11200,3200,48,4,40,53,44,11,5,110,7,22,37,0,7,28,4,0,9,2,8,2,1557.605633802817,10417.837837837838,2519.7916666666665,3670.5,19454.081632653062,10728.75,12196.363636363636,172.3728813559322,5057.666666666667,21376.0,20.5,648.9473684210526,16811.052631578947,15450.0,-1,-1,-1,-1,-1,-1,1185,2321136,6.4344009915834315,14935119.78,339,13350410,12,7100,6.369577464788732,45224.0,2,6850,3425.0,33160.721682332325
20230828093451000,6.37,6.36,6.36,6.36,6.36,6.37,6.36,6.37,6.35,6.36,6.37,6.38,6.39,6.4,6.41,6.42,6.43,6.44,6.45,6.46,17600,89100,48600,51300,24900,70400,45400,58800,44100,56100,6.36,6.35,6.34,6.33,6.32,6.31,6.3,6.28,6.27,6.26,28300,16700,12900,7700,1000,61400,63200,11200,3200,2800,48,4,40,53,44,11,5,111,7,22,37,0,7,28,4,0,9,2,8,2,10189.473684210527,2519.7916666666665,3670.5,19454.081632653062,10728.75,12196.363636363636,172.3728813559322,5057.666666666667,21376.0,31693.333333333332,648.9473684210526,16811.052631578947,15450.0,-1,-1,-1,-1,-1,-1,-1,1206,2338936,6.433878814982539,15048430.78,342,13353900,21,17800,6.365786516853933,113311.0,3,3490,1163.3333333333333,36085.64401784291
20230828093454000,6.37,6.36,6.36,6.36,6.36,6.37,6.37,6.37,6.36,6.36,6.37,6.38,6.39,6.4,6.41,6.42,6.43,6.44,6.45,6.46,18400,89300,48600,51300,24900,70400,45400,55800,44100,56100,6.36,6.35,6.34,6.33,6.32,6.31,6.3,6.28,6.27,6.26,28200,17900,12900,7700,1000,61400,63200,11200,3200,2800,48,4,40,54,44,11,5,111,7,22,37,0,7,28,4,0,9,3,8,2,10189.473684210527,2519.7916666666665,3670.5,19454.081632653062,10728.75,12196.363636363636,172.3728813559322,5057.666666666667,21376.0,31693.333333333332,648.9473684210526,16811.052631578947,15450.0,-1,-1,-1,-1,-1,-1,-1,1210,2341036,6.433820658887774,15061805.78,342,13353900,4,2100,6.433820658887774,13375.0,0,-1,-1,29838.726700653177
20230828093457000,6.36,6.37,6.37,6.37,6.37,6.36,6.36,6.37,6.36,6.37,6.37,6.38,6.39,6.4,6.41,6.42,6.43,6.44,6.45,6.46,10000,88300,48700,51300,24900,70400,45400,55800,44100,56100,6.36,6.35,6.34,6.33,6.32,6.31,6.3,6.28,6.27,6.26,32300,20900,12900,7700,1000,61400,73200,11200,3200,2800,48,4,40,54,44,11,5,111,7,22,37,0,7,28,4,0,9,3,8,2,9882.0,2519.7916666666665,3670.5,19454.081632653062,10728.75,12196.363636363636,172.3728813559322,5057.666666666667,21376.0,31693.333333333332,632.5641025641025,16811.052631578947,15450.0,-1,-1,-1,-1,-1,-1,-1,1226,2353736,6.433502029385709,15142682.78,347,13370070,16,12700,6.368267716535433,80877.0,5,16170,3234.0,35842.60395093197
20230828093500000,6.37,6.37,6.37,6.37,6.37,6.36,6.36,6.37,6.36,6.37,6.37,6.38,6.39,6.4,6.41,6.42,6.43,6.44,6.45,6.46,4300,88300,48700,51300,24900,70400,45400,55800,64100,56100,6.36,6.35,6.34,6.33,6.32,6.31,6.3,6.28,6.27,6.26,27600,21900,12900,7700,1000,61400,73200,11200,3200,2800,48,4,40,54,44,11,5,111,7,22,37,0,7,28,4,0,9,3,8,2,9758.780487804877,2519.7916666666665,3670.5,19454.081632653062,10728.75,12196.363636363636,172.3728813559322,5057.666666666667,21376.0,31693.333333333332,609.2682926829268,16811.052631578947,15450.0,-1,-1,-1,-1,-1,-1,-1,1253,2369236,6.433192477175733,15241346.78,363,13385190,27,15500,6.36541935483871,98664.0,16,15120,945.0,34278.09263979608
20230828093503000,6.36,6.36,6.36,6.36,6.36,6.36,6.36,6.36,6.35,6.36,6.36,6.37,6.38,6.39,6.4,6.41,6.42,6.43,6.44,6.45,40800,5100,87900,46400,50400,24900,70400,45400,55800,64100,6.36,6.35,6.34,6.33,6.32,6.31,6.3,6.28,6.27,6.26,25600,23300,12900,7700,1000,61400,73200,11200,3200,2800,49,4,40,54,44,11,5,111,7,22,37,0,7,28,4,0,9,3,8,2,1181.1224489795918,9758.780487804877,2519.7916666666665,3670.5,19454.081632653062,10728.75,12196.363636363636,172.3728813559322,5057.666666666667,21376.0,594.7619047619048,16811.052631578947,15450.0,-1,-1,-1,-1,-1,-1,-1,1257,2371936,6.432936546348636,15258513.78,363,13385190,4,2700,6.432936546348636,17167.0,0,-1,-1,35009.07479687748
20230828093506000,6.36,6.36,6.36,6.36,6.36,6.36,6.36,6.36,6.36,6.36,6.36,6.37,6.38,6.39,6.4,6.41,6.42,6.43,6.44,6.45,12800,7300,87900,46400,50400,24900,70400,45400,55800,64100,6.36,6.35,6.34,6.33,6.32,6.31,6.3,6.28,6.27,6.26,22500,25400,12900,7700,1000,61400,73200,11200,3200,2800,49,4,40,54,44,11,5,111,7,22,37,0,7,28,4,0,9,3,8,2,1305.607476635514,9758.780487804877,2519.7916666666665,3670.5,19454.081632653062,10728.75,12196.363636363636,172.3728813559322,5057.666666666667,21376.0,567.7272727272727,16811.052631578947,15450.0,-1,-1,-1,-1,-1,-1,-1,1271,2402936,6.431995600382199,15455673.78,372,13409140,14,31000,6.36,197160.0,9,23950,2661.1111111111113,31061.705432531457
20230828093509000,6.36,6.37,6.38,6.37,6.38,6.36,6.36,6.38,6.36,6.38,6.38,6.39,6.4,6.41,6.42,6.43,6.44,6.45,6.46,6.47,93100,46400,50400,24900,70400,45400,55800,64100,56100,56300,6.37,6.36,6.35,6.34,6.33,6.32,6.31,6.3,6.28,6.27,300,21300,54800,12900,7700,1000,61400,73200,11200,3200,49,4,40,54,44,11,5,111,7,22,37,0,7,28,4,0,9,3,8,2,2519.7916666666665,3670.5,19454.081632653062,10728.75,12196.363636363636,172.3728813559322,5057.666666666667,21376.0,31693.333333333332,5612.380952380952,33.225806451612904,567.7272727272727,16811.052631578947,15450.0,-1,-1,-1,-1,-1,-1,1284,2427336,6.431371585969145,15611099.78,378,13560790,13,24400,6.369918032786885,155426.0,6,151650,25275.0,43561.7870798152
20230828093512000,6.37,6.37,6.38,6.37,6.38,6.37,6.37,6.38,6.36,6.38,6.38,6.39,6.4,6.41,6.42,6.43,6.44,6.45,6.46,6.47,86800,46200,50400,24900,70400,45400,55800,64100,56100,56300,6.36,6.35,6.34,6.33,6.32,6.31,6.3,6.28,6.27,6.26,25800,55200,12900,7700,1000,61400,73200,11200,3200,2800,49,4,40,55,44,11,5,111,7,22,37,0,7,28,4,0,9,3,8,3,2519.7916666666665,3670.5,19454.081632653062,10728.75,12196.363636363636,172.3728813559322,5057.666666666667,21376.0,31693.333333333332,5612.380952380952,567.7272727272727,16811.052631578947,15450.0,-1,-1,-1,-1,-1,-1,-1,1290,2439236,6.431095137985828,15686958.78,378,13560790,6,11900,6.431095137985828,75859.0,0,-1,-1,45067.416759598535
20230828093515000,6.38,6.37,6.37,6.37,6.37,6.38,6.38,6.38,6.37,6.37,6.38,6.39,6.4,6.41,6.42,6.43,6.44,6.45,6.46,6.47,83800,46200,50400,24900,70400,45400,55800,64100,56100,56300,6.36,6.35,6.34,6.33,6.32,6.31,6.3,6.28,6.27,6.26,27600,57000,12900,8700,6000,61400,73200,11200,3200,2800,50,4,40,55,44,11,5,111,7,22,37,0,7,28,4,0,9,4,8,3,2519.7916666666665,3670.5,19454.081632653062,10728.75,12196.363636363636,172.3728813559322,5057.666666666667,21376.0,31693.333333333332,5612.380952380952,567.7272727272727,16811.052631578947,15450.0,-1,-1,-1,-1,-1,-1,-1,1295,2450636,6.430947524488517,15759606.78,378,13560790,5,11400,6.430947524488517,72648.0,0,-1,-1,37383.909510912854
20230828093518000,6.38,6.38,6.38,6.38,6.38,6.38,6.38,6.38,6.37,6.38,6.38,6.39,6.4,6.41,6.42,6.43,6.44,6.45,6.46,6.47,30500,46200,50400,24900,70600,45400,55800,64600,56100,56300,6.38,6.37,6.36,6.35,6.34,6.33,6.32,6.31,6.3,6.28,16800,1400,29200,58000,12900,8700,6000,61400,73200,11200,50,4,40,55,44,11,5,111,7,22,37,0,7,28,4,0,9,4,8,3,11371.964285714286,3670.5,19454.081632653062,10728.75,12196.363636363636,172.3728813559322,5057.666666666667,21376.0,31693.333333333332,5612.380952380952,13842.5,32.1875,567.7272727272727,16811.052631578947,15450.0,-1,-1,-1,-1,-1,1314,2514136,6.429539125966137,16164735.78,386,14076670,19,63500,6.379984251968504,405129.0,8,515880,64485.0,38129.05149753067
20230828093521000,6.37,6.39,6.39,6.39,6.39,6.39,6.39,6.39,6.37,6.39,6.38,6.39,6.4,6.41,6.42,6.43,6.44,6.45,6.46,6.47,24700,40200,50400,24900,70600,45400,55800,64600,56100,56300,6.38,6.37,6.36,6.35,6.34,6.33,6.32,6.31,6.3,6.28,14400,700,29200,57100,12900,8700,6000,61400,73200,11200,50,4,40,55,44,11,5,111,7,22,37,0,7,28,4,0,9,4,8,3,11172.456140350878,3670.5,19454.081632653062,10728.75,12196.363636363636,172.3728813559322,5057.666666666667,21376.0,31693.333333333332,5612.380952380952,13842.5,32.1875,567.7272727272727,16811.052631578947,15450.0,-1,-1,-1,-1,-1,1322,2522536,6.429416956000152,16218364.78,386,14076670,8,8400,6.429416956000152,53629.0,0,-1,-1,34258.04424884499
20230828093524000,6.39,6.39,6.39,6.39,6.39,6.38,6.38,6.39,6.38,6.39,6.38,6.39,6.4,6.41,6.42,6.43,6.44,6.45,6.46,6.47,18900,35400,50400,24900,70600,45400,55800,64600,56100,56300,6.38,6.37,6.36,6.35,6.34,6.33,6.32,6.31,6.3,6.28,24300,1500,29200,57100,12900,8700,6000,61400,73200,11200,50,4,42,55,44,12,5,111,7,22,37,0,7,28,4,0,9,4,8,3,11172.456140350878,3670.5,19454.081632653062,10728.75,12196.363636363636,172.3728813559322,5057.666666666667,21376.0,31693.333333333332,5612.380952380952,13842.5,32.1875,567.7272727272727,16811.052631578947,15450.0,-1,-1,-1,-1,-1,1325,2528336,6.429369258056949,16255416.78,386,14076670,3,5800,6.429369258056949,37052.0,0,-1,-1,34396.04807232755
20230828093527000,6.39,6.39,6.39,6.39,6.39,6.38,6.38,6.39,6.38,6.39,6.39,6.4,6.41,6.42,6.43,6.44,6.45,6.46,6.47,6.48,32600,50600,24900,70600,45400,55800,64900,56100,56300,89600,6.38,6.37,6.36,6.35,6.34,6.33,6.32,6.31,6.3,6.28,29600,31600,29200,57100,12900,8700,6000,61400,73200,11200,50,4,42,55,44,12,5,111,7,22,37,0,7,28,4,0,9,4,8,3,3670.5,19454.081632653062,10728.75,12196.363636363636,172.3728813559322,5057.666666666667,21376.0,31693.333333333332,5612.380952380952,62746.6129032258,13842.5,32.1875,567.7272727272727,16811.052631578947,15450.0,-1,-1,-1,-1,-1,1331,2553936,6.429284769751775,16418995.78,386,14076670,6,25600,6.429284769751775,163579.0,0,-1,-1,38372.196112792735
20230828093530000,6.39,6.39,6.39,6.39,6.39,6.39,6.39,6.39,6.38,6.39,6.39,6.4,6.41,6.42,6.43,6.44,6.45,6.46,6.47,6.48,23300,50600,25000,72600,45400,55800,64900,56100,56300,91600,6.38,6.37,6.36,6.35,6.34,6.33,6.32,6.31,6.3,6.28,31700,31800,29200,57100,12900,8700,6000,61400,73200,11200,51,4,42,55,44,12,5,111,7,22,37,0,7,28,4,0,9,4,8,3,3670.5,19454.081632653062,10728.75,12196.363636363636,172.3728813559322,5057.666666666667,21376.0,31693.333333333332,5612.380952380952,62746.6129032258,13842.5,32.1875,567.7272727272727,16811.052631578947,15450.0,-1,-1,-1,-1,-1,1339,2563236,6.429284769751775,16478421.78,386,14076670,8,9300,6.429284769751775,59426.0,0,-1,-1,39828.208140831615
20230828093533000,6.39,6.39,6.39,6.39,6.39,6.39,6.39,6.39,6.38,6.39,6.39,6.4,6.41,6.42,6.43,6.44,6.45,6.46,6.47,6.48,22000,50600,25000,72600,45400,55800,64900,56100,56300,91600,6.38,6.37,6.36,6.35,6.34,6.33,6.32,6.31,6.3,6.28,31600,31800,29200,56200,12900,8700,6000,61400,78700,11200,51,4,42,56,44,12,5,111,7,22,37,0,7,28,4,0,9,4,8,3,3670.5,19454.081632653062,10728.75,12196.363636363636,172.3728813559322,5057.666666666667,21376.0,31693.333333333332,5612.380952380952,62746.6129032258,13842.5,32.1875,567.7272727272727,16811.052631578947,15450.0,-1,-1,-1,-1,-1,1347,2568936,6.429284769751775,16514843.78,386,14076670,8,5700,6.429284769751775,36422.0,0,-1,-1,39784.506930062125
20230828093536000,6.38,6.38,6.38,6.38,6.38,6.38,6.38,6.39,6.38,6.38,6.39,6.4,6.41,6.42,6.43,6.44,6.45,6.46,6.47,6.48,30500,50600,25000,72600,45400,55800,64900,56100,56300,91600,6.38,6.37,6.36,6.35,6.34,6.33,6.32,6.31,6.3,6.28,9800,31800,29200,56200,12900,8700,6000,61400,78700,11200,51,4,42,57,44,12,5,111,7,22,37,0,7,28,4,0,9,4,8,3,13071.42857142857,19454.081632653062,10728.75,12196.363636363636,172.3728813559322,5057.666666666667,21376.0,31693.333333333332,5612.380952380952,62746.6129032258,11254.285714285714,32.1875,567.7272727272727,16811.052631578947,15450.0,-1,-1,-1,-1,-1,1372,2593036,6.428349000439163,16668651.78,397,14339300,25,24100,6.38207468879668,153808.0,11,262630,23875.454545454544,30075.512784769795
20230828093539000,6.38,6.37,6.37,6.37,6.37,6.38,6.38,6.39,6.37,6.37,6.38,6.39,6.4,6.41,6.42,6.43,6.44,6.45,6.46,6.47,4500,49800,50600,25000,72600,45400,55800,64900,56100,56300,6.38,6.37,6.36,6.35,6.34,6.33,6.32,6.31,6.3,6.28,2300,31700,29200,56100,12900,8700,6000,61400,78700,11200,51,4,43,57,44,12,5,111,7,23,37,0,7,28,4,0,9,4,8,3,9002.957746478873,19005.757575757576,19454.081632653062,10728.75,12196.363636363636,172.3728813559322,5057.666666666667,21376.0,31693.333333333332,5612.380952380952,10645.945945945947,32.1875,567.7272727272727,16811.052631578947,15450.0,-1,-1,-1,-1,-1,1394,2652636,6.427322399303939,17049346.78,411,14694180,22,59600,6.387500000000031,380695.00000000186,14,354880,25348.571428571428,33205.53508841804
20230828093542000,6.36,6.37,6.37,6.37,6.37,6.37,6.37,6.38,6.36,6.37,6.38,6.39,6.4,6.41,6.42,6.43,6.44,6.45,6.46,6.47,3300,48700,50600,25000,72600,45400,55800,64900,56100,56300,6.37,6.36,6.35,6.34,6.33,6.32,6.31,6.3,6.28,6.27,25000,23700,56100,12900,8700,6000,61400,79000,11200,3200,51,4,43,58,44,12,5,111,7,23,37,0,7,28,4,0,9,4,8,3,8893.888888888889,19005.757575757576,19454.081632653062,10728.75,12196.363636363636,172.3728813559322,5057.666666666667,21376.0,31693.333333333332,5612.380952380952,32.1875,1354.0,16811.052631578947,15450.0,-1,-1,-1,-1,-1,-1,1408,2661236,6.427130981803532,17104083.78,413,14731280,14,8600,6.364767441860465,54737.0,2,37100,18550.0,34338.55344909989
20230828093545000,6.37,6.37,6.37,6.37,6.37,6.36,6.36,6.37,6.36,6.37,6.37,6.38,6.39,6.4,6.41,6.42,6.43,6.44,6.45,6.46,4400,14600,40200,50600,25000,72600,45400,55800,64900,56100,6.37,6.36,6.35,6.34,6.33,6.32,6.31,6.3,6.28,6.27,23400,22400,56300,12900,8700,6000,61400,79000,11200,3200,51,4,43,58,44,12,5,111,7,23,37,0,7,28,4,0,9,4,8,3,9806.701030927836,8893.888888888889,19005.757575757576,19454.081632653062,10728.75,12196.363636363636,172.3728813559322,5057.666666666667,21376.0,31693.333333333332,31.515151515151516,1354.0,16811.052631578947,15450.0,-1,-1,-1,-1,-1,-1,1414,2663336,6.427070328340097,17117447.78,414,14731290,6,2100,6.363809523809524,13364.0,1,10,10.0,30236.552094949817
20230828093548000,6.37,6.37,6.37,6.37,6.37,6.36,6.36,6.37,6.36,6.37,6.37,6.38,6.39,6.4,6.41,6.42,6.43,6.44,6.45,6.46,14200,14600,40200,50600,25000,72600,45900,55800,64900,56100,6.37,6.36,6.35,6.34,6.33,6.32,6.31,6.3,6.28,6.27,15900,26600,62900,12900,9700,6000,61400,79000,11200,3200,51,4,43,58,44,12,5,112,7,23,37,0,7,28,4,0,9,4,8,3,8989.166666666666,8893.888888888889,19005.757575757576,19454.081632653062,10728.75,12196.363636363636,172.3728813559322,5057.666666666667,21376.0,31693.333333333332,29.714285714285715,1354.0,16811.052631578947,15450.0,-1,-1,-1,-1,-1,-1,1437,2673536,6.426850350995835,17182415.78,425,14750870,23,10200,6.369411764705882,64968.0,11,19580,1780.0,31471.78488927832
20230828093551000,6.37,6.36,6.36,6.36,6.36,6.36,6.36,6.36,6.36,6.36,6.36,6.37,6.38,6.39,6.4,6.41,6.42,6.43,6.44,6.45,100,24700,18900,40200,50600,25000,72600,45900,55800,64900,6.37,6.36,6.35,6.34,6.33,6.32,6.31,6.3,6.28,6.27,13400,24100,62900,12900,9700,6000,61400,79000,11200,3200,51,4,43,58,44,12,5,112,7,23,37,0,8,28,4,0,9,4,8,3,1154.5454545454545,8989.166666666666,8893.888888888889,19005.757575757576,19454.081632653062,10728.75,12196.363636363636,172.3728813559322,5057.666666666667,21376.0,29.714285714285715,1354.0,16811.052631578947,15450.0,-1,-1,-1,-1,-1,-1,1438,2676036,6.426850350995835,17198315.78,425,14750870,1,2500,6.426850350995835,15900.0,0,-1,-1,27252.777999044134
20230828093554000,6.36,6.37,6.37,6.37,6.37,6.37,6.37,6.37,6.36,6.37,6.37,6.38,6.39,6.4,6.41,6.42,6.43,6.44,6.45,6.46,14900,23900,40200,50600,25000,73600,45900,55800,64900,56100,6.37,6.36,6.35,6.34,6.33,6.32,6.31,6.3,6.28,6.27,5500,18500,62900,12900,9700,6000,61400,79000,11200,3200,51,4,43,58,44,12,5,113,7,23,37,0,8,28,4,0,9,4,8,3,8914.09090909091,8893.888888888889,19005.757575757576,19454.081632653062,10728.75,12196.363636363636,172.3728813559322,5057.666666666667,21376.0,31693.333333333332,27.36842105263158,1354.0,16811.052631578947,15450.0,-1,-1,-1,-1,-1,-1,1472,2694636,6.426371791960028,17316732.78,427,14760590,34,18600,6.366505376344086,118417.0,2,9720,4860.0,31775.72188147204
20230828093557000,6.37,6.37,6.37,6.37,6.37,6.37,6.37,6.37,6.36,6.37,6.37,6.38,6.39,6.4,6.41,6.42,6.43,6.44,6.45,6.46,13300,24900,40200,50600,26000,73600,45900,55800,64900,56100,6.37,6.36,6.35,6.34,6.33,6.32,6.31,6.3,6.28,6.27,5200,23800,62900,13200,9700,6000,61400,79000,11200,3200,51,4,44,58,44,12,5,113,7,23,37,0,8,28,4,0,9,4,8,3,8914.09090909091,8893.888888888889,19005.757575757576,19454.081632653062,10728.75,12196.363636363636,172.3728813559322,5057.666666666667,21376.0,31693.333333333332,26.0,1354.0,16811.052631578947,15450.0,-1,-1,-1,-1,-1,-1,1476,2701836,6.426220458976785,17362593.78,427,14760590,4,7200,6.426220458976785,45861.0,0,-1,-1,31492.814043332804
20230828093600000,6.37,6.37,6.37,6.37,6.37,6.36,6.37,6.37,6.36,6.37,6.37,6.38,6.39,6.4,6.41,6.42,6.43,6.44,6.45,6.46,8000,25900,40200,50600,26000,73600,45900,55800,64900,56100,6.37,6.36,6.35,6.34,6.33,6.32,6.31,6.3,6.28,6.27,2900,25100,62900,13200,9700,6000,61400,84000,11200,3200,51,4,45,59,44,12,5,113,7,23,37,0,8,28,4,0,9,4,8,3,8485.081967213115,8893.888888888889,19005.757575757576,19454.081632653062,10728.75,12196.363636363636,172.3728813559322,5057.666666666667,21376.0,31693.333333333332,25.365853658536587,1354.0,16811.052631578947,15450.0,-1,-1,-1,-1,-1,-1,1492,2710136,6.426047541525592,17415462.78,439,14815220,16,8300,6.369759036144578,52869.0,12,54630,4552.5,29403.47100525729
20230828093603000,6.37,6.37,6.37,6.37,6.37,6.37,6.37,6.37,6.36,6.37,6.37,6.38,6.39,6.4,6.41,6.42,6.43,6.44,6.45,6.46,15300,25700,47100,50900,26000,73600,45900,55800,64900,56100,6.36,6.35,6.34,6.33,6.32,6.31,6.3,6.28,6.27,6.26,17700,62900,13200,9700,7000,61400,84000,11200,3200,2800,51,4,45,59,44,12,5,113,7,23,37,0,8,28,4,0,9,4,8,3,9312.64,8893.888888888889,19005.757575757576,19454.081632653062,10728.75,12196.363636363636,172.3728813559322,5057.666666666667,21376.0,31693.333333333332,1354.0,16811.052631578947,15450.0,-1,-1,-1,-1,-1,-1,-1,1502,2736136,6.426014471910245,17580880.78,442,14944120,10,26000,6.362230769230769,165418.0,3,128900,42966.666666666664,33695.29731559662
20230828093606000,6.37,6.37,6.37,6.37,6.37,6.37,6.37,6.37,6.36,6.37,6.37,6.38,6.39,6.4,6.41,6.42,6.43,6.44,6.45,6.46,21900,22400,47100,50900,26000,78600,45900,55800,64900,56100,6.36,6.35,6.34,6.33,6.32,6.31,6.3,6.28,6.27,6.26,24900,62900,13200,9700,7000,61400,84000,11200,3200,2800,51,4,45,59,44,12,5,113,7,23,37,0,8,28,4,0,9,4,8,3,9312.64,8893.888888888889,19005.757575757576,19454.081632653062,10728.75,12196.363636363636,172.3728813559322,5057.666666666667,21376.0,31693.333333333332,1354.0,16811.052631578947,15450.0,-1,-1,-1,-1,-1,-1,-1,1510,2742936,6.425295296718553,17624173.78,442,14944120,8,6800,6.425295296718553,43293.0,0,-1,-1,32932.45678668154
20230828093609000,6.37,6.38,6.38,6.38,6.38,6.37,6.37,6.38,6.37,6.38,6.37,6.38,6.39,6.4,6.41,6.42,6.43,6.44,6.45,6.46,11600,18300,47100,53900,31000,78600,45900,55800,64900,56100,6.37,6.36,6.35,6.34,6.33,6.32,6.31,6.3,6.28,6.27,14400,31000,82700,13200,9700,7000,61400,84000,11200,3200,51,4,45,59,44,12,6,113,7,23,37,0,8,28,4,0,9,4,8,3,8862.5,8893.888888888889,19005.757575757576,19454.081632653062,10728.75,12196.363636363636,172.3728813559322,5057.666666666667,21376.0,31693.333333333332,23.043478260869566,1354.0,16811.052631578947,15450.0,-1,-1,-1,-1,-1,-1,1521,2760936,6.4249709981675425,17738852.78,447,14949910,11,18000,6.3710555555555555,114679.0,5,5790,1158.0,34299.15465190377
20230828093612000,6.38,6.38,6.38,6.38,6.38,6.38,6.38,6.38,6.37,6.38,6.37,6.38,6.39,6.4,6.41,6.42,6.43,6.44,6.45,6.46,5100,23100,47100,53900,31000,78600,45900,55800,64900,56100,6.37,6.36,6.35,6.34,6.33,6.32,6.31,6.3,6.28,6.27,6500,34900,83900,13200,9700,7000,61400,84000,11200,3200,51,4,45,59,44,12,6,113,7,23,37,0,8,28,4,0,9,4,8,3,8795.864661654135,8893.888888888889,19005.757575757576,19454.081632653062,10728.75,12196.363636363636,172.3728813559322,5057.666666666667,21376.0,31693.333333333332,73.19148936170212,1354.0,16811.052631578947,15450.0,-1,-1,-1,-1,-1,-1,1527,2776036,6.424648232227536,17835054.78,448,14952290,6,15100,6.370993377483444,96202.0,1,2380,2380.0,33452.27118846583
20230828093615000,6.38,6.38,6.38,6.38,6.38,6.37,6.37,6.38,6.37,6.38,6.38,6.39,6.4,6.41,6.42,6.43,6.44,6.45,6.46,6.47,23300,47100,55400,31000,78600,45900,60700,64900,56100,57300,6.37,6.36,6.35,6.34,6.33,6.32,6.31,6.3,6.28,6.27,900,35900,83900,13200,9700,7000,61400,84000,11200,3200,51,4,45,59,44,12,6,114,7,24,37,0,8,28,4,0,9,4,8,3,10381.756756756757,19005.757575757576,19454.081632653062,10728.75,12196.363636363636,172.3728813559322,5057.666666666667,21376.0,31693.333333333332,5612.380952380952,73.19148936170212,1354.0,16811.052631578947,15450.0,-1,-1,-1,-1,-1,-1,1536,2809436,6.424027021793698,18047892.78,450,15080180,9,33400,6.372395209580838,212838.0,2,127890,63945.0,38557.61410705751
20230828093618000,6.38,6.37,6.37,6.37,6.37,6.38,6.38,6.38,6.37,6.37,6.38,6.39,6.4,6.41,6.42,6.43,6.44,6.45,6.46,6.47,28900,47100,55400,31000,79800,45900,60700,65700,56100,57300,6.37,6.36,6.35,6.34,6.33,6.32,6.31,6.3,6.28,6.27,100,35900,83900,13200,9700,7000,61400,84000,11200,3200,51,4,45,59,44,12,6,114,7,24,37,0,8,28,4,0,9,4,8,3,10381.756756756757,19005.757575757576,19454.081632653062,10728.75,12196.363636363636,172.3728813559322,5057.666666666667,21376.0,31693.333333333332,5612.380952380952,73.19148936170212,1354.0,16811.052631578947,15450.0,-1,-1,-1,-1,-1,-1,1542,2815836,6.423973804373949,18088697.78,450,15080180,6,6400,6.423973804373949,40805.0,0,-1,-1,39336.56902182571
20230828093621000,6.38,6.38,6.38,6.38,6.38,6.38,6.38,6.38,6.38,6.38,6.38,6.39,6.4,6.41,6.42,6.43,6.44,6.45,6.46,6.47,23600,47100,55900,31000,94800,45900,60700,65700,56100,57300,6.37,6.36,6.35,6.34,6.33,6.32,6.31,6.3,6.28,6.27,100,35900,83900,13200,9700,7000,68800,84000,11200,3200,51,4,45,60,44,13,6,114,7,24,37,0,8,28,4,0,9,4,8,3,8935.625,19005.757575757576,19454.081632653062,10728.75,12196.363636363636,172.3728813559322,5057.666666666667,21376.0,31693.333333333332,5612.380952380952,73.19148936170212,1354.0,16811.052631578947,15450.0,-1,-1,-1,-1,-1,-1,1568,2834036,6.423635331378995,18204813.78,472,15169750,26,18200,6.38,116116.0,22,89570,4071.3636363636365,38452.57786362912
20230828093624000,6.38,6.37,6.37,6.37,6.37,6.37,6.37,6.38,6.37,6.37,6.38,6.39,6.4,6.41,6.42,6.43,6.44,6.45,6.46,6.47,22200,47100,89200,31000,97600,45900,60700,65700,56100,57300,6.37,6.36,6.35,6.34,6.33,6.32,6.31,6.3,6.28,6.27,900,35900,83900,13200,9700,7000,69800,84000,11200,3200,51,4,45,60,44,13,6,114,7,25,37,0,8,28,4,0,9,4,8,3,8856.39175257732,19005.757575757576,19454.081632653062,10728.75,12196.363636363636,172.3728813559322,5057.666666666667,21376.0,31693.333333333332,5612.380952380952,73.19148936170212,1354.0,16811.052631578947,15450.0,-1,-1,-1,-1,-1,-1,1573,2838736,6.423562632286503,18234787.78,473,15171000,5,4700,6.377446808510638,29974.0,1,1250,1250.0,41894.23988370241
20230828093627000,6.38,6.38,6.38,6.38,6.38,6.38,6.38,6.38,6.37,6.38,6.38,6.39,6.4,6.41,6.42,6.43,6.44,6.45,6.46,6.47,30400,47100,89200,31000,98100,45900,60700,65700,56100,57300,6.37,6.36,6.35,6.34,6.33,6.32,6.31,6.3,6.28,6.27,3600,38800,83900,13200,9700,7000,69800,84000,11200,3200,51,4,45,60,44,13,6,114,7,26,37,0,8,28,4,0,9,4,8,3,8617.425742574258,19005.757575757576,19454.081632653062,10728.75,12196.363636363636,172.3728813559322,5057.666666666667,21376.0,31693.333333333332,5612.380952380952,73.19148936170212,1354.0,16811.052631578947,15450.0,-1,-1,-1,-1,-1,-1,1584,2846336,6.423437051600781,18283255.78,477,15182290,11,7600,6.377368421052632,48468.0,4,11290,2822.5,43511.18468217302
20230828093630000,6.38,6.38,6.38,6.38,6.38,6.38,6.38,6.38,6.38,6.38,6.38,6.39,6.4,6.41,6.42,6.43,6.44,6.45,6.46,6.47,37200,47100,89200,31000,98100,45900,60700,65700,56100,57300,6.37,6.36,6.35,6.34,6.33,6.32,6.31,6.3,6.28,6.27,4000,38800,83900,13200,9700,7000,69800,84000,11200,3200,51,4,45,60,44,13,6,114,7,26,37,0,8,28,4,0,9,4,8,3,8617.425742574258,19005.757575757576,19454.081632653062,10728.75,12196.363636363636,172.3728813559322,5057.666666666667,21376.0,31693.333333333332,5612.380952380952,73.19148936170212,1354.0,16811.052631578947,15450.0,-1,-1,-1,-1,-1,-1,1590,2851236,6.4233608792818275,18314517.78,477,15182290,6,4900,6.4233608792818275,31262.0,0,-1,-1,42528.01895810101
20230828093633000,6.37,6.37,6.37,6.37,6.37,6.38,6.38,6.38,6.37,6.37,6.37,6.38,6.39,6.4,6.41,6.42,6.43,6.44,6.45,6.46,26300,147700,66600,89200,31000,98100,45900,60700,65700,56100,6.36,6.35,6.34,6.33,6.32,6.31,6.3,6.28,6.27,6.26,38800,83900,13200,9700,7000,69800,84000,11200,3200,2800,51,4,45,60,44,13,6,114,7,26,37,0,8,28,4,0,9,4,8,3,8238.38028169014,8617.425742574258,19005.757575757576,19454.081632653062,10728.75,12196.363636363636,172.3728813559322,5057.666666666667,21376.0,31693.333333333332,1354.0,16811.052631578947,15450.0,-1,-1,-1,-1,-1,-1,-1,1621,2942736,6.421702721548926,18897375.78,495,15443520,31,91500,6.370032786885246,582858.0,18,261230,14512.777777777777,52258.556037916205
20230828093636000,6.37,6.37,6.37,6.37,6.37,6.37,6.37,6.37,6.37,6.37,6.37,6.38,6.39,6.4,6.41,6.42,6.43,6.44,6.45,6.46,15500,152700,66600,93800,31000,98100,45900,60700,65700,56100,6.36,6.35,6.34,6.33,6.32,6.31,6.3,6.28,6.27,6.26,38800,83900,13200,9900,7000,69800,84000,11200,3200,2800,51,4,45,61,44,13,6,114,7,26,37,0,8,28,4,0,9,4,8,3,8052.1768707483,8617.425742574258,19005.757575757576,19454.081632653062,10728.75,12196.363636363636,172.3728813559322,5057.666666666667,21376.0,31693.333333333332,1354.0,16811.052631578947,15450.0,-1,-1,-1,-1,-1,-1,-1,1631,2954436,6.421497971186379,18971904.78,500,15457340,10,11700,6.37,74529.0,5,13820,2764.0,54178.591484785735
20230828093639000,6.37,6.37,6.37,6.37,6.37,6.36,6.36,6.37,6.36,6.37,6.37,6.38,6.39,6.4,6.41,6.42,6.43,6.44,6.45,6.46,11200,152700,66600,93800,31000,98100,45900,60700,65700,56100,6.36,6.35,6.34,6.33,6.32,6.31,6.3,6.28,6.27,6.26,38700,83900,13200,9900,7000,69800,74000,11200,3200,2800,51,4,45,61,44,13,6,114,7,26,37,0,8,28,4,0,9,4,8,3,7996.9426751592355,8617.425742574258,19005.757575757576,19454.081632653062,10728.75,12196.363636363636,172.3728813559322,5057.666666666667,21376.0,31693.333333333332,1354.0,16811.052631578947,15450.0,-1,-1,-1,-1,-1,-1,-1,1648,2960936,6.42140715277149,19013308.78,510,15529190,17,6500,6.3698461538461535,41404.0,10,71850,7185.0,53241.69886092083
20230828093642000,6.37,6.37,6.37,6.37,6.37,6.36,6.36,6.37,6.36,6.37,6.37,6.38,6.39,6.4,6.41,6.42,6.43,6.44,6.45,6.46,18900,172800,66600,93800,31000,98100,45900,60700,65700,56100,6.36,6.35,6.34,6.33,6.32,6.31,6.3,6.28,6.27,6.26,37800,85400,13200,9900,7000,69800,74000,11200,3200,2800,51,4,45,61,44,13,6,114,7,26,37,0,8,28,4,0,9,4,8,3,7996.9426751592355,8617.425742574258,19005.757575757576,19454.081632653062,10728.75,12196.363636363636,172.3728813559322,5057.666666666667,21376.0,31693.333333333332,1354.0,16811.052631578947,15450.0,-1,-1,-1,-1,-1,-1,-1,1659,2966836,6.42140715277149,19050882.78,510,15529190,11,5900,6.42140715277149,37574.0,0,-1,-1,56326.084315755936
20230828093645000,6.37,6.37,6.37,6.37,6.37,6.36,6.36,6.37,6.36,6.37,6.37,6.38,6.39,6.4,6.41,6.42,6.43,6.44,6.45,6.46,37100,172800,66600,94800,31000,99100,45900,60700,65700,56100,6.36,6.35,6.34,6.33,6.32,6.31,6.3,6.28,6.27,6.26,1000,85400,13200,9900,7000,69800,77700,11200,3200,2800,51,4,45,61,44,13,6,114,7,26,37,0,8,28,4,0,9,4,8,3,7996.9426751592355,8617.425742574258,19005.757575757576,19454.081632653062,10728.75,12196.363636363636,172.3728813559322,5057.666666666667,21376.0,31693.333333333332,1354.0,16811.052631578947,15450.0,-1,-1,-1,-1,-1,-1,-1,1669,3169736,6.42140715277149,20341389.78,510,15529190,10,202900,6.42140715277149,1290507.0,0,-1,-1,55535.9576628963
20230828093648000,6.37,6.37,6.37,6.37,6.37,6.37,6.37,6.37,6.36,6.37,6.37,6.38,6.39,6.4,6.41,6.42,6.43,6.44,6.45,6.46,47000,172800,66600,96800,31000,99100,45900,60700,65700,56100,6.36,6.35,6.34,6.33,6.32,6.31,6.3,6.28,6.27,6.26,800,85400,13200,9900,7000,69800,77700,11200,3200,2800,51,4,45,61,44,13,6,115,7,27,37,0,8,28,4,0,9,4,8,3,8044.2405063291135,8617.425742574258,19005.757575757576,19454.081632653062,10728.75,12196.363636363636,172.3728813559322,5057.666666666667,21376.0,31693.333333333332,1354.0,16811.052631578947,15450.0,-1,-1,-1,-1,-1,-1,-1,1688,3219136,6.416508584912226,20655613.78,511,15544660,19,49400,6.36080971659919,314224.0,1,15470,15470.0,56994.19806436195
20230828093651000,6.37,6.37,6.37,6.37,6.37,6.36,6.36,6.37,6.36,6.37,6.37,6.38,6.39,6.4,6.41,6.42,6.43,6.44,6.45,6.46,50200,172800,66600,97300,31000,99100,45900,60700,67700,56100,6.36,6.35,6.34,6.33,6.32,6.31,6.3,6.28,6.27,6.26,100,85400,13200,9900,7000,69800,77700,11200,3200,2800,51,4,45,61,44,13,6,115,7,27,37,0,8,28,4,0,9,4,8,3,8254.197530864198,8617.425742574258,19005.757575757576,19454.081632653062,10728.75,12196.363636363636,172.3728813559322,5057.666666666667,21376.0,31693.333333333332,1354.0,16811.052631578947,15450.0,-1,-1,-1,-1,-1,-1,-1,1698,3224036,6.416437279236336,20686824.78,515,15610850,10,4900,6.369591836734694,31211.0,4,66190,16547.5,57454.21080930381
20230828093654000,6.36,6.37,6.37,6.37,6.37,6.37,6.37,6.37,6.36,6.37,6.37,6.38,6.39,6.4,6.41,6.42,6.43,6.44,6.45,6.46,27200,172800,66600,97300,31100,103600,46700,60700,67700,56100,6.35,6.34,6.33,6.32,6.31,6.3,6.28,6.27,6.26,6.25,85400,13200,9900,7000,69800,77700,11200,3200,2800,20500,51,4,45,62,44,13,6,115,7,27,37,0,8,28,4,0,9,4,8,3,8265.029239766081,8617.425742574258,19005.757575757576,19454.081632653062,10728.75,12196.363636363636,172.3728813559322,5057.666666666667,21376.0,31693.333333333332,16811.052631578947,15450.0,-1,-1,-1,-1,-1,-1,-1,-1,1716,3255236,6.416056554450474,20885531.78,524,15686990,18,31200,6.3688141025641025,198707.0,9,76140,8460.0,58174.09391429026
20230828093657000,6.36,6.37,6.37,6.37,6.37,6.37,6.37,6.37,6.36,6.37,6.37,6.38,6.39,6.4,6.41,6.42,6.43,6.44,6.45,6.46,32700,177500,66600,97300,31100,103600,46700,60700,67700,56100,6.35,6.34,6.33,6.32,6.31,6.3,6.28,6.27,6.26,6.25,85400,13200,9900,7000,69800,77700,11200,3200,2800,20500,51,4,45,63,44,13,6,115,7,27,37,0,8,28,4,0,9,4,8,3,8265.029239766081,8617.425742574258,19005.757575757576,19454.081632653062,10728.75,12196.363636363636,172.3728813559322,5057.666666666667,21376.0,31693.333333333332,16811.052631578947,15450.0,-1,-1,-1,-1,-1,-1,-1,-1,1722,3261436,6.415886063684831,20925001.78,524,15686990,6,6200,6.415886063684831,39470.0,0,-1,-1,58703.10857097339
20230828093700000,6.37,6.37,6.37,6.37,6.37,6.37,6.37,6.37,6.37,6.37,6.37,6.38,6.39,6.4,6.41,6.42,6.43,6.44,6.45,6.46,28600,174500,66600,98100,31100,103600,46700,60700,67700,56100,6.36,6.35,6.34,6.33,6.32,6.31,6.3,6.28,6.27,6.26,1900,86300,13200,9900,7000,69800,77700,11200,3200,2800,52,4,45,64,44,13,6,116,7,27,37,0,8,28,4,0,9,4,8,3,8265.029239766081,8617.425742574258,19005.757575757576,19454.081632653062,10728.75,12196.363636363636,172.3728813559322,5057.666666666667,21376.0,31693.333333333332,1354.0,16811.052631578947,15450.0,-1,-1,-1,-1,-1,-1,-1,1728,3268836,6.415787789633941,20972139.78,524,15686990,6,7400,6.415787789633941,47138.0,0,-1,-1,55111.23446710212
20230828093703000,6.36,6.36,6.36,6.36,6.36,6.37,6.37,6.37,6.36,6.36,6.36,6.37,6.38,6.39,6.4,6.41,6.42,6.43,6.44,6.45,15900,42500,174500,63600,98100,31100,104600,46700,60700,67700,6.35,6.34,6.33,6.32,6.31,6.3,6.28,6.27,6.26,6.25,88300,13200,9900,7000,69800,77700,11200,3200,2800,20500,52,4,45,64,44,13,6,116,7,27,37,0,8,28,4,0,9,4,8,3,632.1266968325792,8265.029239766081,8617.425742574258,19005.757575757576,19454.081632653062,10728.75,12196.363636363636,172.3728813559322,5057.666666666667,21376.0,16811.052631578947,15450.0,-1,-1,-1,-1,-1,-1,-1,-1,1797,3672236,6.4096631534574575,23537795.78,553,18357140,69,403400,6.360079325731284,2565656.0,29,2670150,92074.13793103448,52312.89130954278
20230828093706000,6.36,6.35,6.35,6.35,6.35,6.35,6.35,6.36,6.35,6.35,6.36,6.37,6.38,6.39,6.4,6.41,6.42,6.43,6.44,6.45,144700,77500,179500,63600,98100,31100,104600,46700,60700,67700,6.35,6.34,6.33,6.32,6.31,6.3,6.28,6.27,6.26,6.25,63800,13200,9900,7000,69800,77700,11200,3200,2800,20500,52,4,45,64,44,13,6,116,7,27,37,0,8,28,4,0,9,4,8,3,632.1266968325792,8265.029239766081,8617.425742574258,19005.757575757576,19454.081632653062,10728.75,12196.363636363636,172.3728813559322,5057.666666666667,21376.0,81082.5,15450.0,-1,-1,-1,-1,-1,-1,-1,-1,1824,3708136,6.4090914626648,23765782.78,562,20308040,27,35900,6.350612813370473,227987.0,9,1950900,216766.66666666666,71205.61474430459
20230828093709000,6.36,6.36,6.36,6.36,6.36,6.36,6.36,6.36,6.35,6.36,6.36,6.37,6.38,6.39,6.4,6.41,6.42,6.43,6.44,6.45,139500,77300,184500,63600,100100,31100,104600,46700,60700,67700,6.35,6.34,6.33,6.32,6.31,6.3,6.28,6.27,6.26,6.25,65600,13200,9900,7000,69800,77700,11200,3200,2800,20500,52,4,45,65,44,13,6,116,7,27,37,0,8,28,4,0,9,4,8,3,632.1266968325792,8265.029239766081,8617.425742574258,19005.757575757576,19454.081632653062,10728.75,12196.363636363636,172.3728813559322,5057.666666666667,21376.0,81082.5,15450.0,-1,-1,-1,-1,-1,-1,-1,-1,1832,3717536,6.408964373176212,23825555.78,562,20308040,8,9400,6.408964373176212,59773.0,0,-1,-1,70980.2084992831
20230828093712000,6.35,6.35,6.35,6.35,6.35,6.36,6.36,6.36,6.35,6.35,6.35,6.36,6.37,6.38,6.39,6.4,6.41,6.42,6.43,6.44,4300,138500,78300,184500,63600,100100,31100,104600,46700,60700,6.35,6.34,6.33,6.32,6.31,6.3,6.28,6.27,6.26,6.25,55500,13200,9900,7000,69800,77700,11200,3200,2800,20500,52,4,45,65,44,13,6,116,7,27,37,0,8,28,4,0,9,4,8,3,0.0,632.1266968325792,8265.029239766081,8617.425742574258,19005.757575757576,19454.081632653062,10728.75,12196.363636363636,172.3728813559322,5057.666666666667,81082.5,15450.0,-1,-1,-1,-1,-1,-1,-1,-1,1838,3730836,6.408849980242333,23910032.78,562,20308040,6,13300,6.408849980242333,84477.0,0,-1,-1,57284.694121395565
20230828093715000,6.36,6.36,6.36,6.36,6.36,6.35,6.35,6.36,6.35,6.36,6.36,6.37,6.38,6.39,6.4,6.41,6.42,6.43,6.44,6.45,133200,78300,184500,63600,100100,31100,104600,46700,60700,67700,6.35,6.34,6.33,6.32,6.31,6.3,6.28,6.27,6.26,6.25,51100,13200,9900,7000,69800,77700,11200,3200,2800,20500,52,4,45,65,44,13,6,116,7,27,37,0,8,28,4,0,9,4,8,3,632.1266968325792,8265.029239766081,8617.425742574258,19005.757575757576,19454.081632653062,10728.75,12196.363636363636,172.3728813559322,5057.666666666667,21376.0,78559.31034482758,15450.0,-1,-1,-1,-1,-1,-1,-1,-1,1845,3743936,6.408574767303715,23993293.78,563,20315950,7,13100,6.355801526717557,83261.0,1,7910,7910.0,66419.54755456428
20230828093718000,6.35,6.35,6.35,6.35,6.35,6.36,6.36,6.36,6.35,6.35,6.36,6.37,6.38,6.39,6.4,6.41,6.42,6.43,6.44,6.45,132100,79800,184500,63600,100100,31100,104600,46700,60700,67700,6.35,6.34,6.33,6.32,6.31,6.3,6.28,6.27,6.26,6.25,42200,13200,9900,7000,69800,77700,11200,3200,2800,20500,52,4,45,65,44,13,6,116,7,27,37,0,8,28,4,0,9,4,8,3,632.1266968325792,8265.029239766081,8617.425742574258,19005.757575757576,19454.081632653062,10728.75,12196.363636363636,172.3728813559322,5057.666666666667,21376.0,68401.17647058824,15450.0,-1,-1,-1,-1,-1,-1,-1,-1,1859,3754636,6.4084481306612915,24061249.78,568,20363370,14,10700,6.351028037383178,67956.0,5,47420,9484.0,68128.12948064362
20230828093721000,6.36,6.35,6.35,6.35,6.35,6.35,6.35,6.36,6.35,6.35,6.36,6.37,6.38,6.39,6.4,6.41,6.42,6.43,6.44,6.45,138500,79800,184500,63600,100100,31100,104600,46700,60700,68500,6.35,6.34,6.33,6.32,6.31,6.3,6.28,6.27,6.26,6.25,40000,13200,9900,7000,69800,77700,11200,3200,2800,20500,52,4,45,65,45,13,6,117,7,27,37,0,8,28,4,0,9,4,8,3,632.1266968325792,8265.029239766081,8617.425742574258,19005.757575757576,19454.081632653062,10728.75,12196.363636363636,172.3728813559322,5057.666666666667,21376.0,68401.17647058824,15450.0,-1,-1,-1,-1,-1,-1,-1,-1,1867,3765836,6.408355124960893,24132412.78,568,20363370,8,11200,6.408355124960893,71163.0,0,-1,-1,54448.71554882905
20230828093724000,6.35,6.36,6.36,6.36,6.36,6.35,6.35,6.36,6.35,6.36,6.36,6.37,6.38,6.39,6.4,6.41,6.42,6.43,6.44,6.45,141100,76700,186500,58700,100100,28400,104600,41000,60700,68500,6.35,6.34,6.33,6.32,6.31,6.3,6.28,6.27,6.26,6.25,35800,6700,9900,7000,69800,77700,11200,3200,2800,20500,52,4,45,65,45,13,6,117,7,27,37,0,8,28,4,0,9,4,8,3,632.1266968325792,8265.029239766081,8617.425742574258,19005.757575757576,19454.081632653062,10728.75,12196.363636363636,172.3728813559322,5057.666666666667,21376.0,64965.555555555555,15450.0,-1,-1,-1,-1,-1,-1,-1,-1,1876,3782336,6.4081912946314885,24237271.78,570,20376490,9,16500,6.355090909090909,104859.0,2,13120,6560.0,67377.94428070734
20230828093727000,6.36,6.36,6.36,6.36,6.36,6.36,6.36,6.36,6.35,6.36,6.36,6.37,6.38,6.39,6.4,6.41,6.42,6.43,6.44,6.45,112200,76700,191600,59000,100100,28400,104600,41000,60700,68500,6.35,6.34,6.33,6.32,6.31,6.3,6.28,6.27,6.26,6.25,42600,6700,9900,7000,69800,77700,11200,3200,2800,20500,52,4,46,65,46,13,6,117,7,27,37,0,8,28,4,0,9,4,8,3,841.2053571428571,8265.029239766081,8617.425742574258,19005.757575757576,19454.081632653062,10728.75,12196.363636363636,172.3728813559322,5057.666666666667,21376.0,54065.90909090909,15450.0,-1,-1,-1,-1,-1,-1,-1,-1,1911,3832636,6.407349870950438,24557039.78,581,20465360,35,50300,6.357216699801193,319768.0,11,88870,8079.090909090909,64643.16851202803
20230828093730000,6.35,6.36,6.36,6.36,6.36,6.36,6.36,6.36,6.35,6.36,6.36,6.37,6.38,6.39,6.4,6.41,6.42,6.43,6.44,6.45,86600,80700,191600,59000,100100,28400,104600,41000,60700,68500,6.35,6.34,6.33,6.32,6.31,6.3,6.28,6.27,6.26,6.25,32800,6700,9900,7000,69800,77700,11200,3200,2800,20500,52,4,46,65,46,13,6,117,7,27,37,0,8,28,4,0,9,4,8,3,915.1315789473684,8265.029239766081,8617.425742574258,19005.757575757576,19454.081632653062,10728.75,12196.363636363636,172.3728813559322,5057.666666666667,21376.0,50901.063829787236,15450.0,-1,-1,-1,-1,-1,-1,-1,-1,1941,3871836,6.406830965980998,24806198.78,587,20494780,30,39200,6.356096938775511,249159.0,6,29420,4903.333333333333,60234.40636450534
20230828093733000,6.36,6.36,6.36,6.36,6.36,6.35,6.35,6.36,6.35,6.36,6.36,6.37,6.38,6.39,6.4,6.41,6.42,6.43,6.44,6.45,95900,80700,191600,59000,100100,28400,106600,41000,60700,68500,6.35,6.34,6.33,6.32,6.31,6.3,6.28,6.27,6.26,6.25,60400,6700,9900,7000,69800,77700,11200,3200,2800,20500,52,4,46,65,46,13,6,118,7,27,37,0,9,28,4,0,9,4,8,3,935.6277056277056,8265.029239766081,8617.425742574258,19005.757575757576,19454.081632653062,10728.75,12196.363636363636,172.3728813559322,5057.666666666667,21376.0,49977.916666666664,15450.0,-1,-1,-1,-1,-1,-1,-1,-1,1959,3888036,6.40662915158193,24909204.78,591,20508850,18,16200,6.358395061728395,103006.0,4,14070,3517.5,64415.92221602677
20230828093736000,6.36,6.35,6.35,6.35,6.35,6.36,6.36,6.36,6.35,6.35,6.36,6.37,6.38,6.39,6.4,6.41,6.42,6.43,6.44,6.45,94600,88300,191600,59000,100100,28400,106600,41000,60700,68500,6.36,6.35,6.34,6.33,6.32,6.31,6.3,6.28,6.27,6.26,100,67700,6700,9900,7000,69800,77700,11200,3200,2800,52,4,46,65,46,13,6,119,7,27,37,0,9,28,4,0,9,4,8,3,935.6277056277056,8265.029239766081,8617.425742574258,19005.757575757576,19454.081632653062,10728.75,12196.363636363636,172.3728813559322,5057.666666666667,21376.0,19934.890510948906,49152.04081632653,15450.0,-1,-1,-1,-1,-1,-1,-1,1968,3892436,6.4065742108135275,24937168.78,592,20518360,9,4400,6.3554545454545455,27964.0,1,9510,9510.0,50024.14170782221
20230828093739000,6.36,6.36,6.36,6.36,6.36,6.37,6.37,6.37,6.35,6.36,6.36,6.37,6.38,6.39,6.4,6.41,6.42,6.43,6.44,6.45,91700,88700,198600,59000,100100,28400,107400,41000,60700,68500,6.35,6.34,6.33,6.32,6.31,6.3,6.28,6.27,6.26,6.25,49300,7200,9900,7000,69800,77700,11200,3200,2800,20500,52,4,46,65,46,13,6,119,7,27,37,0,9,28,4,0,9,4,8,3,940.5106382978723,8265.029239766081,8617.425742574258,19005.757575757576,19454.081632653062,10728.75,12196.363636363636,172.3728813559322,5057.666666666667,21376.0,47580.19607843137,15450.0,-1,-1,-1,-1,-1,-1,-1,-1,1983,3909636,6.406349070485141,25046469.78,598,20541390,15,17200,6.354709302325581,109301.0,6,23030,3838.3333333333335,64192.81603472996
