timestamp,preclose,open,high,low,close,preclose_range,open_range,high_range,low_range,close_range,ask_price_0,ask_price_1,ask_price_2,ask_price_3,ask_price_4,ask_price_5,ask_price_6,ask_price_7,ask_price_8,ask_price_9,ask_volume_0,ask_volume_1,ask_volume_2,ask_volume_3,ask_volume_4,ask_volume_5,ask_volume_6,ask_volume_7,ask_volume_8,ask_volume_9,bid_price_0,bid_price_1,bid_price_2,bid_price_3,bid_price_4,bid_price_5,bid_price_6,bid_price_7,bid_price_8,bid_price_9,bid_volume_0,bid_volume_1,bid_volume_2,bid_volume_3,bid_volume_4,bid_volume_5,bid_volume_6,bid_volume_7,bid_volume_8,bid_volume_9,ask_order_num_0,ask_order_num_1,ask_order_num_2,ask_order_num_3,ask_order_num_4,ask_order_num_5,ask_order_num_6,ask_order_num_7,ask_order_num_8,ask_order_num_9,bid_order_num_0,bid_order_num_1,bid_order_num_2,bid_order_num_3,bid_order_num_4,bid_order_num_5,bid_order_num_6,bid_order_num_7,bid_order_num_8,bid_order_num_9,ask_order_stale_0,ask_order_stale_1,ask_order_stale_2,ask_order_stale_3,ask_order_stale_4,ask_order_stale_5,ask_order_stale_6,ask_order_stale_7,ask_order_stale_8,ask_order_stale_9,bid_order_stale_0,bid_order_stale_1,bid_order_stale_2,bid_order_stale_3,bid_order_stale_4,bid_order_stale_5,bid_order_stale_6,bid_order_stale_7,bid_order_stale_8,bid_order_stale_9,order_num,volume,VWAP,amount,passive_num,passive_stale_total,order_num_range,volume_range,VWAP_range,amount_range,passive_num_range,passive_stale_total_range,passive_stale_avg_range,depth
20230707093003000,6.64,6.65,6.65,6.65,6.65,6.67,6.67,6.68,6.64,6.65,6.65,6.66,6.67,6.68,6.69,6.7,6.71,6.72,6.73,6.74,5600,32000,41100,59650,34100,26400,9100,55500,38300,9100,6.65,6.64,6.63,6.62,6.61,6.6,6.59,6.58,6.57,6.56,200,100,8000,41100,15600,20100,14300,6400,6000,73000,58,8,3,7,4,12,4,9,5,4,1,3,4,5,1,11,2,9,13,5,0.0,780.0,0.0,-1,-1,-1,-1,-1,-1,-1,-1,751990.0,-1,-1,-1,-1,-1,-1,-1,-1,51,43100,6.654756380510441,286820.0,3,1505540,49,42500,6.654541176470588,282818.0,3,1505540,501846.6666666667,21867.61191652063
20230707093006000,6.64,6.65,6.65,6.65,6.65,6.66,6.66,6.66,6.64,6.65,6.65,6.66,6.67,6.68,6.69,6.7,6.71,6.72,6.73,6.74,5300,33600,66600,62150,34600,27400,9800,56000,43300,12600,6.64,6.63,6.62,6.61,6.6,6.59,6.58,6.57,6.56,6.55,800,8000,41800,15600,20600,14300,6400,6000,73000,2000,60,8,3,7,4,13,4,9,5,4,2,3,4,5,1,11,2,9,14,5,0.0,1788.5714285714287,0.0,-1,-1,-1,-1,-1,-1,-1,502383.3333333333,-1,-1,-1,-1,-1,-1,-1,-1,-1,81,50700,6.65422090729783,337369.0,20,1522500,30,7600,6.651184210526316,50549.0,17,16960,997.6470588235294,25283.623745419787
20230707093009000,6.64,6.64,6.64,6.64,6.64,6.65,6.65,6.65,6.64,6.64,6.64,6.65,6.66,6.67,6.68,6.69,6.7,6.71,6.72,6.73,2400,47300,20300,66600,62150,35100,27400,9800,56000,43300,6.63,6.62,6.61,6.6,6.59,6.58,6.57,6.56,6.55,6.54,8000,41800,15600,20600,14300,9400,6000,73000,2000,1000,61,9,3,7,4,14,4,9,5,4,2,4,4,5,1,11,2,9,14,5,0.0,0.0,1788.5714285714287,0.0,-1,-1,-1,-1,-1,-1,-1,-1,-1,-1,-1,-1,-1,-1,-1,-1,105,72600,6.6500275482093665,482792.0,23,1532390,24,21900,6.6403196347031965,145423.0,3,9890,3296.6666666666665,26470.296319898036
20230707093012000,6.63,6.63,6.63,6.63,6.63,6.63,6.63,6.63,6.63,6.63,6.63,6.64,6.65,6.66,6.67,6.68,6.69,6.7,6.71,6.72,200,4000,47900,20300,66600,63650,35100,27400,9800,56000,6.63,6.62,6.61,6.6,6.59,6.58,6.57,6.56,6.55,6.54,7800,41800,15800,20600,14300,9400,6000,73000,2000,1000,61,9,3,7,4,15,4,9,5,4,2,4,4,5,1,11,2,9,14,5,-1,0.0,0.0,1788.5714285714287,0.0,-1,-1,-1,-1,-1,0.0,-1,-1,-1,-1,-1,-1,-1,-1,-1,106,72900,6.6500275482093665,484781.0,23,1532390,1,300,6.6500275482093665,1989.0,0,-1,-1,22703.57555360841
20230707093015000,6.63,6.63,6.63,6.63,6.63,6.63,6.63,6.63,6.63,6.63,6.63,6.64,6.65,6.66,6.67,6.68,6.69,6.7,6.71,6.72,200,4100,47900,20200,66600,63650,35100,27400,9800,56000,6.63,6.62,6.61,6.6,6.59,6.58,6.57,6.56,6.55,6.54,8000,41900,15800,20600,14300,9400,6000,73000,2000,1000,61,9,3,7,4,15,4,9,5,4,2,4,4,5,1,11,2,9,14,5,140.0,0.0,0.0,1788.5714285714287,0.0,-1,-1,-1,-1,-1,146.66666666666666,-1,-1,-1,-1,-1,-1,-1,-1,-1,110,73100,6.649890560875513,486107.0,25,1533110,4,200,6.63,1326.0,2,720,360.0,22723.35610164091
20230707093018000,6.63,6.63,6.63,6.63,6.63,6.63,6.63,6.63,6.63,6.63,6.64,6.65,6.66,6.67,6.68,6.69,6.7,6.71,6.72,6.73,4500,47900,19200,66600,63650,35100,27400,9800,56000,43300,6.63,6.62,6.61,6.6,6.59,6.58,6.57,6.56,6.55,6.54,8700,41900,14300,20600,14300,9400,6000,73000,2000,1000,61,9,3,7,4,15,4,9,5,4,2,4,4,5,1,11,2,9,14,5,0.0,0.0,1788.5714285714287,0.0,-1,-1,-1,-1,-1,-1,146.66666666666666,-1,-1,-1,-1,-1,-1,-1,-1,-1,112,75500,6.649890560875513,502019.0,25,1533110,2,2400,6.649890560875513,15912.0,0,-1,-1,26890.74796877489
20230707093021000,6.63,6.63,6.63,6.63,6.63,6.64,6.64,6.64,6.63,6.63,6.64,6.65,6.66,6.67,6.68,6.69,6.7,6.71,6.72,6.73,4400,48100,19200,66200,63650,35100,27400,9800,56000,43300,6.63,6.62,6.61,6.6,6.59,6.58,6.57,6.56,6.55,6.54,6400,42500,14300,20600,14300,9400,6000,73000,2000,1000,61,9,3,7,4,15,4,9,5,4,2,4,4,5,1,11,2,9,14,5,0.0,0.0,1788.5714285714287,0.0,-1,-1,-1,-1,-1,-1,1793.3333333333333,-1,-1,-1,-1,-1,-1,-1,-1,-1,118,78000,6.648653846153846,518595.0,28,1543430,6,2500,6.6304,16576.0,3,10320,3440.0,22507.150111518236
20230707093024000,6.63,6.64,6.64,6.64,6.64,6.64,6.64,6.64,6.64,6.64,6.64,6.65,6.66,6.67,6.68,6.69,6.7,6.71,6.72,6.73,4600,48100,26500,71200,63650,36100,27400,9800,56000,43300,6.63,6.62,6.61,6.6,6.59,6.58,6.57,6.56,6.55,6.54,6800,42500,14300,21100,14300,9400,6000,73000,2000,1000,61,9,3,7,4,15,4,9,5,4,2,4,4,5,1,11,2,9,15,5,0.0,0.0,1788.5714285714287,0.0,-1,-1,-1,-1,-1,-1,1793.3333333333333,-1,-1,-1,-1,-1,-1,-1,-1,-1,119,78100,6.648642765685019,519259.0,28,1543430,1,100,6.648642765685019,664.0,0,-1,-1,27513.013780468376
20230707093027000,6.63,6.64,6.64,6.64,6.64,6.64,6.64,6.64,6.64,6.64,6.63,6.64,6.65,6.66,6.67,6.68,6.69,6.7,6.71,6.72,400,7000,48100,26500,71200,63650,36100,27400,9800,56000,6.63,6.62,6.61,6.6,6.59,6.58,6.57,6.56,6.55,6.54,8200,42500,14300,21100,14300,9400,6000,73000,2000,1000,61,9,3,7,4,15,4,9,5,4,2,4,4,5,1,11,2,9,15,5,93.33333333333333,0.0,0.0,1788.5714285714287,0.0,-1,-1,-1,-1,-1,1793.3333333333333,-1,-1,-1,-1,-1,-1,-1,-1,-1,119,78100,6.648642765685019,519259.0,28,1543430,0,0,-1,0.0,0,-1,-1,23616.240839573045
20230707093030000,6.64,6.63,6.63,6.63,6.63,6.63,6.63,6.63,6.63,6.63,6.63,6.64,6.65,6.66,6.67,6.68,6.69,6.7,6.71,6.72,14400,7000,48100,26500,71200,63650,36100,27400,9800,56000,6.63,6.62,6.61,6.6,6.59,6.58,6.57,6.56,6.55,6.54,8200,45100,14300,21100,14300,9400,6000,74500,2000,1000,61,9,3,7,4,15,4,9,5,4,2,4,4,5,1,12,2,9,15,5,93.33333333333333,0.0,0.0,1788.5714285714287,0.0,-1,-1,-1,-1,-1,1537.142857142857,-1,-1,-1,-1,-1,-1,-1,-1,-1,120,78300,6.648642765685019,520585.0,28,1543430,1,200,6.648642765685019,1326.0,0,-1,-1,25428.69105464394
20230707093033000,6.64,6.63,6.63,6.63,6.63,6.63,6.63,6.63,6.63,6.63,6.63,6.64,6.65,6.66,6.67,6.68,6.69,6.7,6.71,6.72,15800,6800,48100,26500,71200,63650,36300,27400,9800,56000,6.63,6.62,6.61,6.6,6.59,6.58,6.57,6.56,6.55,6.54,8200,54200,14300,26100,14300,9400,6000,74500,2000,1000,61,9,3,7,4,15,4,9,5,4,2,4,4,5,1,12,2,9,16,5,93.33333333333333,0.0,0.0,1788.5714285714287,0.0,-1,-1,-1,-1,-1,1537.142857142857,-1,-1,-1,-1,-1,-1,-1,-1,-1,120,78300,6.648642765685019,520585.0,28,1543430,0,0,-1,0.0,0,-1,-1,26689.12597578461
20230707093036000,6.63,6.62,6.62,6.62,6.62,6.62,6.62,6.62,6.62,6.62,6.63,6.64,6.65,6.66,6.67,6.68,6.69,6.7,6.71,6.72,17300,6800,48100,26500,71200,63650,36300,27400,9800,56000,6.63,6.62,6.61,6.6,6.59,6.58,6.57,6.56,6.55,6.54,7700,53700,14300,26100,14300,9400,6000,74500,2000,1000,61,9,3,7,4,15,4,9,5,4,2,4,4,5,1,12,2,9,16,5,93.33333333333333,0.0,0.0,1788.5714285714287,0.0,-1,-1,-1,-1,-1,1537.142857142857,-1,-1,-1,-1,-1,-1,-1,-1,-1,121,78800,6.648642765685019,523895.0,28,1543430,1,500,6.648642765685019,3310.0,0,-1,-1,26939.832921777917
20230707093039000,6.63,6.62,6.62,6.62,6.62,6.62,6.62,6.62,6.62,6.62,6.63,6.64,6.65,6.66,6.67,6.68,6.69,6.7,6.71,6.72,18000,6800,48100,26500,71200,63650,36300,27400,9800,56000,6.63,6.62,6.61,6.6,6.59,6.58,6.57,6.56,6.55,6.54,7700,53800,14300,26100,14300,9400,6000,84500,2000,1000,61,9,3,7,4,15,4,9,5,4,2,4,4,5,1,12,2,9,16,5,93.33333333333333,0.0,0.0,1788.5714285714287,0.0,-1,-1,-1,-1,-1,1537.142857142857,-1,-1,-1,-1,-1,-1,-1,-1,-1,121,78800,6.648642765685019,523895.0,28,1543430,0,0,-1,0.0,0,-1,-1,27057.13617173809
20230707093042000,6.63,6.62,6.62,6.62,6.62,6.63,6.63,6.63,6.62,6.62,6.63,6.64,6.65,6.66,6.67,6.68,6.69,6.7,6.71,6.72,15400,6800,48100,26500,71200,66250,36300,27400,9800,56000,6.63,6.62,6.61,6.6,6.59,6.58,6.57,6.56,6.55,6.54,5700,51800,14300,26100,14300,9400,6000,84500,2000,1000,61,10,3,7,4,15,4,9,5,4,2,4,4,5,1,13,2,9,16,5,93.33333333333333,0.0,0.0,1788.5714285714287,0.0,-1,-1,-1,-1,-1,1076.0,-1,-1,-1,-1,-1,-1,-1,-1,-1,125,83400,6.647891491985203,554373.0,28,1543430,4,4600,6.647891491985203,30478.0,0,-1,-1,23133.10150151346
20230707093045000,6.62,6.63,6.63,6.63,6.63,6.63,6.63,6.63,6.63,6.63,6.63,6.64,6.65,6.66,6.67,6.68,6.69,6.7,6.71,6.72,14900,6800,48100,26500,71200,66250,38300,27400,9800,56000,6.63,6.62,6.61,6.6,6.59,6.58,6.57,6.56,6.55,6.54,5700,51800,14300,26100,14300,9400,6000,84500,2000,1000,61,10,3,7,4,15,4,9,5,4,2,4,4,5,1,13,2,9,16,5,93.33333333333333,0.0,0.0,1788.5714285714287,0.0,-1,-1,-1,-1,-1,978.1818181818181,-1,-1,-1,-1,-1,-1,-1,-1,-1,126,83900,6.647891491985203,557688.0,28,1543430,1,500,6.647891491985203,3315.0,0,-1,-1,26685.840170463594
20230707093048000,6.62,6.62,6.62,6.62,6.62,6.62,6.62,6.62,6.62,6.62,6.63,6.64,6.65,6.66,6.67,6.68,6.69,6.7,6.71,6.72,15900,6800,48100,29500,71200,76250,38300,27400,9800,56000,6.63,6.62,6.61,6.6,6.59,6.58,6.57,6.56,6.55,6.54,5000,51200,18000,26100,14300,9400,6000,84500,2000,1000,61,10,3,7,4,15,4,9,5,4,2,4,4,5,1,13,2,9,16,5,93.33333333333333,0.0,0.0,1788.5714285714287,0.0,-1,-1,-1,-1,-1,978.1818181818181,-1,-1,-1,-1,-1,-1,-1,-1,-1,128,84600,6.646832151300236,562322.0,28,1543430,2,700,6.646832151300236,4634.0,0,-1,-1,23373.381491954755
20230707093051000,6.62,6.63,6.63,6.63,6.63,6.62,6.62,6.63,6.62,6.63,6.63,6.64,6.65,6.66,6.67,6.68,6.69,6.7,6.71,6.72,11000,6800,48100,29000,71200,76250,38300,27400,9800,56000,6.63,6.62,6.61,6.6,6.59,6.58,6.57,6.56,6.55,6.54,4300,51000,18000,36200,14300,11400,6000,84500,2000,1000,61,10,3,7,4,15,4,9,5,4,2,5,4,5,1,13,2,9,17,5,93.33333333333333,0.0,0.0,1788.5714285714287,0.0,-1,-1,-1,-1,-1,896.6666666666666,-1,-1,-1,-1,-1,-1,-1,-1,-1,131,90200,6.646611957796014,599443.0,28,1543430,3,5600,6.646611957796014,37121.0,0,-1,-1,27330.38374223355
20230707093054000,6.63,6.62,6.62,6.62,6.62,6.63,6.63,6.63,6.62,6.62,6.63,6.64,6.65,6.66,6.67,6.68,6.69,6.7,6.71,6.72,8000,6800,48100,29000,70600,74750,38300,27400,9800,56000,6.63,6.62,6.61,6.6,6.59,6.58,6.57,6.56,6.55,6.54,3200,52400,18000,37300,14300,11400,6000,84500,2000,1000,61,10,3,7,4,15,4,9,5,4,2,5,4,5,1,13,2,9,19,5,93.33333333333333,0.0,0.0,1788.5714285714287,0.0,-1,-1,-1,-1,-1,827.6923076923077,-1,-1,-1,-1,-1,-1,-1,-1,-1,133,94300,6.6449098621421,626615.0,28,1543430,2,4100,6.6449098621421,27172.0,0,-1,-1,26887.457184960967
20230707093057000,6.63,6.62,6.62,6.62,6.62,6.63,6.63,6.63,6.62,6.62,6.63,6.64,6.65,6.66,6.67,6.68,6.69,6.7,6.71,6.72,7800,6800,48100,29000,70600,74750,38300,27400,9800,56000,6.63,6.62,6.61,6.6,6.59,6.58,6.57,6.56,6.55,6.54,3000,52300,18000,37300,14300,11400,6000,100200,2000,1000,62,10,3,7,4,15,4,9,5,4,2,5,4,5,1,14,2,9,19,5,93.33333333333333,0.0,0.0,1788.5714285714287,0.0,-1,-1,-1,-1,-1,717.3333333333334,-1,-1,-1,-1,-1,-1,-1,-1,-1,136,94700,6.644825765575502,629265.0,28,1543430,3,400,6.644825765575502,2650.0,0,-1,-1,27221.55787000159
20230707093100000,6.62,6.63,6.63,6.63,6.63,6.63,6.63,6.63,6.63,6.63,6.63,6.64,6.65,6.66,6.67,6.68,6.69,6.7,6.71,6.72,8000,6800,47600,29000,55700,74750,38300,27400,9800,56000,6.63,6.62,6.61,6.6,6.59,6.58,6.57,6.56,6.55,6.54,3000,52400,18000,37300,14300,11400,6000,100200,2000,1000,62,10,3,7,4,15,4,9,5,4,2,5,4,5,1,14,2,9,19,5,93.33333333333333,0.0,0.0,1788.5714285714287,0.0,-1,-1,-1,-1,-1,672.5,-1,-1,-1,-1,-1,-1,-1,-1,-1,137,94800,6.644825765575502,629928.0,28,1543430,1,100,6.644825765575502,663.0,0,-1,-1,26536.13888003823
20230707093103000,6.63,6.62,6.62,6.62,6.62,6.63,6.63,6.63,6.62,6.62,6.63,6.64,6.65,6.66,6.67,6.68,6.69,6.7,6.71,6.72,9100,6800,47600,29000,55700,74750,38300,27400,9800,56000,6.63,6.62,6.61,6.6,6.59,6.58,6.57,6.56,6.55,6.54,2600,52100,25600,37300,14300,11400,6000,100200,2000,1000,62,10,3,7,4,15,4,9,5,4,2,5,4,5,1,14,2,9,19,5,93.33333333333333,0.0,0.0,1788.5714285714287,0.0,-1,-1,-1,-1,-1,566.3157894736842,-1,-1,-1,-1,-1,-1,-1,-1,-1,141,95500,6.644659685863874,634565.0,28,1543430,4,700,6.644659685863874,4637.0,0,-1,-1,26932.66986617811
20230707093106000,6.62,6.63,6.63,6.63,6.63,6.63,6.63,6.63,6.63,6.63,6.63,6.64,6.65,6.66,6.67,6.68,6.69,6.7,6.71,6.72,9600,6800,47600,29000,55700,74750,38300,27400,9800,56000,6.63,6.62,6.61,6.6,6.59,6.58,6.57,6.56,6.55,6.54,2600,51500,25600,37300,14300,11400,6000,100200,2000,1000,62,10,3,7,4,15,4,9,5,4,2,5,4,5,1,14,2,9,19,5,93.33333333333333,0.0,0.0,1788.5714285714287,0.0,-1,-1,-1,-1,-1,538.0,-1,-1,-1,-1,-1,-1,-1,-1,-1,142,95700,6.644659685863874,635891.0,28,1543430,1,200,6.644659685863874,1326.0,0,-1,-1,27125.875219053683
20230707093109000,6.63,6.63,6.63,6.63,6.63,6.63,6.63,6.63,6.63,6.63,6.63,6.64,6.65,6.66,6.67,6.68,6.69,6.7,6.71,6.72,14500,6800,47600,29000,55700,74750,38300,27400,9800,56000,6.63,6.62,6.61,6.6,6.59,6.58,6.57,6.56,6.55,6.54,2600,51600,25600,47300,16300,11400,6000,100200,2000,1000,62,10,3,7,4,15,4,9,5,4,2,5,4,5,1,14,2,9,20,5,93.33333333333333,0.0,0.0,1788.5714285714287,0.0,-1,-1,-1,-1,-1,512.3809523809524,-1,-1,-1,-1,-1,-1,-1,-1,-1,143,95800,6.644659685863874,636554.0,28,1543430,1,100,6.644659685863874,663.0,0,-1,-1,28299.564879719608
20230707093112000,6.63,6.63,6.63,6.63,6.63,6.63,6.63,6.63,6.62,6.63,6.63,6.64,6.65,6.66,6.67,6.68,6.69,6.7,6.71,6.72,11400,6800,47600,29000,55700,74750,38300,27400,9800,56000,6.62,6.61,6.6,6.59,6.58,6.57,6.56,6.55,6.54,6.53,48300,25600,47300,16800,11400,6000,100200,2000,1000,8400,62,10,3,7,4,15,4,9,5,4,2,5,4,5,1,14,2,9,20,5,47675.0,0.0,0.0,1788.5714285714287,0.0,-1,-1,-1,-1,-1,-1,-1,-1,-1,-1,-1,-1,-1,-1,-1,163,102700,6.643369140625,682270.0,33,1924550,20,6900,6.625507246376811,45716.0,5,381120,76224.0,27454.455751155005
20230707093115000,6.63,6.63,6.63,6.63,6.63,6.63,6.63,6.63,6.63,6.63,6.63,6.64,6.65,6.66,6.67,6.68,6.69,6.7,6.71,6.72,10700,6800,47600,29000,55700,74750,38300,27400,9800,56000,6.62,6.61,6.6,6.59,6.58,6.57,6.56,6.55,6.54,6.53,48300,25600,47300,16800,11400,6000,100200,2000,1000,8400,62,10,3,7,4,15,4,9,5,4,2,5,4,5,1,14,2,9,20,5,48606.666666666664,0.0,0.0,1788.5714285714287,0.0,-1,-1,-1,-1,-1,-1,-1,-1,-1,-1,-1,-1,-1,-1,-1,170,103400,6.643239845261122,686911.0,34,1980610,7,700,6.63,4641.0,1,56060,56060.0,27357.853074717215
20230707093118000,6.63,6.63,6.63,6.63,6.63,6.63,6.63,6.63,6.63,6.63,6.64,6.65,6.66,6.67,6.68,6.69,6.7,6.71,6.72,6.73,6800,47600,29000,55700,74750,38300,27400,9800,56000,43300,6.62,6.61,6.6,6.59,6.58,6.57,6.56,6.55,6.54,6.53,49300,25600,47300,16800,11400,6000,100200,2000,1000,8400,62,10,3,7,4,15,4,9,5,4,2,5,4,5,1,14,2,9,20,5,0.0,0.0,1788.5714285714287,0.0,-1,-1,-1,-1,-1,-1,-1,-1,-1,-1,-1,-1,-1,-1,-1,-1,213,115500,6.641852813852814,767134.0,44,2133390,43,12100,6.63,80223.0,10,152780,15278.0,26056.017006531776
20230707093121000,6.63,6.63,6.63,6.63,6.63,6.63,6.63,6.63,6.63,6.63,6.64,6.65,6.66,6.67,6.68,6.69,6.7,6.71,6.72,6.73,6800,47600,29700,55700,90450,38300,27400,9800,56000,43300,6.63,6.62,6.61,6.6,6.59,6.58,6.57,6.56,6.55,6.54,36200,51200,26300,47300,16800,12400,6000,100200,2000,1000,62,10,3,7,4,15,4,9,5,4,2,6,4,5,1,14,2,9,20,5,0.0,0.0,1788.5714285714287,0.0,-1,-1,-1,-1,-1,-1,147.3972602739726,-1,-1,-1,-1,-1,-1,-1,-1,-1,214,115700,6.641832324978393,768460.0,45,2136090,1,200,6.63,1326.0,1,2700,2700.0,34546.542934522855
20230707093124000,6.63,6.63,6.63,6.63,6.63,6.63,6.63,6.63,6.63,6.63,6.64,6.65,6.66,6.67,6.68,6.69,6.7,6.71,6.72,6.73,7000,47600,29700,55700,90450,38300,27400,9800,56000,43300,6.63,6.62,6.61,6.6,6.59,6.58,6.57,6.56,6.55,6.54,36200,51200,26300,47300,16800,12400,6000,100200,2000,1000,62,10,3,7,4,15,4,9,5,4,2,6,4,5,1,14,2,9,20,5,0.0,0.0,1788.5714285714287,0.0,-1,-1,-1,-1,-1,-1,147.3972602739726,-1,-1,-1,-1,-1,-1,-1,-1,-1,214,115700,6.641832324978393,768460.0,45,2136090,0,0,-1,0.0,0,-1,-1,34622.445037438265
20230707093127000,6.63,6.63,6.63,6.63,6.63,6.63,6.63,6.63,6.63,6.63,6.64,6.65,6.66,6.67,6.68,6.69,6.7,6.71,6.72,6.73,7300,47600,29700,54900,90450,38300,27400,9800,56000,43300,6.63,6.62,6.61,6.6,6.59,6.58,6.57,6.56,6.55,6.54,35400,56200,26300,50200,16800,12400,6000,100200,2000,1000,62,10,3,7,4,15,4,9,5,4,2,6,4,5,1,14,2,9,21,5,0.0,0.0,1788.5714285714287,0.0,-1,-1,-1,-1,-1,-1,147.3972602739726,-1,-1,-1,-1,-1,-1,-1,-1,-1,215,117700,6.641631265930331,781720.0,45,2136090,1,2000,6.641631265930331,13260.0,0,-1,-1,34914.0931177314
20230707093130000,6.63,6.63,6.63,6.63,6.63,6.63,6.63,6.63,6.63,6.63,6.64,6.65,6.66,6.67,6.68,6.69,6.7,6.71,6.72,6.73,7300,47600,29700,54900,90450,38300,27400,9800,56000,43300,6.63,6.62,6.61,6.6,6.59,6.58,6.57,6.56,6.55,6.54,35300,56200,26300,50200,16800,12400,6000,100200,2000,1000,62,10,3,7,4,15,4,9,5,4,2,6,4,5,1,14,2,9,22,5,0.0,0.0,1788.5714285714287,0.0,-1,-1,-1,-1,-1,-1,147.3972602739726,-1,-1,-1,-1,-1,-1,-1,-1,-1,216,117800,6.641621392190153,782383.0,45,2136090,1,100,6.641621392190153,663.0,0,-1,-1,30547.45001593118
20230707093133000,6.63,6.63,6.63,6.63,6.63,6.63,6.63,6.63,6.63,6.63,6.64,6.65,6.66,6.67,6.68,6.69,6.7,6.71,6.72,6.73,7900,47600,29700,54900,100750,38300,27400,9800,56000,43300,6.63,6.62,6.61,6.6,6.59,6.58,6.57,6.56,6.55,6.54,35100,56200,26300,50200,16800,12400,6000,100200,2000,1000,62,10,3,7,4,15,4,9,5,4,2,6,4,5,1,14,2,10,22,5,0.0,0.0,1788.5714285714287,0.0,-1,-1,-1,-1,-1,-1,147.3972602739726,-1,-1,-1,-1,-1,-1,-1,-1,-1,217,118000,6.641601694915254,783709.0,45,2136090,1,200,6.641601694915254,1326.0,0,-1,-1,35079.69770591047
20230707093136000,6.63,6.63,6.63,6.63,6.63,6.63,6.63,6.63,6.63,6.63,6.63,6.64,6.65,6.66,6.67,6.68,6.69,6.7,6.71,6.72,1000,7900,47600,29700,54900,100750,38300,30200,9800,56000,6.63,6.62,6.61,6.6,6.59,6.58,6.57,6.56,6.55,6.54,35100,57300,26800,51200,16800,12400,6000,100200,2000,1000,62,10,3,7,4,15,4,9,5,4,2,6,4,5,1,14,2,10,23,5,25780.0,0.0,0.0,1788.5714285714287,0.0,-1,-1,-1,-1,-1,147.3972602739726,-1,-1,-1,-1,-1,-1,-1,-1,-1,217,118000,6.641601694915254,783709.0,45,2136090,0,0,-1,0.0,0,-1,-1,31313.152182571288
20230707093139000,6.63,6.63,6.63,6.63,6.63,6.63,6.63,6.63,6.63,6.63,6.64,6.65,6.66,6.67,6.68,6.69,6.7,6.71,6.72,6.73,7900,47600,29700,55400,90450,38300,30200,9800,56000,43300,6.63,6.62,6.61,6.6,6.59,6.58,6.57,6.56,6.55,6.54,35100,60300,26800,52200,16800,12400,6000,100200,2000,1000,62,10,3,7,4,15,4,9,5,4,2,6,4,5,1,14,2,10,24,5,0.0,0.0,1788.5714285714287,0.0,-1,-1,-1,-1,-1,-1,145.40540540540542,-1,-1,-1,-1,-1,-1,-1,-1,-1,218,121000,6.641601694915254,803599.0,45,2136090,1,3000,6.641601694915254,19890.0,0,-1,-1,31721.249203441133
20230707093142000,6.63,6.63,6.63,6.63,6.63,6.63,6.63,6.63,6.63,6.63,6.64,6.65,6.66,6.67,6.68,6.69,6.7,6.71,6.72,6.73,8300,47600,29700,55400,90450,38300,30200,9800,56000,43300,6.63,6.62,6.61,6.6,6.59,6.58,6.57,6.56,6.55,6.54,133300,60200,26800,52200,16800,12400,6000,100200,2000,1000,62,10,3,7,4,15,4,9,5,4,2,6,4,5,1,14,2,10,24,5,0.0,0.0,1788.5714285714287,0.0,-1,-1,-1,-1,-1,-1,145.40540540540542,-1,-1,-1,-1,-1,-1,-1,-1,-1,222,122800,6.641601694915254,815533.0,45,2136090,4,1800,6.641601694915254,11934.0,0,-1,-1,40252.185558387755
20230707093145000,6.63,6.63,6.63,6.63,6.63,6.63,6.63,6.63,6.63,6.63,6.64,6.65,6.66,6.67,6.68,6.69,6.7,6.71,6.72,6.73,8500,47600,29700,55400,90450,38300,30200,9800,56000,43300,6.63,6.62,6.61,6.6,6.59,6.58,6.57,6.56,6.55,6.54,130600,60200,26800,52200,16800,12400,6000,100200,2000,1000,62,10,3,7,4,15,4,9,5,4,2,6,4,5,1,14,2,10,24,5,0.0,0.0,1788.5714285714287,0.0,-1,-1,-1,-1,-1,-1,145.40540540540542,-1,-1,-1,-1,-1,-1,-1,-1,-1,224,125800,6.641601694915254,835423.0,45,2136090,2,3000,6.641601694915254,19890.0,0,-1,-1,40551.19384259996
20230707093148000,6.63,6.63,6.63,6.63,6.63,6.63,6.63,6.63,6.63,6.63,6.64,6.65,6.66,6.67,6.68,6.69,6.7,6.71,6.72,6.73,8500,47600,29700,55400,90450,38300,30700,9800,56000,43300,6.63,6.62,6.61,6.6,6.59,6.58,6.57,6.56,6.55,6.54,128400,70000,26800,53200,16800,14100,6000,103200,2000,1000,62,10,3,7,4,15,4,9,5,4,2,7,4,5,1,15,2,10,25,5,0.0,0.0,1788.5714285714287,0.0,-1,-1,-1,-1,-1,-1,145.40540540540542,-1,-1,-1,-1,-1,-1,-1,-1,-1,225,129800,6.641601694915254,861943.0,45,2136090,1,4000,6.641601694915254,26520.0,0,-1,-1,41503.80356858371
20230707093151000,6.64,6.63,6.63,6.63,6.63,6.63,6.63,6.64,6.63,6.63,6.64,6.65,6.66,6.67,6.68,6.69,6.7,6.71,6.72,6.73,8300,47600,29700,55400,95450,38300,30700,9800,56000,43300,6.63,6.62,6.61,6.6,6.59,6.58,6.57,6.56,6.55,6.54,127300,80000,26800,53700,16800,14100,6000,103200,2000,1000,62,10,3,7,4,15,4,9,5,4,2,7,4,5,1,15,2,10,25,5,0.0,0.0,1788.5714285714287,0.0,-1,-1,-1,-1,-1,-1,145.40540540540542,-1,-1,-1,-1,-1,-1,-1,-1,-1,228,131700,6.641601694915254,874548.0,45,2136090,3,1900,6.641601694915254,12605.0,0,-1,-1,45938.29855026286
20230707093154000,6.63,6.64,6.64,6.64,6.64,6.64,6.64,6.64,6.64,6.64,6.64,6.65,6.66,6.67,6.68,6.69,6.7,6.71,6.72,6.73,6800,47600,29700,55400,95450,38300,30700,9800,56000,43300,6.63,6.62,6.61,6.6,6.59,6.58,6.57,6.56,6.55,6.54,127900,80000,27000,53700,16800,14100,6000,103200,2000,1000,62,10,3,7,4,15,4,9,5,4,2,7,4,5,1,15,2,10,26,5,0.0,0.0,1788.5714285714287,0.0,-1,-1,-1,-1,-1,-1,145.40540540540542,-1,-1,-1,-1,-1,-1,-1,-1,-1,229,133200,6.641601694915254,884508.0,45,2136090,1,1500,6.641601694915254,9960.0,0,-1,-1,41077.04815198343
20230707093157000,6.63,6.64,6.64,6.64,6.64,6.64,6.64,6.64,6.64,6.64,6.64,6.65,6.66,6.67,6.68,6.69,6.7,6.71,6.72,6.73,6800,47600,29700,55400,95450,38300,30700,9800,56000,43300,6.63,6.62,6.61,6.6,6.59,6.58,6.57,6.56,6.55,6.54,127900,80000,27000,55100,16800,14100,6000,103200,2000,1000,62,10,3,7,4,15,4,9,5,4,2,7,4,5,1,15,2,10,26,5,0.0,0.0,1788.5714285714287,0.0,-1,-1,-1,-1,-1,-1,145.40540540540542,-1,-1,-1,-1,-1,-1,-1,-1,-1,229,133200,6.641601694915254,884508.0,45,2136090,0,0,-1,0.0,0,-1,-1,45820.535287557745
20230707093200000,6.63,6.64,6.64,6.64,6.64,6.63,6.63,6.64,6.63,6.64,6.64,6.65,6.66,6.67,6.68,6.69,6.7,6.71,6.72,6.73,6400,47600,29700,55400,95450,38300,30700,9800,56000,43300,6.63,6.62,6.61,6.6,6.59,6.58,6.57,6.56,6.55,6.54,127300,80000,27000,55100,16800,14100,6000,103200,2000,1000,62,10,3,7,4,15,4,9,5,4,2,7,4,5,1,15,2,10,27,5,0.0,0.0,1788.5714285714287,0.0,-1,-1,-1,-1,-1,-1,145.40540540540542,-1,-1,-1,-1,-1,-1,-1,-1,-1,231,134800,6.640403587443946,895126.0,45,2136090,2,1600,6.640403587443946,10618.0,0,-1,-1,45774.53401306356
20230707093203000,6.63,6.63,6.63,6.63,6.63,6.63,6.63,6.63,6.63,6.63,6.64,6.65,6.66,6.67,6.68,6.69,6.7,6.71,6.72,6.73,7600,47600,29700,55400,95450,38300,30700,9800,56000,43300,6.63,6.62,6.61,6.6,6.59,6.58,6.57,6.56,6.55,6.54,127000,80000,27000,55100,16800,14100,8500,103200,2000,1000,62,10,3,7,4,16,4,9,5,4,2,7,4,5,1,15,2,10,27,5,0.0,0.0,1788.5714285714287,0.0,-1,-1,-1,-1,-1,-1,145.40540540540542,-1,-1,-1,-1,-1,-1,-1,-1,-1,238,137100,6.6402261123267685,910375.0,45,2136090,7,2300,6.6402261123267685,15249.0,0,-1,-1,45805.20152939302
20230707093206000,6.63,6.63,6.63,6.63,6.63,6.63,6.63,6.63,6.63,6.63,6.64,6.65,6.66,6.67,6.68,6.69,6.7,6.71,6.72,6.73,7600,47600,29700,55400,95450,38300,30700,10800,56000,43300,6.63,6.62,6.61,6.6,6.59,6.58,6.57,6.56,6.55,6.54,129000,80000,27000,57900,16800,14100,8500,103200,2000,1000,62,10,3,7,4,16,4,9,5,4,2,7,4,5,1,15,2,10,28,5,0.0,0.0,1788.5714285714287,0.0,-1,-1,-1,-1,-1,-1,145.40540540540542,-1,-1,-1,-1,-1,-1,-1,-1,-1,238,137100,6.6402261123267685,910375.0,45,2136090,0,0,-1,0.0,0,-1,-1,46302.01529393022
20230707093209000,6.63,6.63,6.63,6.63,6.63,6.63,6.63,6.63,6.63,6.63,6.64,6.65,6.66,6.67,6.68,6.69,6.7,6.71,6.72,6.73,7600,47600,29700,55400,95450,38300,30700,10800,56000,43300,6.63,6.62,6.61,6.6,6.59,6.58,6.57,6.56,6.55,6.54,129000,80000,28500,57900,16800,14100,8500,103200,2000,1000,62,10,3,7,4,16,4,9,5,4,2,7,4,5,1,15,2,10,28,5,0.0,0.0,1788.5714285714287,0.0,-1,-1,-1,-1,-1,-1,145.40540540540542,-1,-1,-1,-1,-1,-1,-1,-1,-1,238,137100,6.6402261123267685,910375.0,45,2136090,0,0,-1,0.0,0,-1,-1,46415.485104349216
20230707093212000,6.63,6.63,6.63,6.63,6.63,6.63,6.63,6.63,6.63,6.63,6.64,6.65,6.66,6.67,6.68,6.69,6.7,6.71,6.72,6.73,8100,47600,29700,55400,95950,38300,30700,10800,56000,43300,6.63,6.62,6.61,6.6,6.59,6.58,6.57,6.56,6.55,6.54,129000,85200,28500,57900,16800,14100,8500,103200,2000,1000,63,10,3,7,4,16,4,9,5,4,2,7,4,5,1,15,2,10,28,5,0.0,0.0,1788.5714285714287,0.0,-1,-1,-1,-1,-1,-1,145.40540540540542,-1,-1,-1,-1,-1,-1,-1,-1,-1,238,137100,6.6402261123267685,910375.0,45,2136090,0,0,-1,0.0,0,-1,-1,46817.99625617333
20230707093215000,6.63,6.63,6.63,6.63,6.63,6.63,6.63,6.63,6.63,6.63,6.64,6.65,6.66,6.67,6.68,6.69,6.7,6.71,6.72,6.73,8100,47600,32400,55400,95950,38300,30700,10800,56000,43300,6.63,6.62,6.61,6.6,6.59,6.58,6.57,6.56,6.55,6.54,130600,85200,29500,57900,17000,14100,8500,103200,2000,1000,63,10,3,7,4,17,4,9,5,4,2,7,4,5,1,15,2,10,28,5,0.0,0.0,1788.5714285714287,0.0,-1,-1,-1,-1,-1,-1,145.40540540540542,-1,-1,-1,-1,-1,-1,-1,-1,-1,238,137100,6.6402261123267685,910375.0,45,2136090,0,0,-1,0.0,0,-1,-1,47226.09327704317
20230707093218000,6.63,6.63,6.63,6.63,6.63,6.63,6.63,6.63,6.63,6.63,6.64,6.65,6.66,6.67,6.68,6.69,6.7,6.71,6.72,6.73,9500,47600,32400,55400,95950,38300,35700,10800,56000,43300,6.63,6.62,6.61,6.6,6.59,6.58,6.57,6.56,6.55,6.54,132400,85400,29500,57900,17100,16100,8500,103200,2000,1000,63,10,3,7,4,17,4,9,5,4,2,8,4,5,1,15,2,10,28,5,0.0,0.0,1788.5714285714287,0.0,-1,-1,-1,-1,-1,-1,145.40540540540542,-1,-1,-1,-1,-1,-1,-1,-1,-1,239,137600,6.640188953488372,913690.0,45,2136090,1,500,6.640188953488372,3315.0,0,-1,-1,47853.353512824586
20230707093221000,6.63,6.64,6.64,6.64,6.64,6.64,6.64,6.64,6.64,6.64,6.64,6.65,6.66,6.67,6.68,6.69,6.7,6.71,6.72,6.73,8900,47600,32400,55400,95950,38300,37700,10800,56000,43300,6.63,6.62,6.61,6.6,6.59,6.58,6.57,6.56,6.55,6.54,132400,85400,30500,57900,17100,16100,8500,103200,2000,1000,63,10,3,7,4,17,4,9,5,4,2,8,4,5,1,15,2,10,28,5,3584.4,0.0,1788.5714285714287,0.0,-1,-1,-1,-1,-1,-1,145.40540540540542,-1,-1,-1,-1,-1,-1,-1,-1,-1,242,138200,6.640188133140376,917674.0,47,2315310,3,600,6.64,3984.0,2,179220,89610.0,47853.353512824586
20230707093224000,6.64,6.63,6.64,6.63,6.64,6.64,6.63,6.64,6.63,6.64,6.64,6.65,6.66,6.67,6.68,6.69,6.7,6.71,6.72,6.73,8800,47600,32400,55400,93450,38300,37700,10800,56000,43300,6.63,6.62,6.61,6.6,6.59,6.58,6.57,6.56,6.55,6.54,134100,86900,30200,58100,18600,16100,8500,103200,2000,1000,63,10,3,7,4,17,4,9,5,4,2,8,4,5,1,15,2,10,29,5,3584.4,0.0,1788.5714285714287,0.0,-1,-1,-1,-1,-1,-1,145.40540540540542,-1,-1,-1,-1,-1,-1,-1,-1,-1,244,138700,6.640158615717375,920990.0,47,2315310,2,500,6.640158615717375,3316.0,0,-1,-1,48105.24334873348
20230707093227000,6.64,6.64,6.64,6.64,6.64,6.64,6.64,6.64,6.64,6.64,6.64,6.65,6.66,6.67,6.68,6.69,6.7,6.71,6.72,6.73,8600,47600,32400,55400,93450,38300,37700,10800,56000,43300,6.63,6.62,6.61,6.6,6.59,6.58,6.57,6.56,6.55,6.54,134300,86900,30200,58600,18600,16100,8500,103200,2000,1000,63,10,3,7,4,17,4,9,5,4,2,8,4,5,1,15,2,10,30,5,5356.274509803921,0.0,1788.5714285714287,0.0,-1,-1,-1,-1,-1,-1,145.40540540540542,-1,-1,-1,-1,-1,-1,-1,-1,-1,246,138900,6.640158387329014,922318.0,48,2409260,2,200,6.64,1328.0,1,93950,93950.0,48119.04373108173
20230707093230000,6.63,6.64,6.64,6.64,6.64,6.64,6.64,6.64,6.63,6.64,6.64,6.65,6.66,6.67,6.68,6.69,6.7,6.71,6.72,6.73,7600,47600,32400,55400,93450,38300,37700,10800,56000,43300,6.63,6.62,6.61,6.6,6.59,6.58,6.57,6.56,6.55,6.54,134100,86900,30200,58600,18600,16100,8500,103200,2000,1000,63,10,3,7,4,17,4,9,5,4,2,8,4,5,1,15,2,10,30,5,6763.461538461538,0.0,1788.5714285714287,0.0,-1,-1,-1,-1,-1,-1,145.40540540540542,-1,-1,-1,-1,-1,-1,-1,-1,-1,252,140200,6.640135520684736,930947.0,49,2487790,6,1300,6.637692307692308,8629.0,1,78530,78530.0,42619.47088577346
20230707093233000,6.63,6.64,6.64,6.64,6.64,6.64,6.64,6.64,6.64,6.64,6.64,6.65,6.66,6.67,6.68,6.69,6.7,6.71,6.72,6.73,7500,47600,37400,55400,93450,38300,37700,10800,56000,43300,6.63,6.62,6.61,6.6,6.59,6.58,6.57,6.56,6.55,6.54,139100,87100,30200,59000,20100,16100,8500,103200,2000,1000,63,10,3,7,4,17,4,9,5,4,2,8,4,5,1,15,2,10,31,5,6763.461538461538,0.0,1788.5714285714287,0.0,-1,-1,-1,-1,-1,-1,145.40540540540542,-1,-1,-1,-1,-1,-1,-1,-1,-1,252,140200,6.640135520684736,930947.0,49,2487790,0,0,-1,0.0,0,-1,-1,48385.1939620838
20230707093236000,6.64,6.64,6.64,6.64,6.64,6.64,6.64,6.64,6.64,6.64,6.64,6.65,6.66,6.67,6.68,6.69,6.7,6.71,6.72,6.73,4600,47700,37400,55400,93450,38300,37700,10800,56000,43300,6.63,6.62,6.61,6.6,6.59,6.58,6.57,6.56,6.55,6.54,139400,87100,30200,65000,20100,16100,8500,103200,2000,1000,63,10,3,7,4,17,4,9,5,4,2,8,4,5,1,15,2,10,33,5,6763.461538461538,0.0,1788.5714285714287,0.0,-1,-1,-1,-1,-1,-1,145.40540540540542,-1,-1,-1,-1,-1,-1,-1,-1,-1,258,143100,6.6401327742837175,950203.0,49,2487790,6,2900,6.6401327742837175,19256.0,0,-1,-1,43194.519675003976
20230707093239000,6.64,6.64,6.64,6.64,6.64,6.64,6.64,6.64,6.64,6.64,6.64,6.65,6.66,6.67,6.68,6.69,6.7,6.71,6.72,6.73,12100,47700,37400,55400,93450,38300,38700,10800,56000,43300,6.63,6.62,6.61,6.6,6.59,6.58,6.57,6.56,6.55,6.54,139700,87100,30200,65000,20100,16100,8500,103200,2000,1000,63,10,3,7,4,17,4,9,5,4,2,8,4,5,1,15,2,10,33,5,6763.461538461538,0.0,1788.5714285714287,0.0,-1,-1,-1,-1,-1,-1,145.40540540540542,-1,-1,-1,-1,-1,-1,-1,-1,-1,259,143200,6.6401327742837175,950867.0,49,2487790,1,100,6.6401327742837175,664.0,0,-1,-1,44284.74988051617
20230707093242000,6.64,6.64,6.64,6.64,6.64,6.64,6.64,6.64,6.64,6.64,6.64,6.65,6.66,6.67,6.68,6.69,6.7,6.71,6.72,6.73,13300,47700,37400,55400,93450,43300,38700,10800,56000,43300,6.63,6.62,6.61,6.6,6.59,6.58,6.57,6.56,6.55,6.54,140000,87100,30200,65000,20100,16100,8500,103200,2000,1000,63,10,3,7,4,17,4,9,5,4,2,8,4,5,1,15,2,10,33,5,6763.461538461538,0.0,1788.5714285714287,0.0,-1,-1,-1,-1,-1,-1,145.40540540540542,-1,-1,-1,-1,-1,-1,-1,-1,-1,259,143200,6.6401327742837175,950867.0,49,2487790,0,0,-1,0.0,0,-1,-1,50217.68758961288
20230707093245000,6.64,6.64,6.64,6.64,6.64,6.64,6.64,6.64,6.64,6.64,6.64,6.65,6.66,6.67,6.68,6.69,6.7,6.71,6.72,6.73,12600,47700,37400,55400,93450,43300,38700,10800,56000,43300,6.63,6.62,6.61,6.6,6.59,6.58,6.57,6.56,6.55,6.54,140000,87100,30200,65000,20100,16100,8500,103200,2000,1000,63,10,3,7,4,17,4,9,5,4,2,8,4,5,1,15,2,10,33,5,6763.461538461538,0.0,1788.5714285714287,0.0,-1,-1,-1,-1,-1,-1,145.40540540540542,-1,-1,-1,-1,-1,-1,-1,-1,-1,260,143900,6.6401320361362055,955515.0,49,2487790,1,700,6.6401320361362055,4648.0,0,-1,-1,50148.6856778716
20230707093248000,6.64,6.63,6.63,6.63,6.63,6.64,6.64,6.64,6.63,6.63,6.64,6.65,6.66,6.67,6.68,6.69,6.7,6.71,6.72,6.73,13100,47700,37400,55400,93450,43300,38700,10800,56000,43300,6.63,6.62,6.61,6.6,6.59,6.58,6.57,6.56,6.55,6.54,139600,87100,30200,66600,20100,16100,8500,103200,2200,1000,63,10,4,7,4,17,4,9,5,4,2,8,5,5,1,15,2,10,34,5,6844.905660377359,0.0,1788.5714285714287,0.0,-1,-1,-1,-1,-1,-1,145.40540540540542,-1,-1,-1,-1,-1,-1,-1,-1,-1,263,146300,6.640102529049898,971447.0,50,2498870,3,2400,6.638333333333334,15932.0,1,11080,11080.0,45389.94941851203
20230707093251000,6.64,6.63,6.63,6.63,6.63,6.64,6.64,6.64,6.63,6.63,6.64,6.65,6.66,6.67,6.68,6.69,6.7,6.71,6.72,6.73,13400,47700,37400,55400,93450,43300,38700,10800,56000,43300,6.63,6.62,6.61,6.6,6.59,6.58,6.57,6.56,6.55,6.54,137500,87100,30200,66600,20100,16100,8500,103200,2200,1000,63,10,4,7,4,17,4,9,5,4,2,8,5,5,1,15,2,10,34,5,6965.740740740741,0.0,1788.5714285714287,0.0,-1,-1,-1,-1,-1,-1,145.40540540540542,-1,-1,-1,-1,-1,-1,-1,-1,-1,266,148600,6.6399596231493945,986698.0,51,2512240,3,2300,6.630869565217392,15251.0,1,13370,13370.0,45615.35566353354
20230707093254000,6.64,6.63,6.63,6.63,6.63,6.63,6.63,6.63,6.63,6.63,6.64,6.65,6.66,6.67,6.68,6.69,6.7,6.71,6.72,6.73,22000,47700,37400,55400,93450,43300,38700,10800,56000,43300,6.63,6.62,6.61,6.6,6.59,6.58,6.57,6.56,6.55,6.54,141100,87100,30200,66600,20100,16100,8500,103200,2200,1000,63,10,4,7,4,17,4,9,5,4,2,8,5,5,1,15,2,10,34,5,6965.740740740741,0.0,1788.5714285714287,0.0,-1,-1,-1,-1,-1,-1,145.40540540540542,-1,-1,-1,-1,-1,-1,-1,-1,-1,266,148600,6.6399596231493945,986698.0,51,2512240,0,0,-1,0.0,0,-1,-1,51529.142106101644
20230707093257000,6.64,6.63,6.63,6.63,6.63,6.63,6.63,6.63,6.63,6.63,6.64,6.65,6.66,6.67,6.68,6.69,6.7,6.71,6.72,6.73,15700,47700,37400,55400,93450,43300,38700,10800,56000,43300,6.63,6.62,6.61,6.6,6.59,6.58,6.57,6.56,6.55,6.54,141100,87100,30200,66600,20100,16100,8500,103200,2200,1000,63,10,4,7,4,17,4,9,5,4,2,8,5,5,1,15,2,10,34,5,6965.740740740741,0.0,1788.5714285714287,0.0,-1,-1,-1,-1,-1,-1,145.40540540540542,-1,-1,-1,-1,-1,-1,-1,-1,-1,266,148600,6.6399596231493945,986698.0,51,2512240,0,0,-1,0.0,0,-1,-1,50618.316871116775
20230707093300000,6.63,6.64,6.64,6.64,6.64,6.64,6.64,6.64,6.64,6.64,6.64,6.65,6.66,6.67,6.68,6.69,6.7,6.71,6.72,6.73,15500,47700,37400,55400,93650,43300,38700,10800,56000,43300,6.63,6.62,6.61,6.6,6.59,6.58,6.57,6.56,6.55,6.54,141600,87100,30200,66600,20100,16100,8500,103200,2200,1000,63,10,4,7,4,17,4,9,5,4,2,8,5,5,1,15,2,10,34,5,6965.740740740741,0.0,1788.5714285714287,0.0,-1,-1,-1,-1,-1,-1,145.40540540540542,-1,-1,-1,-1,-1,-1,-1,-1,-1,267,148800,6.6399596231493945,988026.0,51,2512240,1,200,6.6399596231493945,1328.0,0,-1,-1,50737.92018480166
20230707093303000,6.63,6.65,6.65,6.65,6.65,6.64,6.64,6.65,6.63,6.65,6.64,6.65,6.66,6.67,6.68,6.69,6.7,6.71,6.72,6.73,500,48300,37400,55400,93650,43300,38700,10800,56000,43300,6.63,6.62,6.61,6.6,6.59,6.58,6.57,6.56,6.55,6.54,141400,94500,30200,68600,20100,16100,8500,103200,2400,1000,63,10,4,7,4,17,4,9,5,4,2,8,6,5,1,15,2,10,35,5,9111.40350877193,0.0,1788.5714285714287,0.0,-1,-1,-1,-1,-1,-1,145.40540540540542,-1,-1,-1,-1,-1,-1,-1,-1,-1,274,164000,6.639993902439024,1088959.0,54,2655440,7,15200,6.640328947368421,100933.0,3,143200,47733.333333333336,49358.300143380606
20230707093306000,6.64,6.64,6.64,6.64,6.64,6.64,6.64,6.64,6.64,6.64,6.65,6.66,6.67,6.68,6.69,6.7,6.71,6.72,6.73,6.74,47500,37400,55400,93650,43400,39000,10800,56000,43300,14600,6.63,6.62,6.61,6.6,6.59,6.58,6.57,6.56,6.55,6.54,143400,94500,30200,68600,20100,16100,8500,103200,2400,1000,63,10,4,7,4,17,4,9,5,4,2,8,6,6,1,15,2,10,35,5,0.0,1788.5714285714287,0.0,-1,-1,-1,-1,-1,-1,-1,145.40540540540542,-1,-1,-1,-1,-1,-1,-1,-1,-1,277,164600,6.639993902439024,1092943.0,54,2655440,3,600,6.639993902439024,3984.0,0,-1,-1,55246.37466146248
20230707093309000,6.64,6.64,6.64,6.64,6.64,6.64,6.64,6.64,6.64,6.64,6.65,6.66,6.67,6.68,6.69,6.7,6.71,6.72,6.73,6.74,47500,37400,55400,93650,43400,39000,10800,56000,43300,14600,6.64,6.63,6.62,6.61,6.6,6.59,6.58,6.57,6.56,6.55,11800,144000,94500,30200,68600,20100,16100,8500,103200,2400,63,10,4,7,4,17,4,9,5,4,2,8,6,6,1,15,2,11,35,5,0.0,1788.5714285714287,0.0,-1,-1,-1,-1,-1,-1,-1,45970.90909090909,145.40540540540542,-1,-1,-1,-1,-1,-1,-1,-1,278,164700,6.639993902439024,1093607.0,54,2655440,1,100,6.639993902439024,664.0,0,-1,-1,50573.10120280388
20230707093312000,6.64,6.64,6.64,6.64,6.64,6.64,6.64,6.64,6.64,6.64,6.65,6.66,6.67,6.68,6.69,6.7,6.71,6.72,6.73,6.74,47700,37400,55400,93650,43400,59000,10800,56000,43300,14600,6.64,6.63,6.62,6.61,6.6,6.59,6.58,6.57,6.56,6.55,12200,144000,94500,30200,68600,20100,17800,8500,103200,2400,63,10,4,7,4,17,4,9,5,4,2,9,6,6,1,15,2,11,35,5,0.0,1788.5714285714287,0.0,-1,-1,-1,-1,-1,-1,-1,45970.90909090909,145.40540540540542,-1,-1,-1,-1,-1,-1,-1,-1,280,165100,6.639993943064809,1096263.0,54,2655440,2,400,6.639993943064809,2656.0,0,-1,-1,51472.09753863311
20230707093315000,6.64,6.64,6.64,6.64,6.64,6.64,6.64,6.64,6.64,6.64,6.65,6.66,6.67,6.68,6.69,6.7,6.71,6.72,6.73,6.74,47700,37400,55400,93650,43400,59000,10800,56000,43300,14600,6.64,6.63,6.62,6.61,6.6,6.59,6.58,6.57,6.56,6.55,12400,144000,94500,30200,68600,20100,17800,8500,103200,2400,63,10,4,7,4,17,4,9,5,4,2,10,6,6,1,15,2,11,35,5,0.0,1788.5714285714287,0.0,-1,-1,-1,-1,-1,-1,-1,45970.90909090909,145.40540540540542,-1,-1,-1,-1,-1,-1,-1,-1,280,165100,6.639993943064809,1096263.0,54,2655440,0,0,-1,0.0,0,-1,-1,51478.231041899
20230707093318000,6.64,6.64,6.64,6.64,6.64,6.64,6.64,6.64,6.64,6.64,6.65,6.66,6.67,6.68,6.69,6.7,6.71,6.72,6.73,6.74,47700,37400,55400,100150,43400,59000,10800,56000,43300,14600,6.64,6.63,6.62,6.61,6.6,6.59,6.58,6.57,6.56,6.55,16600,145200,94500,30200,70600,20100,17800,8500,103200,2400,63,10,4,7,4,17,4,9,5,4,2,10,6,6,1,15,2,11,36,5,0.0,1788.5714285714287,0.0,-1,-1,-1,-1,-1,-1,-1,45970.90909090909,145.40540540540542,-1,-1,-1,-1,-1,-1,-1,-1,283,165900,6.639993972272453,1101575.0,54,2655440,3,800,6.639993972272453,5312.0,0,-1,-1,52044.70387924167
20230707093321000,6.64,6.64,6.64,6.64,6.64,6.64,6.64,6.64,6.64,6.64,6.65,6.66,6.67,6.68,6.69,6.7,6.71,6.72,6.73,6.74,47700,37500,55400,100250,43400,59000,10800,56000,43300,14600,6.64,6.63,6.62,6.61,6.6,6.59,6.58,6.57,6.56,6.55,15600,145200,94500,30200,70900,20100,17800,8500,103200,2400,63,10,4,7,4,17,4,9,5,4,2,10,6,6,1,15,2,11,37,5,0.0,1788.5714285714287,0.0,-1,-1,-1,-1,-1,-1,-1,45970.90909090909,145.40540540540542,-1,-1,-1,-1,-1,-1,-1,-1,284,166900,6.639994008388256,1108215.0,54,2655440,1,1000,6.639994008388256,6640.0,0,-1,-1,46560.290544846255
20230707093324000,6.64,6.64,6.64,6.64,6.64,6.65,6.65,6.65,6.64,6.64,6.65,6.66,6.67,6.68,6.69,6.7,6.71,6.72,6.73,6.74,48200,37500,55400,100250,43400,59000,10800,56000,43300,14600,6.64,6.63,6.62,6.61,6.6,6.59,6.58,6.57,6.56,6.55,15500,145200,94500,30200,70900,20400,17800,8500,103200,2400,63,10,4,7,4,17,4,9,5,4,2,10,6,6,1,15,2,11,37,5,0.0,1788.5714285714287,0.0,-1,-1,-1,-1,-1,-1,-1,44618.82352941176,145.40540540540542,-1,-1,-1,-1,-1,-1,-1,-1,287,167600,6.640005966587112,1112865.0,55,2655450,3,700,6.642857142857143,4650.0,1,10,10.0,46469.43802772025
20230707093327000,6.64,6.65,6.65,6.65,6.65,6.65,6.65,6.65,6.65,6.65,6.65,6.66,6.67,6.68,6.69,6.7,6.71,6.72,6.73,6.74,47900,37500,55400,100250,43400,59000,10800,56000,43300,14600,6.64,6.63,6.62,6.61,6.6,6.59,6.58,6.57,6.56,6.55,15600,145200,94500,30200,70900,20400,17800,8500,103200,2400,63,10,4,7,4,17,4,9,5,4,2,10,6,6,1,15,2,11,37,5,0.0,1788.5714285714287,0.0,-1,-1,-1,-1,-1,-1,-1,44618.82352941176,145.40540540540542,-1,-1,-1,-1,-1,-1,-1,-1,290,167900,6.640023823704586,1114860.0,55,2655450,3,300,6.640023823704586,1995.0,0,-1,-1,52376.01162975943
20230707093330000,6.65,6.64,6.64,6.64,6.64,6.64,6.64,6.65,6.64,6.64,6.65,6.66,6.67,6.68,6.69,6.7,6.71,6.72,6.73,6.74,46900,37500,55400,100250,43400,59000,10800,56000,43300,14600,6.64,6.63,6.62,6.61,6.6,6.59,6.58,6.57,6.56,6.55,16200,145400,111900,30200,70900,25400,17800,8500,103200,2400,63,10,4,7,4,17,4,9,5,4,2,10,6,6,1,15,2,11,37,5,0.0,1788.5714285714287,0.0,-1,-1,-1,-1,-1,-1,-1,37950.25,145.40540540540542,-1,-1,-1,-1,-1,-1,-1,-1,298,170200,6.6400822561692125,1130142.0,58,2656420,8,2300,6.644347826086957,15282.0,3,970,323.3333333333333,47492.04635972599
20230707093333000,6.65,6.64,6.64,6.64,6.64,6.65,6.65,6.65,6.64,6.64,6.65,6.66,6.67,6.68,6.69,6.7,6.71,6.72,6.73,6.74,38200,37500,55400,100250,43400,59000,10800,56000,43300,14600,6.64,6.63,6.62,6.61,6.6,6.59,6.58,6.57,6.56,6.55,16500,146500,104500,30200,74300,25400,17800,8500,103200,2400,63,10,4,7,4,17,4,9,5,4,2,10,6,6,1,15,2,11,39,5,0.0,1788.5714285714287,0.0,-1,-1,-1,-1,-1,-1,-1,34749.318181818184,145.40540540540542,-1,-1,-1,-1,-1,-1,-1,-1,308,182500,6.640614371914427,1211912.0,63,2667610,10,12300,6.647967479674797,81770.0,5,11190,2238.0,46543.69722797514
20230707093336000,6.65,6.64,6.64,6.64,6.64,6.64,6.64,6.64,6.64,6.64,6.65,6.66,6.67,6.68,6.69,6.7,6.71,6.72,6.73,6.74,38800,37500,55400,100250,43400,59000,10800,56000,43300,14600,6.64,6.63,6.62,6.61,6.6,6.59,6.58,6.57,6.56,6.55,16500,146500,104500,30200,74300,25400,17800,8500,103200,3500,63,10,4,7,4,17,4,9,5,4,2,10,7,6,1,15,2,11,39,5,0.0,1788.5714285714287,0.0,-1,-1,-1,-1,-1,-1,-1,34749.318181818184,145.40540540540542,-1,-1,-1,-1,-1,-1,-1,-1,308,182500,6.640614371914427,1211912.0,63,2667610,0,0,-1,0.0,0,-1,-1,52121.3617173809
20230707093339000,6.64,6.64,6.64,6.64,6.64,6.64,6.64,6.64,6.64,6.64,6.65,6.66,6.67,6.68,6.69,6.7,6.71,6.72,6.73,6.74,39300,37500,55400,100250,43400,59000,10800,56000,43300,14600,6.64,6.63,6.62,6.61,6.6,6.59,6.58,6.57,6.56,6.55,16000,146500,104500,30200,74300,25400,17800,8500,103200,3500,63,10,4,7,4,17,4,9,5,4,2,10,7,6,1,15,2,11,39,5,0.0,1788.5714285714287,0.0,-1,-1,-1,-1,-1,-1,-1,34749.318181818184,145.40540540540542,-1,-1,-1,-1,-1,-1,-1,-1,309,183000,6.640614371914427,1215232.0,63,2667610,1,500,6.640614371914427,3320.0,0,-1,-1,46693.201370081246
20230707093342000,6.64,6.64,6.64,6.64,6.64,6.64,6.64,6.64,6.64,6.64,6.65,6.66,6.67,6.68,6.69,6.7,6.71,6.72,6.73,6.74,39300,37500,55400,101250,43400,59000,10800,56000,43300,14600,6.64,6.63,6.62,6.61,6.6,6.59,6.58,6.57,6.56,6.55,16000,146500,104500,30200,74300,25400,17800,8500,103200,3500,63,10,4,7,4,17,4,9,5,4,2,10,7,6,1,15,2,11,39,5,0.0,1788.5714285714287,0.0,-1,-1,-1,-1,-1,-1,-1,34749.318181818184,145.40540540540542,-1,-1,-1,-1,-1,-1,-1,-1,309,183000,6.640614371914427,1215232.0,63,2667610,0,0,-1,0.0,0,-1,-1,52199.56388402102
20230707093345000,6.64,6.64,6.64,6.64,6.64,6.64,6.64,6.64,6.64,6.64,6.65,6.66,6.67,6.68,6.69,6.7,6.71,6.72,6.73,6.74,39300,37500,55400,101250,43400,59000,10800,56000,43300,14600,6.64,6.63,6.62,6.61,6.6,6.59,6.58,6.57,6.56,6.55,15200,146500,154500,30200,74300,25400,17800,8500,103200,3500,63,10,4,7,4,17,4,9,5,4,2,10,7,6,1,15,2,11,39,5,0.0,1788.5714285714287,0.0,-1,-1,-1,-1,-1,-1,-1,34749.318181818184,145.40540540540542,-1,-1,-1,-1,-1,-1,-1,-1,310,183800,6.640614371914427,1220544.0,63,2667610,1,800,6.640614371914427,5312.0,0,-1,-1,49494.678986777115
20230707093348000,6.64,6.64,6.64,6.64,6.64,6.64,6.64,6.64,6.64,6.64,6.64,6.65,6.66,6.67,6.68,6.69,6.7,6.71,6.72,6.73,4500,40600,37500,55400,101250,43400,59000,10800,56000,43300,6.64,6.63,6.62,6.61,6.6,6.59,6.58,6.57,6.56,6.55,10000,146500,154500,30200,74300,25400,17800,8500,103200,3500,63,10,4,7,4,17,4,9,5,4,2,10,7,6,1,15,2,11,39,5,7530.289855072464,0.0,1788.5714285714287,0.0,-1,-1,-1,-1,-1,-1,33977.11111111111,145.40540540540542,-1,-1,-1,-1,-1,-1,-1,-1,312,189200,6.6405919661733614,1256400.0,63,2667610,2,5400,6.6405919661733614,35856.0,0,-1,-1,49618.88242791142
20230707093351000,6.64,6.64,6.64,6.64,6.64,6.64,6.64,6.64,6.64,6.64,6.64,6.65,6.66,6.67,6.68,6.69,6.7,6.71,6.72,6.73,3600,40600,37500,55400,101250,43400,59000,10800,56000,43300,6.64,6.63,6.62,6.61,6.6,6.59,6.58,6.57,6.56,6.55,19500,146600,154500,30200,74300,25400,17800,8500,103200,3500,63,10,4,7,4,17,4,9,5,4,2,10,7,6,1,15,2,11,39,5,7530.289855072464,0.0,1788.5714285714287,0.0,-1,-1,-1,-1,-1,-1,33238.47826086957,145.40540540540542,-1,-1,-1,-1,-1,-1,-1,-1,313,190100,6.6405919661733614,1262376.0,63,2667610,1,900,6.6405919661733614,5976.0,0,-1,-1,50444.60530508205
20230707093354000,6.64,6.64,6.64,6.64,6.64,6.64,6.64,6.64,6.64,6.64,6.64,6.65,6.66,6.67,6.68,6.69,6.7,6.71,6.72,6.73,3600,40900,34500,55400,101250,43400,59000,10800,56000,43300,6.64,6.63,6.62,6.61,6.6,6.59,6.58,6.57,6.56,6.55,19100,146600,154500,30200,74300,25400,17800,8500,103200,3500,63,10,4,7,4,17,4,9,5,4,2,10,7,6,1,15,2,11,39,5,7318.169014084507,0.0,1788.5714285714287,0.0,-1,-1,-1,-1,-1,-1,33238.47826086957,145.40540540540542,-1,-1,-1,-1,-1,-1,-1,-1,315,190500,6.640587926509187,1265032.0,63,2667610,2,400,6.640587926509187,2656.0,0,-1,-1,50094.99561892623
20230707093357000,6.64,6.64,6.64,6.64,6.64,6.64,6.64,6.64,6.64,6.64,6.64,6.65,6.66,6.67,6.68,6.69,6.7,6.71,6.72,6.73,3100,41700,37000,55400,101250,43400,59000,10800,56000,43300,6.64,6.63,6.62,6.61,6.6,6.59,6.58,6.57,6.56,6.55,36300,146600,154500,30200,74300,25400,17800,8500,103200,3500,64,10,4,7,4,17,4,9,5,4,2,10,7,6,1,15,2,11,39,5,7318.169014084507,0.0,1788.5714285714287,0.0,-1,-1,-1,-1,-1,-1,33238.47826086957,145.40540540540542,-1,-1,-1,-1,-1,-1,-1,-1,316,191000,6.6405863874345545,1268352.0,63,2667610,1,500,6.6405863874345545,3320.0,0,-1,-1,47546.35574318942
20230707093400000,6.65,6.64,6.64,6.64,6.64,6.65,6.65,6.65,6.64,6.64,6.64,6.65,6.66,6.67,6.68,6.69,6.7,6.71,6.72,6.73,2900,41500,37000,55400,101250,43400,59000,10800,56000,43300,6.64,6.63,6.62,6.61,6.6,6.59,6.58,6.57,6.56,6.55,34600,146600,154500,30200,74300,25400,17800,8500,103200,3500,64,10,4,7,4,17,4,9,5,4,2,10,7,6,1,15,2,11,39,5,7216.527777777777,0.0,1788.5714285714287,0.0,-1,-1,-1,-1,-1,-1,33238.47826086957,145.40540540540542,-1,-1,-1,-1,-1,-1,-1,-1,318,192900,6.640590979782271,1280970.0,63,2667610,2,1900,6.640590979782271,12618.0,0,-1,-1,52061.55010355265
20230707093403000,6.65,6.64,6.64,6.64,6.64,6.64,6.64,6.64,6.64,6.64,6.64,6.65,6.66,6.67,6.68,6.69,6.7,6.71,6.72,6.73,2900,41500,37000,55400,102450,43400,59000,10800,56000,43300,6.64,6.63,6.62,6.61,6.6,6.59,6.58,6.57,6.56,6.55,34700,146600,154500,30200,74300,25400,17800,8500,103200,3500,64,10,4,7,4,17,4,9,5,4,2,10,7,6,1,15,2,11,39,5,7216.527777777777,0.0,1788.5714285714287,0.0,-1,-1,-1,-1,-1,-1,33238.47826086957,145.40540540540542,-1,-1,-1,-1,-1,-1,-1,-1,318,192900,6.640590979782271,1280970.0,63,2667610,0,0,-1,0.0,0,-1,-1,51679.739525250916
20230707093406000,6.64,6.64,6.64,6.64,6.64,6.64,6.64,6.64,6.64,6.64,6.64,6.65,6.66,6.67,6.68,6.69,6.7,6.71,6.72,6.73,2900,41000,37000,55400,102450,43400,59000,10800,56000,43300,6.64,6.63,6.62,6.61,6.6,6.59,6.58,6.57,6.56,6.55,36500,156600,154500,30200,78300,25400,17800,8500,103200,3500,64,10,4,7,4,17,4,9,5,4,2,10,7,6,1,15,2,11,41,5,7117.671232876713,0.0,1788.5714285714287,0.0,-1,-1,-1,-1,-1,-1,33238.47826086957,145.40540540540542,-1,-1,-1,-1,-1,-1,-1,-1,319,193400,6.640589451913133,1284290.0,63,2667610,1,500,6.640589451913133,3320.0,0,-1,-1,52817.285327385696
20230707093409000,6.64,6.64,6.64,6.64,6.64,6.64,6.64,6.64,6.64,6.64,6.64,6.65,6.66,6.67,6.68,6.69,6.7,6.71,6.72,6.73,2900,41000,37000,55400,102450,43400,59000,10800,56000,43300,6.64,6.63,6.62,6.61,6.6,6.59,6.58,6.57,6.56,6.55,36500,156600,154500,30200,78300,25400,17800,8500,103200,3500,64,10,4,7,4,17,4,9,5,4,2,10,7,6,1,15,2,11,41,5,7117.671232876713,0.0,1788.5714285714287,0.0,-1,-1,-1,-1,-1,-1,33238.47826086957,145.40540540540542,-1,-1,-1,-1,-1,-1,-1,-1,319,193400,6.640589451913133,1284290.0,63,2667610,0,0,-1,0.0,0,-1,-1,52817.285327385696
20230707093412000,6.64,6.64,6.64,6.64,6.64,6.64,6.64,6.64,6.64,6.64,6.64,6.65,6.66,6.67,6.68,6.69,6.7,6.71,6.72,6.73,2900,41000,37000,55400,102450,46300,59000,10800,56000,43300,6.64,6.63,6.62,6.61,6.6,6.59,6.58,6.57,6.56,6.55,36500,156600,154500,30200,79800,25400,17800,8500,103200,3500,64,10,4,7,4,17,4,9,5,4,2,10,7,6,1,15,2,11,41,5,7117.671232876713,0.0,1788.5714285714287,0.0,-1,-1,-1,-1,-1,-1,33238.47826086957,145.40540540540542,-1,-1,-1,-1,-1,-1,-1,-1,319,193400,6.640589451913133,1284290.0,63,2667610,0,0,-1,0.0,0,-1,-1,52816.6281663215
20230707093415000,6.64,6.64,6.64,6.64,6.64,6.64,6.64,6.64,6.64,6.64,6.64,6.65,6.66,6.67,6.68,6.69,6.7,6.71,6.72,6.73,2900,41000,37000,55400,108650,46300,59000,10800,56000,43300,6.64,6.63,6.62,6.61,6.6,6.59,6.58,6.57,6.56,6.55,34100,157400,154500,30200,79800,25400,18700,8500,103200,3500,64,10,4,7,4,17,4,9,5,4,2,11,7,6,1,15,2,11,42,5,7021.486486486487,0.0,1788.5714285714287,0.0,-1,-1,-1,-1,-1,-1,33238.47826086957,145.40540540540542,-1,-1,-1,-1,-1,-1,-1,-1,320,195800,6.640582226762002,1300226.0,63,2667610,1,2400,6.640582226762002,15936.0,0,-1,-1,52737.76883861718
20230707093418000,6.64,6.64,6.64,6.64,6.64,6.64,6.64,6.64,6.64,6.64,6.64,6.65,6.66,6.67,6.68,6.69,6.7,6.71,6.72,6.73,2900,41400,37000,55400,108650,46300,59000,10800,56000,43300,6.64,6.63,6.62,6.61,6.6,6.59,6.58,6.57,6.56,6.55,32200,159400,154500,30200,79800,25400,18700,8500,103200,3500,65,10,4,7,5,17,4,9,5,4,2,11,7,6,1,15,2,11,42,5,6577.088607594937,0.0,1788.5714285714287,0.0,-1,-1,-1,-1,-1,-1,33238.47826086957,145.40540540540542,-1,-1,-1,-1,-1,-1,-1,-1,325,197700,6.640576631259484,1312842.0,63,2667610,5,1900,6.640576631259484,12616.0,0,-1,-1,53022.97674048112
20230707093421000,6.64,6.64,6.64,6.64,6.64,6.64,6.64,6.64,6.64,6.64,6.64,6.65,6.66,6.67,6.68,6.69,6.7,6.71,6.72,6.73,2900,41400,37000,55400,108650,46300,59000,10800,56000,43300,6.64,6.63,6.62,6.61,6.6,6.59,6.58,6.57,6.56,6.55,31600,159400,154500,30200,79800,25400,19700,8500,103200,3500,65,10,4,7,5,17,4,9,5,4,2,11,7,6,1,15,2,11,42,5,6414.691358024691,0.0,1788.5714285714287,0.0,-1,-1,-1,-1,-1,-1,33238.47826086957,145.40540540540542,-1,-1,-1,-1,-1,-1,-1,-1,327,198300,6.6405748865355525,1316826.0,63,2667610,2,600,6.6405748865355525,3984.0,0,-1,-1,52967.7752110881
20230707093424000,6.64,6.64,6.64,6.64,6.64,6.64,6.64,6.64,6.64,6.64,6.64,6.65,6.66,6.67,6.68,6.69,6.7,6.71,6.72,6.73,2900,41400,37000,55400,108650,46300,59000,10800,56000,43300,6.64,6.63,6.62,6.61,6.6,6.59,6.58,6.57,6.56,6.55,32100,159700,154500,30200,79800,25400,19700,8500,103200,3500,65,10,4,7,5,17,4,9,5,4,2,12,7,6,1,15,2,11,42,5,6414.691358024691,0.0,1788.5714285714287,0.0,-1,-1,-1,-1,-1,-1,33238.47826086957,145.40540540540542,-1,-1,-1,-1,-1,-1,-1,-1,327,198300,6.6405748865355525,1316826.0,63,2667610,0,0,-1,0.0,0,-1,-1,53065.144575434126
20230707093427000,6.64,6.64,6.64,6.64,6.64,6.64,6.64,6.64,6.64,6.64,6.64,6.65,6.66,6.67,6.68,6.69,6.7,6.71,6.72,6.73,2900,41400,37000,55400,108650,46300,59000,10800,56000,43300,6.64,6.63,6.62,6.61,6.6,6.59,6.58,6.57,6.56,6.55,32000,159700,154500,30200,79800,25400,19700,8500,103200,3500,65,10,4,7,5,17,4,9,5,4,2,12,7,6,1,15,2,12,42,5,6336.463414634146,0.0,1788.5714285714287,0.0,-1,-1,-1,-1,-1,-1,33238.47826086957,145.40540540540542,-1,-1,-1,-1,-1,-1,-1,-1,328,198400,6.640574596774194,1317490.0,63,2667610,1,100,6.640574596774194,664.0,0,-1,-1,53078.944957782376
20230707093430000,6.64,6.65,6.65,6.65,6.65,6.65,6.65,6.65,6.65,6.65,6.64,6.65,6.66,6.67,6.68,6.69,6.7,6.71,6.72,6.73,2700,41200,37000,55400,108650,46300,61000,10800,56000,43300,6.64,6.63,6.62,6.61,6.6,6.59,6.58,6.57,6.56,6.55,32100,159700,154500,30200,80300,25400,19700,13500,103200,3500,65,10,4,7,5,17,4,9,5,4,2,12,7,6,1,15,2,12,42,5,6336.463414634146,0.0,1788.5714285714287,0.0,-1,-1,-1,-1,-1,-1,33238.47826086957,145.40540540540542,-1,-1,-1,-1,-1,-1,-1,-1,329,198600,6.640584088620343,1318820.0,63,2667610,1,200,6.640584088620343,1330.0,0,-1,-1,53226.14903616376
20230707093433000,6.65,6.65,6.65,6.65,6.65,6.65,6.65,6.65,6.65,6.65,6.64,6.65,6.66,6.67,6.68,6.69,6.7,6.71,6.72,6.73,300,38200,37000,55400,108650,46300,61000,10800,56000,43300,6.64,6.63,6.62,6.61,6.6,6.59,6.58,6.57,6.56,6.55,39400,159400,154500,30200,80300,25400,19700,13500,103200,3500,65,10,4,7,5,17,4,9,5,4,2,12,7,6,1,15,2,12,43,5,6336.463414634146,0.0,1788.5714285714287,0.0,-1,-1,-1,-1,-1,-1,33238.47826086957,145.40540540540542,-1,-1,-1,-1,-1,-1,-1,-1,330,201000,6.640696517412936,1334780.0,63,2667610,1,2400,6.640696517412936,15960.0,0,-1,-1,53298.765333758165
20230707093436000,6.65,6.65,6.65,6.65,6.65,6.65,6.65,6.65,6.65,6.65,6.65,6.66,6.67,6.68,6.69,6.7,6.71,6.72,6.73,6.74,37400,37000,55400,108650,46300,61000,10800,56000,43300,14600,6.64,6.63,6.62,6.61,6.6,6.59,6.58,6.57,6.56,6.55,39400,159400,154500,30200,80300,25400,19700,16400,103200,3500,66,10,4,7,5,17,4,9,5,4,2,12,7,6,1,15,2,12,43,5,0.0,1788.5714285714287,0.0,-1,-1,-1,-1,-1,-1,-1,33238.47826086957,145.40540540540542,-1,-1,-1,-1,-1,-1,-1,-1,332,202100,6.640747154873825,1342095.0,63,2667610,2,1100,6.640747154873825,7315.0,0,-1,-1,53335.35825234985
20230707093439000,6.65,6.64,6.64,6.64,6.64,6.64,6.64,6.64,6.64,6.64,6.65,6.66,6.67,6.68,6.69,6.7,6.71,6.72,6.73,6.74,37800,37000,55400,108650,46300,63000,10800,56000,43300,14600,6.64,6.63,6.62,6.61,6.6,6.59,6.58,6.57,6.56,6.55,39000,160400,154500,30200,84300,25400,19700,16400,103200,3500,66,10,4,7,5,17,4,9,5,4,2,12,7,6,1,15,2,12,44,5,0.0,1788.5714285714287,0.0,-1,-1,-1,-1,-1,-1,-1,33238.47826086957,145.40540540540542,-1,-1,-1,-1,-1,-1,-1,-1,333,202600,6.640745310957552,1345415.0,63,2667610,1,500,6.640745310957552,3320.0,0,-1,-1,53665.329775370396
20230707093442000,6.65,6.64,6.64,6.64,6.64,6.64,6.64,6.64,6.64,6.64,6.65,6.66,6.67,6.68,6.69,6.7,6.71,6.72,6.73,6.74,38500,37000,55400,108650,46300,63000,10800,56000,43300,14600,6.64,6.63,6.62,6.61,6.6,6.59,6.58,6.57,6.56,6.55,39000,162200,154500,30200,84300,25400,19700,16400,103200,3500,66,10,4,7,5,17,4,9,5,4,2,12,7,6,1,15,2,12,44,5,0.0,1788.5714285714287,0.0,-1,-1,-1,-1,-1,-1,-1,33238.47826086957,145.40540540540542,-1,-1,-1,-1,-1,-1,-1,-1,333,202600,6.640745310957552,1345415.0,63,2667610,0,0,-1,0.0,0,-1,-1,59428.050820455624
20230707093445000,6.64,6.64,6.64,6.64,6.64,6.64,6.64,6.64,6.64,6.64,6.65,6.66,6.67,6.68,6.69,6.7,6.71,6.72,6.73,6.74,38500,37000,55400,108650,46300,63000,10800,56000,43300,14600,6.64,6.63,6.62,6.61,6.6,6.59,6.58,6.57,6.56,6.55,28100,162200,154500,30200,84300,25400,19700,16400,103200,5500,66,10,4,7,5,17,4,9,5,4,2,12,8,6,1,15,2,12,44,5,0.0,1788.5714285714287,0.0,-1,-1,-1,-1,-1,-1,-1,33238.47826086957,145.40540540540542,-1,-1,-1,-1,-1,-1,-1,-1,335,213600,6.640745310957552,1418455.0,63,2667610,2,11000,6.640745310957552,73040.0,0,-1,-1,58554.02660506611
20230707093448000,6.64,6.64,6.64,6.64,6.64,6.64,6.64,6.64,6.64,6.64,6.65,6.66,6.67,6.68,6.69,6.7,6.71,6.72,6.73,6.74,38900,37000,55400,108650,46300,63000,10800,56000,43300,14600,6.64,6.63,6.62,6.61,6.6,6.59,6.58,6.57,6.56,6.55,27800,162200,154500,30200,84300,25400,19700,16400,103200,5500,66,10,4,7,5,17,4,9,5,4,2,12,8,6,1,15,2,12,44,5,0.0,1788.5714285714287,0.0,-1,-1,-1,-1,-1,-1,-1,33238.47826086957,145.40540540540542,-1,-1,-1,-1,-1,-1,-1,-1,336,214200,6.640745310957552,1422439.0,63,2667610,1,600,6.640745310957552,3984.0,0,-1,-1,58471.22431097658
20230707093451000,6.64,6.64,6.64,6.64,6.64,6.64,6.64,6.64,6.64,6.64,6.65,6.66,6.67,6.68,6.69,6.7,6.71,6.72,6.73,6.74,39500,37000,55400,110650,46300,63000,10800,56000,43300,14600,6.64,6.63,6.62,6.61,6.6,6.59,6.58,6.57,6.56,6.55,24000,162200,154500,33300,84300,25400,19700,16400,103200,5500,67,10,4,7,5,17,4,9,5,4,2,12,8,6,1,15,2,12,44,5,0.0,1788.5714285714287,0.0,-1,-1,-1,-1,-1,-1,-1,33238.47826086957,145.40540540540542,-1,-1,-1,-1,-1,-1,-1,-1,337,218000,6.640745310957552,1447671.0,63,2667610,1,3800,6.640745310957552,25232.0,0,-1,-1,58402.222399235296
20230707093454000,6.64,6.64,6.64,6.64,6.64,6.64,6.64,6.64,6.64,6.64,6.65,6.66,6.67,6.68,6.69,6.7,6.71,6.72,6.73,6.74,39500,37000,55400,110650,46300,63000,10800,56000,43300,19600,6.64,6.63,6.62,6.61,6.6,6.59,6.58,6.57,6.56,6.55,23700,162200,155500,33300,84300,25400,19700,16400,103200,5500,67,10,4,7,5,17,4,9,5,4,2,12,8,6,1,15,2,12,44,5,0.0,1788.5714285714287,0.0,-1,-1,-1,-1,-1,-1,-1,33238.47826086957,145.40540540540542,-1,-1,-1,-1,-1,-1,-1,-1,338,218300,6.640745310957552,1449663.0,63,2667610,1,300,6.640745310957552,1992.0,0,-1,-1,58582.881949976094
20230707093457000,6.64,6.64,6.64,6.64,6.64,6.64,6.64,6.64,6.64,6.64,6.65,6.66,6.67,6.68,6.69,6.7,6.71,6.72,6.73,6.74,40100,37000,55400,110650,46300,63000,10800,56000,43300,19600,6.64,6.63,6.62,6.61,6.6,6.59,6.58,6.57,6.56,6.55,11300,162200,155500,33300,84000,25400,19700,16400,103200,5500,67,10,4,7,5,17,4,9,5,4,2,12,8,6,1,15,2,12,44,5,0.0,1788.5714285714287,0.0,-1,-1,-1,-1,-1,-1,-1,33238.47826086957,145.40540540540542,-1,-1,-1,-1,-1,-1,-1,-1,341,230800,6.640745310957552,1532663.0,63,2667610,3,12500,6.640745310957552,83000.0,0,-1,-1,57559.02501194838
20230707093500000,6.64,6.64,6.64,6.64,6.64,6.64,6.64,6.64,6.64,6.64,6.65,6.66,6.67,6.68,6.69,6.7,6.71,6.72,6.73,6.74,40100,37000,55400,110650,46300,63000,10800,56000,43300,19600,6.64,6.63,6.62,6.61,6.6,6.59,6.58,6.57,6.56,6.55,11200,162200,156200,33300,84000,25400,19700,16400,103200,5500,67,10,4,7,5,17,4,9,5,4,2,12,8,6,1,15,2,12,44,5,0.0,1788.5714285714287,0.0,-1,-1,-1,-1,-1,-1,-1,33238.47826086957,145.40540540540542,-1,-1,-1,-1,-1,-1,-1,-1,342,230900,6.640745310957552,1533327.0,63,2667610,1,100,6.640745310957552,664.0,0,-1,-1,57559.02501194838
20230707093503000,6.64,6.64,6.64,6.64,6.64,6.64,6.64,6.64,6.64,6.64,6.65,6.66,6.67,6.68,6.69,6.7,6.71,6.72,6.73,6.74,41200,37000,55400,110650,46300,63000,10800,56000,43300,19600,6.64,6.63,6.62,6.61,6.6,6.59,6.58,6.57,6.56,6.55,11200,162200,156200,33300,85000,25400,19700,16400,103200,5500,67,10,4,7,5,17,4,9,5,4,2,12,8,6,1,15,2,12,45,5,0.0,1788.5714285714287,0.0,-1,-1,-1,-1,-1,-1,-1,33238.47826086957,145.40540540540542,-1,-1,-1,-1,-1,-1,-1,-1,342,230900,6.640745310957552,1533327.0,63,2667610,0,0,-1,0.0,0,-1,-1,57788.89995220646
20230707093506000,6.64,6.64,6.64,6.64,6.64,6.64,6.64,6.64,6.64,6.64,6.65,6.66,6.67,6.68,6.69,6.7,6.71,6.72,6.73,6.74,41600,37000,55400,110650,46300,63000,10800,56000,43300,19600,6.64,6.63,6.62,6.61,6.6,6.59,6.58,6.57,6.56,6.55,9200,162200,156200,33300,85000,25400,19700,16400,103200,6000,67,10,4,7,5,17,4,9,5,4,2,12,8,6,1,15,2,12,45,5,0.0,1788.5714285714287,0.0,-1,-1,-1,-1,-1,-1,-1,33238.47826086957,145.40540540540542,-1,-1,-1,-1,-1,-1,-1,-1,344,232900,6.640745310957552,1546607.0,63,2667610,2,2000,6.640745310957552,13280.0,0,-1,-1,57660.09638362274
20230707093509000,6.64,6.64,6.64,6.64,6.64,6.64,6.64,6.64,6.64,6.64,6.65,6.66,6.67,6.68,6.69,6.7,6.71,6.72,6.73,6.74,41600,37000,55400,110550,46300,63000,10800,56000,43300,19600,6.64,6.63,6.62,6.61,6.6,6.59,6.58,6.57,6.56,6.55,8800,162400,156200,34300,85000,25400,19700,16400,103200,6000,67,10,4,7,5,17,4,9,5,4,2,12,9,6,1,15,2,12,45,5,0.0,1788.5714285714287,0.0,-1,-1,-1,-1,-1,-1,-1,33238.47826086957,145.40540540540542,-1,-1,-1,-1,-1,-1,-1,-1,345,233300,6.640745310957552,1549263.0,63,2667610,1,400,6.640745310957552,2656.0,0,-1,-1,57643.075912059896
20230707093512000,6.64,6.64,6.64,6.64,6.64,6.64,6.64,6.64,6.64,6.64,6.65,6.66,6.67,6.68,6.69,6.7,6.71,6.72,6.73,6.74,41600,37000,55400,110550,46300,63000,10800,56000,43300,19600,6.63,6.62,6.61,6.6,6.59,6.58,6.57,6.56,6.55,6.54,163000,156200,34300,85500,25400,19700,21400,103200,6000,1000,67,10,4,7,5,17,4,9,5,4,2,12,9,6,1,15,2,12,46,5,0.0,1788.5714285714287,0.0,-1,-1,-1,-1,-1,-1,-1,145.40540540540542,-1,-1,-1,-1,-1,-1,-1,-1,-1,352,245500,6.640745310957552,1630271.0,63,2667610,7,12200,6.640745310957552,81008.0,0,-1,-1,53091.16815357654
20230707093515000,6.64,6.64,6.64,6.64,6.64,6.64,6.64,6.64,6.64,6.64,6.65,6.66,6.67,6.68,6.69,6.7,6.71,6.72,6.73,6.74,41600,37000,55400,110550,46300,63000,10800,56000,43300,19600,6.63,6.62,6.61,6.6,6.59,6.58,6.57,6.56,6.55,6.54,163000,156200,34300,85500,25400,19700,21400,103200,6000,1000,67,10,4,7,5,17,4,9,5,4,2,12,9,6,1,15,2,12,46,5,0.0,1788.5714285714287,0.0,-1,-1,-1,-1,-1,-1,-1,145.40540540540542,-1,-1,-1,-1,-1,-1,-1,-1,-1,375,255000,6.640594722331627,1693351.0,66,2892850,23,9500,6.64,63080.0,3,225240,75080.0,58488.3075115501
20230707093518000,6.64,6.64,6.64,6.64,6.64,6.64,6.64,6.64,6.64,6.64,6.65,6.66,6.67,6.68,6.69,6.7,6.71,6.72,6.73,6.74,41600,37000,55400,110550,46300,63000,10800,56000,43300,19600,6.63,6.62,6.61,6.6,6.59,6.58,6.57,6.56,6.55,6.54,163000,156200,34300,86000,25400,20300,21400,103200,6000,1000,67,10,4,7,5,17,4,9,5,4,2,13,9,6,1,15,2,12,47,5,0.0,1788.5714285714287,0.0,-1,-1,-1,-1,-1,-1,-1,145.40540540540542,-1,-1,-1,-1,-1,-1,-1,-1,-1,388,259100,6.640582786568892,1720575.0,66,2892850,13,4100,6.640582786568892,27224.0,0,-1,-1,58518.20833997132
20230707093521000,6.64,6.64,6.64,6.64,6.64,6.65,6.65,6.65,6.64,6.64,6.65,6.66,6.67,6.68,6.69,6.7,6.71,6.72,6.73,6.74,72000,37000,55400,110550,46300,63000,10800,56000,43300,19600,6.64,6.63,6.62,6.61,6.6,6.59,6.58,6.57,6.56,6.55,3200,163200,156200,34300,86000,25400,20300,21400,103200,6000,67,10,4,7,5,17,4,9,5,4,2,13,9,6,1,15,2,12,47,5,0.0,1788.5714285714287,0.0,-1,-1,-1,-1,-1,-1,-1,34469.80392156863,145.40540540540542,-1,-1,-1,-1,-1,-1,-1,-1,393,263400,6.6407061503416855,1749162.0,70,2896610,5,4300,6.648139534883721,28587.0,4,3760,940.0,61620.2146726143
20230707093524000,6.64,6.64,6.64,6.64,6.64,6.64,6.64,6.64,6.64,6.64,6.65,6.66,6.67,6.68,6.69,6.7,6.71,6.72,6.73,6.74,72000,37000,55400,110550,46300,63000,10800,56000,43300,19600,6.64,6.63,6.62,6.61,6.6,6.59,6.58,6.57,6.56,6.55,3700,173900,156200,34900,86000,25400,20300,21400,103200,6000,68,10,4,7,5,17,4,9,5,4,2,13,9,6,1,15,2,12,47,5,0.0,1788.5714285714287,0.0,-1,-1,-1,-1,-1,-1,-1,34469.80392156863,145.40540540540542,-1,-1,-1,-1,-1,-1,-1,-1,393,263400,6.6407061503416855,1749162.0,70,2896610,0,0,-1,0.0,0,-1,-1,62404.53640274016
20230707093527000,6.64,6.64,6.64,6.64,6.64,6.64,6.64,6.65,6.64,6.64,6.65,6.66,6.67,6.68,6.69,6.7,6.71,6.72,6.73,6.74,75200,37000,55400,110550,46300,63000,10800,56000,45400,19600,6.64,6.63,6.62,6.61,6.6,6.59,6.58,6.57,6.56,6.55,2500,173900,159400,34900,86000,25400,20300,21400,103200,6000,68,10,4,7,5,17,4,9,5,4,2,13,9,6,1,15,2,12,47,5,0.0,1788.5714285714287,0.0,-1,-1,-1,-1,-1,-1,-1,32923.148148148146,145.40540540540542,-1,-1,-1,-1,-1,-1,-1,-1,400,264700,6.640710506424792,1757796.0,73,2916500,7,1300,6.641538461538461,8634.0,3,19890,6630.0,62821.30794965748
20230707093530000,6.64,6.64,6.64,6.64,6.64,6.64,6.64,6.64,6.64,6.64,6.65,6.66,6.67,6.68,6.69,6.7,6.71,6.72,6.73,6.74,77800,37000,55400,110550,46300,63000,10800,56000,45400,19600,6.64,6.63,6.62,6.61,6.6,6.59,6.58,6.57,6.56,6.55,5500,174200,159400,34900,86000,25400,20300,21400,103200,6000,68,10,4,7,5,17,4,9,5,4,2,13,9,6,1,15,2,12,47,5,0.0,1788.5714285714287,0.0,-1,-1,-1,-1,-1,-1,-1,32923.148148148146,145.40540540540542,-1,-1,-1,-1,-1,-1,-1,-1,402,265100,6.640710506424792,1760452.0,73,2916500,2,400,6.640710506424792,2656.0,0,-1,-1,63377.463358292174
20230707093533000,6.65,6.64,6.64,6.64,6.64,6.64,6.64,6.65,6.64,6.64,6.65,6.66,6.67,6.68,6.69,6.7,6.71,6.72,6.73,6.74,78300,37000,55400,110550,46300,63000,10800,56000,45400,19600,6.64,6.63,6.62,6.61,6.6,6.59,6.58,6.57,6.56,6.55,4400,174200,159400,34900,87800,25400,20300,21400,103200,6000,68,10,4,7,5,17,4,9,5,4,2,13,9,6,1,15,2,12,48,5,0.0,1788.5714285714287,0.0,-1,-1,-1,-1,-1,-1,-1,32923.148148148146,145.40540540540542,-1,-1,-1,-1,-1,-1,-1,-1,405,266300,6.640711328566052,1768421.0,73,2916500,3,1200,6.640711328566052,7969.0,0,-1,-1,63692.243508045234
20230707093536000,6.64,6.65,6.65,6.65,6.65,6.65,6.65,6.65,6.65,6.65,6.65,6.66,6.67,6.68,6.69,6.7,6.71,6.72,6.73,6.74,77500,37000,55400,110550,46300,63000,10800,56000,45400,19600,6.64,6.63,6.62,6.61,6.6,6.59,6.58,6.57,6.56,6.55,4400,174300,159400,34900,87800,25400,20300,21400,103200,6000,68,10,4,7,5,17,4,9,5,4,2,13,9,6,1,15,2,12,48,5,0.0,1788.5714285714287,0.0,-1,-1,-1,-1,-1,-1,-1,32923.148148148146,145.40540540540542,-1,-1,-1,-1,-1,-1,-1,-1,406,267800,6.640761762509335,1778396.0,73,2916500,1,1500,6.640761762509335,9975.0,0,-1,-1,63492.13796399553
20230707093539000,6.64,6.64,6.64,6.64,6.64,6.64,6.64,6.64,6.64,6.64,6.65,6.66,6.67,6.68,6.69,6.7,6.71,6.72,6.73,6.74,77500,37000,55400,110550,46300,63000,10800,56000,45400,19600,6.64,6.63,6.62,6.61,6.6,6.59,6.58,6.57,6.56,6.55,2300,175300,159400,34900,87800,25400,20300,21400,103200,6000,68,10,4,7,5,17,4,9,5,4,2,13,9,6,1,15,2,12,48,5,0.0,1788.5714285714287,0.0,-1,-1,-1,-1,-1,-1,-1,32923.148148148146,145.40540540540542,-1,-1,-1,-1,-1,-1,-1,-1,408,269900,6.640761762509335,1792340.0,73,2916500,2,2100,6.640761762509335,13944.0,0,-1,-1,56017.16584355583
20230707093542000,6.64,6.64,6.64,6.64,6.64,6.64,6.64,6.65,6.64,6.64,6.65,6.66,6.67,6.68,6.69,6.7,6.71,6.72,6.73,6.74,76500,37000,55400,110550,46300,63000,10800,56000,45400,19600,6.64,6.63,6.62,6.61,6.6,6.59,6.58,6.57,6.56,6.55,1800,176500,159400,34900,87800,25400,20300,21400,103200,6000,69,10,4,7,5,17,4,9,5,4,2,13,9,6,1,15,2,12,48,5,0.0,1788.5714285714287,0.0,-1,-1,-1,-1,-1,-1,-1,31843.859649122805,145.40540540540542,-1,-1,-1,-1,-1,-1,-1,-1,439,281500,6.6407602131438725,1869374.0,77,2953750,31,11600,6.640862068965517,77034.0,4,37250,9312.5,55800.95985343316
20230707093545000,6.64,6.64,6.64,6.64,6.64,6.64,6.64,6.64,6.64,6.64,6.65,6.66,6.67,6.68,6.69,6.7,6.71,6.72,6.73,6.74,76500,37000,55400,110550,46300,63000,10800,56000,45400,19600,6.64,6.63,6.62,6.61,6.6,6.59,6.58,6.57,6.56,6.55,800,176500,159400,34900,87800,25400,20300,21500,103200,11000,69,10,4,7,5,17,4,9,5,4,2,13,10,6,1,15,2,13,48,5,0.0,1788.5714285714287,0.0,-1,-1,-1,-1,-1,-1,-1,31843.859649122805,145.40540540540542,-1,-1,-1,-1,-1,-1,-1,-1,442,283900,6.640753786544558,1885310.0,77,2953750,3,2400,6.640753786544558,15936.0,0,-1,-1,56010.72566512665
20230707093548000,6.64,6.64,6.64,6.64,6.64,6.64,6.64,6.64,6.64,6.64,6.65,6.66,6.67,6.68,6.69,6.7,6.71,6.72,6.73,6.74,76500,37000,55400,110550,46300,63000,10800,56000,45400,19600,6.64,6.63,6.62,6.61,6.6,6.59,6.58,6.57,6.56,6.55,18900,176800,159400,34900,87800,25400,20300,21500,103200,11000,69,10,4,7,5,17,4,9,5,4,2,13,10,6,1,15,2,13,48,5,0.0,1788.5714285714287,0.0,-1,-1,-1,-1,-1,-1,-1,27930.0,145.40540540540542,-1,-1,-1,-1,-1,-1,-1,-1,459,287900,6.640743313650573,1911870.0,81,2954120,17,4000,6.64,26560.0,4,370,92.5,57581.669189103064
20230707093551000,6.64,6.64,6.64,6.64,6.64,6.64,6.64,6.64,6.64,6.64,6.65,6.66,6.67,6.68,6.69,6.7,6.71,6.72,6.73,6.74,79000,37000,56300,110550,46200,62700,10800,56000,45400,19600,6.64,6.63,6.62,6.61,6.6,6.59,6.58,6.57,6.56,6.55,17600,176800,160400,34900,87800,25400,20300,21500,103200,21300,69,10,4,7,5,17,4,9,5,4,2,13,11,6,1,15,2,13,48,5,0.0,1788.5714285714287,0.0,-1,-1,-1,-1,-1,-1,-1,27544.39393939394,145.40540540540542,-1,-1,-1,-1,-1,-1,-1,-1,463,289200,6.6407399723374825,1920502.0,82,2956600,4,1300,6.64,8632.0,1,2480,2480.0,65583.02732196909
20230707093554000,6.64,6.64,6.64,6.64,6.64,6.64,6.64,6.64,6.64,6.64,6.65,6.66,6.67,6.68,6.69,6.7,6.71,6.72,6.73,6.74,79000,41600,56300,110550,46200,62700,10800,56000,45400,19600,6.64,6.63,6.62,6.61,6.6,6.59,6.58,6.57,6.56,6.55,17600,178300,160400,34900,87800,25400,20300,21500,103200,21300,70,10,4,7,5,17,4,9,5,4,2,13,11,6,1,15,2,13,48,5,0.0,1788.5714285714287,0.0,-1,-1,-1,-1,-1,-1,-1,27544.39393939394,145.40540540540542,-1,-1,-1,-1,-1,-1,-1,-1,463,289200,6.6407399723374825,1920502.0,82,2956600,0,0,-1,0.0,0,-1,-1,66164.94344432054
20230707093557000,6.64,6.64,6.64,6.64,6.64,6.64,6.64,6.64,6.64,6.64,6.65,6.66,6.67,6.68,6.69,6.7,6.71,6.72,6.73,6.74,79000,41600,56300,111550,46200,62700,10800,60000,45400,19600,6.64,6.63,6.62,6.61,6.6,6.59,6.58,6.57,6.56,6.55,17000,178300,160400,34900,87800,25400,20300,21500,103200,21300,70,10,4,7,5,18,4,9,5,4,2,13,11,6,1,15,2,13,48,5,0.0,1788.5714285714287,0.0,-1,-1,-1,-1,-1,-1,-1,27544.39393939394,145.40540540540542,-1,-1,-1,-1,-1,-1,-1,-1,464,289800,6.640738440303657,1924486.0,82,2956600,1,600,6.640738440303657,3984.0,0,-1,-1,66287.61350963835
20230707093600000,6.64,6.64,6.64,6.64,6.64,6.64,6.64,6.64,6.64,6.64,6.65,6.66,6.67,6.68,6.69,6.7,6.71,6.72,6.73,6.74,79000,41600,56300,111550,46200,62700,10800,60000,45400,19600,6.64,6.63,6.62,6.61,6.6,6.59,6.58,6.57,6.56,6.55,16400,178300,160400,34900,87900,25400,20300,21500,103200,21300,70,10,4,7,5,18,4,9,5,4,2,13,11,6,1,15,2,14,49,5,0.0,1788.5714285714287,0.0,-1,-1,-1,-1,-1,-1,-1,27544.39393939394,145.40540540540542,-1,-1,-1,-1,-1,-1,-1,-1,465,290400,6.640736914600551,1928470.0,82,2956600,1,600,6.640736914600551,3984.0,0,-1,-1,66236.35494663056
20230707093603000,6.64,6.64,6.64,6.64,6.64,6.64,6.64,6.64,6.64,6.64,6.65,6.66,6.67,6.68,6.69,6.7,6.71,6.72,6.73,6.74,93100,41600,56300,111550,46200,62700,10800,60000,45400,19600,6.64,6.63,6.62,6.61,6.6,6.59,6.58,6.57,6.56,6.55,15600,178300,160400,34900,87900,25400,20300,21500,103200,21300,70,10,4,7,5,18,4,9,5,4,2,13,11,6,1,15,2,14,49,5,0.0,1788.5714285714287,0.0,-1,-1,-1,-1,-1,-1,-1,27544.39393939394,145.40540540540542,-1,-1,-1,-1,-1,-1,-1,-1,466,291200,6.64073489010989,1933782.0,82,2956600,1,800,6.64073489010989,5312.0,0,-1,-1,68012.0041421061
20230707093606000,6.64,6.64,6.64,6.64,6.64,6.64,6.64,6.64,6.64,6.64,6.65,6.66,6.67,6.68,6.69,6.7,6.71,6.72,6.73,6.74,93100,41600,56300,111550,46200,62700,10800,60000,45400,19600,6.64,6.63,6.62,6.61,6.6,6.59,6.58,6.57,6.56,6.55,14400,178300,160400,34900,87900,25400,20300,21500,103200,21300,70,10,4,7,5,18,4,9,5,4,2,13,11,6,1,15,2,14,49,5,0.0,1788.5714285714287,0.0,-1,-1,-1,-1,-1,-1,-1,28448.235294117647,145.40540540540542,-1,-1,-1,-1,-1,-1,-1,-1,470,292400,6.640731874145007,1941750.0,84,3073150,4,1200,6.64,7968.0,2,116550,58275.0,59557.653935000795
20230707093609000,6.64,6.64,6.64,6.64,6.64,6.64,6.64,6.64,6.64,6.64,6.65,6.66,6.67,6.68,6.69,6.7,6.71,6.72,6.73,6.74,93200,41600,56300,111550,46200,62700,10800,60000,45400,19600,6.64,6.63,6.62,6.61,6.6,6.59,6.58,6.57,6.56,6.55,14900,198400,167800,34900,87900,25400,20300,21500,103200,21300,70,10,4,7,5,18,4,9,5,4,2,13,11,6,1,15,2,14,49,5,0.0,1788.5714285714287,0.0,-1,-1,-1,-1,-1,-1,-1,23882.962962962964,145.40540540540542,-1,-1,-1,-1,-1,-1,-1,-1,489,298900,6.640715958514553,1984910.0,93,3073990,19,6500,6.64,43160.0,9,840,93.33333333333333,69807.43388561415
20230707093612000,6.64,6.64,6.64,6.64,6.64,6.64,6.64,6.64,6.64,6.64,6.64,6.65,6.66,6.67,6.68,6.69,6.7,6.71,6.72,6.73,8700,93200,41600,56300,111550,46200,62700,10800,60000,45400,6.64,6.63,6.62,6.61,6.6,6.59,6.58,6.57,6.56,6.55,14800,198100,160400,34900,87900,25400,20300,21500,103200,21300,70,10,4,7,5,18,4,9,5,4,2,13,11,6,1,15,2,14,49,5,2753.5449735449733,0.0,1788.5714285714287,0.0,-1,-1,-1,-1,-1,-1,23030.0,145.40540540540542,-1,-1,-1,-1,-1,-1,-1,-1,492,301500,6.640709784411277,2002174.0,93,3073990,3,2600,6.640709784411277,17264.0,0,-1,-1,62124.52505177633
20230707093615000,6.64,6.64,6.64,6.64,6.64,6.64,6.64,6.64,6.64,6.64,6.64,6.65,6.66,6.67,6.68,6.69,6.7,6.71,6.72,6.73,5400,93200,41600,56300,111550,46200,62700,10800,60000,45400,6.64,6.63,6.62,6.61,6.6,6.59,6.58,6.57,6.56,6.55,14800,198200,160400,34900,87900,25400,20300,21500,103200,21300,70,10,4,7,5,18,4,9,5,4,2,13,11,6,1,15,2,14,49,5,2759.481865284974,0.0,1788.5714285714287,0.0,-1,-1,-1,-1,-1,-1,22494.418604651164,145.40540540540542,-1,-1,-1,-1,-1,-1,-1,-1,498,304800,6.640702099737533,2024086.0,97,3086150,6,3300,6.64,21912.0,4,12160,3040.0,61699.013262705106
20230707093618000,6.64,6.64,6.64,6.64,6.64,6.64,6.64,6.64,6.64,6.64,6.64,6.65,6.66,6.67,6.68,6.69,6.7,6.71,6.72,6.73,9500,93200,41600,56300,111550,46700,62700,10800,60000,45400,6.64,6.63,6.62,6.61,6.6,6.59,6.58,6.57,6.56,6.55,14800,198200,160400,34900,87900,25400,20300,21500,103200,21300,70,10,4,7,5,18,4,9,5,4,2,13,11,6,1,15,2,14,49,5,2759.481865284974,0.0,1788.5714285714287,0.0,-1,-1,-1,-1,-1,-1,22494.418604651164,145.40540540540542,-1,-1,-1,-1,-1,-1,-1,-1,498,304800,6.640702099737533,2024086.0,97,3086150,0,0,-1,0.0,0,-1,-1,61695.727457384106
20230707093621000,6.64,6.63,6.63,6.63,6.63,6.64,6.64,6.64,6.63,6.63,6.64,6.65,6.66,6.67,6.68,6.69,6.7,6.71,6.72,6.73,16700,93200,41600,56300,111550,46700,62700,10800,60000,45400,6.64,6.63,6.62,6.61,6.6,6.59,6.58,6.57,6.56,6.55,4800,188200,160400,34900,87900,25400,20300,21500,103200,21300,70,10,4,7,5,18,4,9,5,4,2,13,11,6,1,15,2,14,49,5,2786.7525773195875,0.0,1788.5714285714287,0.0,-1,-1,-1,-1,-1,-1,21983.18181818182,145.40540540540542,-1,-1,-1,-1,-1,-1,-1,-1,502,315000,6.640361904761905,2091714.0,98,3094200,4,10200,6.630196078431372,67628.0,1,8050,8050.0,58104.83809941055
20230707093624000,6.64,6.63,6.63,6.63,6.63,6.63,6.63,6.63,6.63,6.63,6.64,6.65,6.66,6.67,6.68,6.69,6.7,6.71,6.72,6.73,16700,93200,41600,56300,111550,46700,62700,10800,60000,45400,6.64,6.63,6.62,6.61,6.6,6.59,6.58,6.57,6.56,6.55,4800,184600,160400,34900,87900,25400,20300,21500,103200,21300,70,10,4,7,5,18,4,9,5,4,2,13,11,6,1,15,2,14,49,5,2786.7525773195875,0.0,1788.5714285714287,0.0,-1,-1,-1,-1,-1,-1,21983.18181818182,145.40540540540542,-1,-1,-1,-1,-1,-1,-1,-1,502,315000,6.640361904761905,2091714.0,98,3094200,0,0,-1,0.0,0,-1,-1,61396.7191731719
20230707093627000,6.64,6.63,6.63,6.63,6.63,6.63,6.63,6.63,6.63,6.63,6.64,6.65,6.66,6.67,6.68,6.69,6.7,6.71,6.72,6.73,50600,93200,41600,56300,111550,46700,62700,10800,60000,45400,6.64,6.63,6.62,6.61,6.6,6.59,6.58,6.57,6.56,6.55,4800,184600,163400,34900,87900,25400,20300,21500,103200,21300,71,10,4,7,5,18,4,9,5,4,2,13,11,6,1,15,2,14,49,5,2786.7525773195875,0.0,1788.5714285714287,0.0,-1,-1,-1,-1,-1,-1,21983.18181818182,145.40540540540542,-1,-1,-1,-1,-1,-1,-1,-1,502,315000,6.640361904761905,2091714.0,98,3094200,0,0,-1,0.0,0,-1,-1,66240.65337740959
20230707093630000,6.64,6.64,6.64,6.64,6.64,6.64,6.64,6.64,6.64,6.64,6.64,6.65,6.66,6.67,6.68,6.69,6.7,6.71,6.72,6.73,50600,93200,41600,56300,111550,46700,62900,10800,60000,45400,6.64,6.63,6.62,6.61,6.6,6.59,6.58,6.57,6.56,6.55,4800,184600,163600,34900,87900,25400,28300,21500,103200,21300,72,10,4,7,5,18,4,9,5,4,2,14,11,6,1,15,2,14,49,5,2786.7525773195875,0.0,1788.5714285714287,0.0,-1,-1,-1,-1,-1,-1,20801.290322580644,145.40540540540542,-1,-1,-1,-1,-1,-1,-1,-1,507,315700,6.640361102312322,2096362.0,98,3094200,5,700,6.640361102312322,4648.0,0,-1,-1,66350.59642345068
20230707093633000,6.64,6.64,6.64,6.64,6.64,6.64,6.64,6.64,6.64,6.64,6.64,6.65,6.66,6.67,6.68,6.69,6.7,6.71,6.72,6.73,51600,97000,41600,56300,111550,46700,62900,10800,60000,45400,6.64,6.63,6.62,6.61,6.6,6.59,6.58,6.57,6.56,6.55,4800,184600,163600,34900,87900,25400,28300,21500,103200,21300,72,10,4,7,5,18,4,9,5,4,2,15,11,6,1,15,2,14,49,5,2786.7525773195875,0.0,1788.5714285714287,0.0,-1,-1,-1,-1,-1,-1,20801.290322580644,145.40540540540542,-1,-1,-1,-1,-1,-1,-1,-1,507,315700,6.640361102312322,2096362.0,98,3094200,0,0,-1,0.0,0,-1,-1,66991.54751473633
20230707093636000,6.64,6.63,6.63,6.63,6.63,6.63,6.63,6.63,6.63,6.63,6.64,6.65,6.66,6.67,6.68,6.69,6.7,6.71,6.72,6.73,52000,97000,41600,56300,111550,46700,62900,10800,60000,45400,6.64,6.63,6.62,6.61,6.6,6.59,6.58,6.57,6.56,6.55,4300,182600,163600,34900,88600,25400,28300,21500,103200,21300,72,10,4,7,5,18,4,9,5,4,2,15,11,6,1,15,2,14,49,5,2786.7525773195875,0.0,1788.5714285714287,0.0,-1,-1,-1,-1,-1,-1,20801.290322580644,145.40540540540542,-1,-1,-1,-1,-1,-1,-1,-1,508,316200,6.640344718532575,2099677.0,98,3094200,1,500,6.640344718532575,3315.0,0,-1,-1,66862.74394615262
20230707093639000,6.63,6.64,6.64,6.64,6.64,6.64,6.64,6.64,6.64,6.64,6.64,6.65,6.66,6.67,6.68,6.69,6.7,6.71,6.72,6.73,51500,97000,41600,56300,111550,46700,62900,10800,60000,45400,6.64,6.63,6.62,6.61,6.6,6.59,6.58,6.57,6.56,6.55,4300,182600,163600,34900,88600,25400,28300,21500,103200,21300,72,10,4,7,5,18,4,9,5,4,2,15,11,6,1,15,2,14,50,5,2786.7525773195875,0.0,1788.5714285714287,0.0,-1,-1,-1,-1,-1,-1,20580.0,145.40540540540542,-1,-1,-1,-1,-1,-1,-1,-1,509,316700,6.640344174297442,2102997.0,98,3094200,1,500,6.640344174297442,3320.0,0,-1,-1,66821.34279910785
20230707093642000,6.64,6.63,6.63,6.63,6.63,6.63,6.63,6.63,6.63,6.63,6.64,6.65,6.66,6.67,6.68,6.69,6.7,6.71,6.72,6.73,51500,97000,41600,56300,111550,46700,62900,10800,60000,45400,6.64,6.63,6.62,6.61,6.6,6.59,6.58,6.57,6.56,6.55,3300,181600,163600,34900,88600,25400,28300,21500,103200,21300,72,10,4,7,5,18,4,9,5,4,2,15,11,6,1,15,2,14,50,5,2786.7525773195875,0.0,1788.5714285714287,0.0,-1,-1,-1,-1,-1,-1,20580.0,145.40540540540542,-1,-1,-1,-1,-1,-1,-1,-1,510,317700,6.640311614730878,2109627.0,98,3094200,1,1000,6.640311614730878,6630.0,0,-1,-1,66660.3383383782
20230707093645000,6.64,6.63,6.63,6.63,6.63,6.63,6.63,6.63,6.63,6.63,6.64,6.65,6.66,6.67,6.68,6.69,6.7,6.71,6.72,6.73,51500,97000,41600,56300,111550,46700,62900,10800,60000,45400,6.64,6.63,6.62,6.61,6.6,6.59,6.58,6.57,6.56,6.55,3300,181600,163600,34900,88600,25400,28300,21500,103200,21300,73,10,5,7,5,18,4,9,5,4,2,15,11,6,1,15,2,14,50,5,2786.7525773195875,0.0,1788.5714285714287,0.0,-1,-1,-1,-1,-1,-1,20580.0,145.40540540540542,-1,-1,-1,-1,-1,-1,-1,-1,510,317700,6.640311614730878,2109627.0,98,3094200,0,0,-1,0.0,0,-1,-1,66660.3383383782
20230707093648000,6.63,6.63,6.63,6.63,6.63,6.64,6.64,6.64,6.63,6.63,6.64,6.65,6.66,6.67,6.68,6.69,6.7,6.71,6.72,6.73,50700,97000,41600,58800,111550,46700,62900,10800,60000,45400,6.63,6.62,6.61,6.6,6.59,6.58,6.57,6.56,6.55,6.54,176900,163600,34900,88600,25400,28300,21500,103200,21300,1000,73,10,5,7,5,18,4,9,5,4,2,15,11,6,1,15,2,14,50,5,2786.7525773195875,0.0,1788.5714285714287,0.0,-1,-1,-1,-1,-1,-1,145.40540540540542,-1,-1,-1,-1,-1,-1,-1,-1,-1,518,324200,6.640129549660704,2152730.0,98,3094200,8,6500,6.640129549660704,43103.0,0,-1,-1,73778.00103552653
20230707093651000,6.64,6.63,6.63,6.63,6.63,6.64,6.64,6.64,6.63,6.63,6.64,6.65,6.66,6.67,6.68,6.69,6.7,6.71,6.72,6.73,50500,96800,41600,58800,111550,46700,62900,10800,60000,45400,6.63,6.62,6.61,6.6,6.59,6.58,6.57,6.56,6.55,6.54,177600,163600,184900,88600,25400,28300,21500,103200,21300,1000,73,10,5,7,5,18,4,10,5,4,2,15,11,6,1,15,2,14,50,5,2786.7525773195875,0.0,1788.5714285714287,0.0,-1,-1,-1,-1,-1,-1,145.40540540540542,-1,-1,-1,-1,-1,-1,-1,-1,-1,520,324800,6.640116995073892,2156710.0,98,3094200,2,600,6.640116995073892,3980.0,0,-1,-1,82113.43197387287
20230707093654000,6.63,6.64,6.64,6.64,6.64,6.64,6.64,6.64,6.64,6.64,6.64,6.65,6.66,6.67,6.68,6.69,6.7,6.71,6.72,6.73,52400,96800,41600,58800,111550,46700,62900,10800,60000,45400,6.63,6.62,6.61,6.6,6.59,6.58,6.57,6.56,6.55,6.54,177600,163600,184900,93800,25400,28300,21500,103200,21300,1000,73,10,5,7,5,18,4,10,5,4,2,15,11,6,1,15,2,14,50,5,2786.7525773195875,0.0,1788.5714285714287,0.0,-1,-1,-1,-1,-1,-1,145.40540540540542,-1,-1,-1,-1,-1,-1,-1,-1,-1,521,324900,6.640116959064327,2157374.0,98,3094200,1,100,6.640116959064327,664.0,0,-1,-1,82476.84204237691
20230707093657000,6.64,6.63,6.63,6.63,6.63,6.63,6.63,6.63,6.63,6.63,6.64,6.65,6.66,6.67,6.68,6.69,6.7,6.71,6.72,6.73,52400,96800,41600,68800,111550,46700,62900,10800,60000,45400,6.63,6.62,6.61,6.6,6.59,6.58,6.57,6.56,6.55,6.54,177100,163600,184900,93800,25400,28300,21500,103200,21300,1000,73,10,5,7,5,18,4,10,5,4,2,15,11,6,1,15,2,14,51,5,2786.7525773195875,0.0,1788.5714285714287,0.0,-1,-1,-1,-1,-1,-1,145.40540540540542,-1,-1,-1,-1,-1,-1,-1,-1,-1,522,325400,6.640101413644745,2160689.0,98,3094200,1,500,6.640101413644745,3315.0,0,-1,-1,82670.04739525249
20230707093700000,6.63,6.63,6.63,6.63,6.63,6.63,6.63,6.63,6.63,6.63,6.64,6.65,6.66,6.67,6.68,6.69,6.7,6.71,6.72,6.73,52400,96800,41600,68800,111550,46700,62900,10800,60000,45400,6.63,6.62,6.61,6.6,6.59,6.58,6.57,6.56,6.55,6.54,176500,163600,184900,95800,25400,28300,21500,103200,21300,1000,73,10,5,7,5,18,4,10,5,4,2,15,11,6,1,15,2,14,52,5,2786.7525773195875,0.0,1788.5714285714287,0.0,-1,-1,-1,-1,-1,-1,145.40540540540542,-1,-1,-1,-1,-1,-1,-1,-1,-1,523,326000,6.64008282208589,2164667.0,98,3094200,1,600,6.64008282208589,3978.0,0,-1,-1,75025.67906643299
20230707093703000,6.63,6.63,6.63,6.63,6.63,6.63,6.63,6.63,6.63,6.63,6.64,6.65,6.66,6.67,6.68,6.69,6.7,6.71,6.72,6.73,63600,96800,41600,68800,114550,46700,62900,10800,60000,45400,6.63,6.62,6.61,6.6,6.59,6.58,6.57,6.56,6.55,6.54,175900,163600,184900,95800,25400,28300,21500,103200,21300,1000,73,10,5,7,5,18,4,10,5,4,2,15,11,6,1,15,2,14,52,5,2786.7525773195875,0.0,1788.5714285714287,0.0,-1,-1,-1,-1,-1,-1,145.40540540540542,-1,-1,-1,-1,-1,-1,-1,-1,-1,525,326600,6.6400642988364975,2168645.0,98,3094200,2,600,6.6400642988364975,3978.0,0,-1,-1,76096.19444001911
20230707093706000,6.63,6.64,6.64,6.64,6.64,6.64,6.64,6.64,6.64,6.64,6.64,6.65,6.66,6.67,6.68,6.69,6.7,6.71,6.72,6.73,60600,96800,41600,68800,114550,43800,62900,10800,60000,45400,6.63,6.62,6.61,6.6,6.59,6.58,6.57,6.56,6.55,6.54,176800,163600,184900,95800,25400,28300,21500,103200,21300,1000,73,10,5,7,5,18,4,10,5,4,2,15,11,6,1,15,2,14,52,5,2786.7525773195875,0.0,1788.5714285714287,0.0,-1,-1,-1,-1,-1,-1,145.40540540540542,-1,-1,-1,-1,-1,-1,-1,-1,-1,526,329600,6.640063713592233,2188565.0,98,3094200,1,3000,6.640063713592233,19920.0,0,-1,-1,84432.553369444
20230707093709000,6.63,6.64,6.64,6.64,6.64,6.64,6.64,6.64,6.64,6.64,6.64,6.65,6.66,6.67,6.68,6.69,6.7,6.71,6.72,6.73,60600,96800,41600,68800,114550,43800,62900,10800,60000,45400,6.63,6.62,6.61,6.6,6.59,6.58,6.57,6.56,6.55,6.54,176800,163600,184900,95800,25400,28300,21500,103200,21300,1000,73,10,5,7,5,18,4,10,5,4,2,15,11,6,1,15,2,14,52,5,2786.7525773195875,0.0,1788.5714285714287,0.0,-1,-1,-1,-1,-1,-1,145.40540540540542,-1,-1,-1,-1,-1,-1,-1,-1,-1,526,329600,6.640063713592233,2188565.0,98,3094200,0,0,-1,0.0,0,-1,-1,84432.553369444
20230707093712000,6.63,6.64,6.64,6.64,6.64,6.64,6.64,6.64,6.64,6.64,6.64,6.65,6.66,6.67,6.68,6.69,6.7,6.71,6.72,6.73,61200,96800,41600,68800,114550,43800,62900,10800,60000,45400,6.63,6.62,6.61,6.6,6.59,6.58,6.57,6.56,6.55,6.54,176900,163600,184900,95800,25400,28300,21500,103200,21300,1000,74,10,5,7,5,18,4,10,5,4,2,15,11,6,1,15,2,14,52,5,2786.7525773195875,0.0,1788.5714285714287,0.0,-1,-1,-1,-1,-1,-1,145.40540540540542,-1,-1,-1,-1,-1,-1,-1,-1,-1,526,329600,6.640063713592233,2188565.0,98,3094200,0,0,-1,0.0,0,-1,-1,84524.55591843236
20230707093715000,6.64,6.64,6.64,6.64,6.64,6.64,6.64,6.64,6.64,6.64,6.64,6.65,6.66,6.67,6.68,6.69,6.7,6.71,6.72,6.73,58900,96800,66900,68800,114550,43800,62900,10800,60000,45400,6.63,6.62,6.61,6.6,6.59,6.58,6.57,6.56,6.55,6.54,176900,163600,184900,95800,25400,28300,21500,103200,21300,1000,74,10,5,7,5,18,4,10,5,4,2,15,11,6,1,15,2,14,52,5,2786.7525773195875,0.0,1788.5714285714287,0.0,-1,-1,-1,-1,-1,-1,145.40540540540542,-1,-1,-1,-1,-1,-1,-1,-1,-1,527,332600,6.640063138905592,2208485.0,98,3094200,1,3000,6.640063138905592,19920.0,0,-1,-1,76885.76449737135
20230707093718000,6.64,6.63,6.63,6.63,6.63,6.63,6.63,6.63,6.63,6.63,6.64,6.65,6.66,6.67,6.68,6.69,6.7,6.71,6.72,6.73,58900,96800,66900,68800,114550,43800,62900,10800,60000,45400,6.63,6.62,6.61,6.6,6.59,6.58,6.57,6.56,6.55,6.54,178200,163600,184900,95800,25400,28300,21500,103200,21300,1000,74,10,5,7,5,18,4,10,5,4,2,15,11,6,1,15,2,14,52,5,2786.7525773195875,0.0,1788.5714285714287,0.0,-1,-1,-1,-1,-1,-1,145.40540540540542,-1,-1,-1,-1,-1,-1,-1,-1,-1,528,332800,6.640057091346153,2209811.0,98,3094200,1,200,6.640057091346153,1326.0,0,-1,-1,77102.93233232436
20230707093721000,6.64,6.64,6.64,6.64,6.64,6.64,6.64,6.64,6.64,6.64,6.64,6.65,6.66,6.67,6.68,6.69,6.7,6.71,6.72,6.73,57700,96800,66900,68800,114550,43800,62900,10800,60000,45400,6.63,6.62,6.61,6.6,6.59,6.58,6.57,6.56,6.55,6.54,178200,163600,184900,95800,25400,28300,21500,103200,21300,1000,74,10,5,7,5,18,4,10,5,4,2,15,11,6,1,15,2,14,52,5,2786.7525773195875,0.0,1788.5714285714287,0.0,-1,-1,-1,-1,-1,-1,145.40540540540542,-1,-1,-1,-1,-1,-1,-1,-1,-1,531,333400,6.6400569886022796,2213795.0,98,3094200,3,600,6.6400569886022796,3984.0,0,-1,-1,85916.09447188147
20230707093724000,6.64,6.64,6.64,6.64,6.64,6.64,6.64,6.64,6.64,6.64,6.64,6.65,6.66,6.67,6.68,6.69,6.7,6.71,6.72,6.73,57700,96800,66900,68800,114550,43800,62900,10800,60000,45400,6.63,6.62,6.61,6.6,6.59,6.58,6.57,6.56,6.55,6.54,180200,163600,184900,95800,25400,28300,21500,103200,21300,1000,74,11,5,7,5,18,4,10,5,4,2,15,11,6,1,15,2,14,52,5,2786.7525773195875,0.0,1788.5714285714287,0.0,-1,-1,-1,-1,-1,-1,145.40540540540542,-1,-1,-1,-1,-1,-1,-1,-1,-1,531,333400,6.6400569886022796,2213795.0,98,3094200,0,0,-1,0.0,0,-1,-1,85916.09447188147
20230707093727000,6.64,6.63,6.63,6.63,6.63,6.64,6.64,6.64,6.63,6.63,6.64,6.65,6.66,6.67,6.68,6.69,6.7,6.71,6.72,6.73,57600,96800,66900,68800,114550,43800,62900,10800,60000,45400,6.63,6.62,6.61,6.6,6.59,6.58,6.57,6.56,6.55,6.54,179800,163900,184900,95800,25400,28300,21500,103200,21300,1000,74,11,5,7,5,18,4,10,5,4,2,15,11,6,1,15,2,14,52,5,2786.7525773195875,0.0,1788.5714285714287,0.0,-1,-1,-1,-1,-1,-1,145.40540540540542,-1,-1,-1,-1,-1,-1,-1,-1,-1,534,334400,6.640041866028708,2220430.0,98,3094200,3,1000,6.640041866028708,6635.0,0,-1,-1,86049.4981679146
20230707093730000,6.63,6.64,6.64,6.64,6.64,6.64,6.64,6.64,6.64,6.64,6.64,6.65,6.66,6.67,6.68,6.69,6.7,6.71,6.72,6.73,56400,96800,66900,68800,114550,43800,62900,10800,60000,45900,6.63,6.62,6.61,6.6,6.59,6.58,6.57,6.56,6.55,6.54,179800,163900,184900,95800,25400,28300,21500,103200,26300,1000,74,11,5,7,5,18,4,10,5,4,2,15,12,6,1,15,2,14,52,5,2786.7525773195875,0.0,1788.5714285714287,0.0,-1,-1,-1,-1,-1,-1,145.40540540540542,-1,-1,-1,-1,-1,-1,-1,-1,-1,535,335600,6.640041716328963,2228398.0,98,3094200,1,1200,6.640041716328963,7968.0,0,-1,-1,76953.97184164409
20230707093733000,6.64,6.63,6.63,6.63,6.63,6.63,6.63,6.63,6.63,6.63,6.64,6.65,6.66,6.67,6.68,6.69,6.7,6.71,6.72,6.73,59600,96800,66900,68800,114550,43800,62900,10800,60000,45900,6.63,6.62,6.61,6.6,6.59,6.58,6.57,6.56,6.55,6.54,179100,166400,184900,95800,25400,28300,21500,103300,26300,1000,75,11,5,7,5,18,4,10,5,4,2,15,12,6,1,15,2,14,52,5,2786.7525773195875,0.0,1788.5714285714287,0.0,-1,-1,-1,-1,-1,-1,145.40540540540542,-1,-1,-1,-1,-1,-1,-1,-1,-1,536,336300,6.640020814748736,2233039.0,98,3094200,1,700,6.640020814748736,4641.0,0,-1,-1,86592.31320694598
20230707093736000,6.63,6.63,6.63,6.63,6.63,6.63,6.63,6.63,6.63,6.63,6.64,6.65,6.66,6.67,6.68,6.69,6.7,6.71,6.72,6.73,59200,96800,66900,68800,114550,43800,62900,10800,60000,45900,6.63,6.62,6.61,6.6,6.59,6.58,6.57,6.56,6.55,6.54,177500,168400,184900,95800,25400,28300,21500,103300,26300,1000,75,11,5,7,5,18,4,10,5,4,2,15,12,6,1,16,2,14,52,5,2786.7525773195875,0.0,1788.5714285714287,0.0,-1,-1,-1,-1,-1,-1,145.40540540540542,-1,-1,-1,-1,-1,-1,-1,-1,-1,539,337900,6.639973364900858,2243647.0,98,3094200,3,1600,6.639973364900858,10608.0,0,-1,-1,77663.56241038711
20230707093739000,6.63,6.63,6.63,6.63,6.63,6.63,6.63,6.63,6.63,6.63,6.64,6.65,6.66,6.67,6.68,6.69,6.7,6.71,6.72,6.73,62800,96800,66900,68800,114550,43800,62900,10800,60000,45900,6.63,6.62,6.61,6.6,6.59,6.58,6.57,6.56,6.55,6.54,177500,168400,185900,96800,25400,28300,21500,103300,26300,1000,75,11,5,7,5,18,4,10,5,4,2,15,12,6,1,16,2,14,53,5,2786.7525773195875,0.0,1788.5714285714287,0.0,-1,-1,-1,-1,-1,-1,145.40540540540542,-1,-1,-1,-1,-1,-1,-1,-1,-1,539,337900,6.639973364900858,2243647.0,98,3094200,0,0,-1,0.0,0,-1,-1,87101.08730285167
20230707093742000,6.64,6.63,6.63,6.63,6.63,6.64,6.64,6.64,6.63,6.63,6.64,6.65,6.66,6.67,6.68,6.69,6.7,6.71,6.72,6.73,59900,96800,66900,68800,114550,43800,62900,10800,59000,45900,6.63,6.62,6.61,6.6,6.59,6.58,6.57,6.56,6.55,6.54,177900,170400,185900,96800,25400,28300,21500,103300,26300,1000,75,11,5,7,5,18,4,10,5,4,2,15,12,6,1,16,2,14,53,5,2786.7525773195875,0.0,1788.5714285714287,0.0,-1,-1,-1,-1,-1,-1,145.40540540540542,-1,-1,-1,-1,-1,-1,-1,-1,-1,542,341900,6.639961977186312,2270203.0,98,3094200,3,4000,6.639961977186312,26556.0,0,-1,-1,77886.87768838617
20230707093745000,6.63,6.63,6.63,6.63,6.63,6.63,6.63,6.63,6.63,6.63,6.64,6.65,6.66,6.67,6.68,6.69,6.7,6.71,6.72,6.73,59900,96800,66900,61800,111950,43800,62900,10800,59000,45900,6.63,6.62,6.61,6.6,6.59,6.58,6.57,6.56,6.55,6.54,175600,170400,185900,97800,25400,28300,21500,103300,26300,1000,75,11,5,7,5,18,4,10,5,4,2,15,12,6,1,16,2,14,54,5,2786.7525773195875,0.0,1788.5714285714287,0.0,-1,-1,-1,-1,-1,-1,145.40540540540542,-1,-1,-1,-1,-1,-1,-1,-1,-1,543,344200,6.639895409645555,2285452.0,98,3094200,1,2300,6.639895409645555,15249.0,0,-1,-1,86590.47315596622
20230707093748000,6.63,6.63,6.63,6.63,6.63,6.63,6.63,6.63,6.63,6.63,6.64,6.65,6.66,6.67,6.68,6.69,6.7,6.71,6.72,6.73,59900,96800,66900,61800,111950,43800,62900,10800,59000,45900,6.63,6.62,6.61,6.6,6.59,6.58,6.57,6.56,6.55,6.54,175200,170400,187000,97800,25400,28300,21500,103300,26300,1000,76,11,5,7,5,18,4,10,5,4,2,15,12,6,1,16,2,14,54,5,2786.7525773195875,0.0,1788.5714285714287,0.0,-1,-1,-1,-1,-1,-1,145.40540540540542,-1,-1,-1,-1,-1,-1,-1,-1,-1,544,344600,6.639883923389437,2288104.0,98,3094200,1,400,6.639883923389437,2652.0,0,-1,-1,86167.26143061972
20230707093751000,6.63,6.63,6.63,6.63,6.63,6.63,6.63,6.63,6.63,6.63,6.64,6.65,6.66,6.67,6.68,6.69,6.7,6.71,6.72,6.73,59900,96800,66900,61800,111950,43800,62900,10800,59000,45900,6.63,6.62,6.61,6.6,6.59,6.58,6.57,6.56,6.55,6.54,173000,170400,187000,97800,25400,28300,21500,103300,26300,1000,76,11,5,7,5,18,4,10,5,4,2,15,12,6,1,16,2,14,54,5,2786.7525773195875,0.0,1788.5714285714287,0.0,-1,-1,-1,-1,-1,-1,145.40540540540542,-1,-1,-1,-1,-1,-1,-1,-1,-1,545,346900,6.639818391467282,2303353.0,98,3094200,1,2300,6.639818391467282,15249.0,0,-1,-1,86016.37725027879
20230707093754000,6.64,6.64,6.64,6.64,6.64,6.64,6.64,6.64,6.64,6.64,6.64,6.65,6.66,6.67,6.68,6.69,6.7,6.71,6.72,6.73,44900,99100,66900,61800,111950,43800,62900,10800,59000,45900,6.63,6.62,6.61,6.6,6.59,6.58,6.57,6.56,6.55,6.54,177900,170400,187000,98000,25400,28300,21500,103300,26300,1000,76,11,5,7,5,18,4,10,5,4,2,15,12,6,1,16,2,14,54,5,5193.434343434344,0.0,1788.5714285714287,0.0,-1,-1,-1,-1,-1,-1,145.40540540540542,-1,-1,-1,-1,-1,-1,-1,-1,-1,557,369100,6.639828431372549,2450761.0,102,3581870,12,22200,6.64,147408.0,4,487670,121917.5,84617.93850565555
20230707093757000,6.63,6.64,6.64,6.64,6.64,6.63,6.63,6.64,6.63,6.64,6.64,6.65,6.66,6.67,6.68,6.69,6.7,6.71,6.72,6.73,44500,99100,66900,61800,111950,43800,62900,10800,59000,45900,6.63,6.62,6.61,6.6,6.59,6.58,6.57,6.56,6.55,6.54,129500,170400,187000,98000,25400,28300,21500,103300,26300,1000,76,11,5,7,5,18,4,10,5,4,2,15,12,6,1,16,2,14,55,5,5193.434343434344,0.0,1788.5714285714287,0.0,-1,-1,-1,-1,-1,-1,80731.6091954023,-1,-1,-1,-1,-1,-1,-1,-1,-1,572,430100,6.638454905616406,2855201.0,115,10594760,15,61000,6.630163934426229,404440.0,13,7012890,539453.0769230769,72017.58702405608
20230707093800000,6.64,6.63,6.63,6.63,6.63,6.63,6.63,6.63,6.63,6.63,6.64,6.65,6.66,6.67,6.68,6.69,6.7,6.71,6.72,6.73,44500,99100,85100,61800,111950,43800,62900,10800,59000,45900,6.63,6.62,6.61,6.6,6.59,6.58,6.57,6.56,6.55,6.54,134100,170900,187000,98000,25400,28300,21500,103300,26300,1000,76,11,5,7,5,18,4,10,5,4,2,15,12,6,1,16,2,14,55,5,5193.434343434344,0.0,1788.5714285714287,0.0,-1,-1,-1,-1,-1,-1,80731.6091954023,-1,-1,-1,-1,-1,-1,-1,-1,-1,573,430500,6.6384506387921025,2857853.0,115,10594760,1,400,6.6384506387921025,2652.0,0,-1,-1,81798.06037916202
20230707093803000,6.64,6.63,6.63,6.63,6.63,6.63,6.63,6.63,6.63,6.63,6.64,6.65,6.66,6.67,6.68,6.69,6.7,6.71,6.72,6.73,45500,99100,85100,61800,111950,43800,62900,10800,59000,45900,6.63,6.62,6.61,6.6,6.59,6.58,6.57,6.56,6.55,6.54,134100,174300,187000,98000,25400,28300,21500,103300,26300,1000,76,11,5,7,5,18,4,10,5,4,2,15,12,6,1,16,2,14,55,5,5193.434343434344,0.0,1788.5714285714287,0.0,-1,-1,-1,-1,-1,-1,80731.6091954023,-1,-1,-1,-1,-1,-1,-1,-1,-1,573,430500,6.6384506387921025,2857853.0,115,10594760,0,0,-1,0.0,0,-1,-1,81998.16592321172
20230707093806000,6.63,6.63,6.63,6.63,6.63,6.63,6.63,6.63,6.63,6.63,6.64,6.65,6.66,6.67,6.68,6.69,6.7,6.71,6.72,6.73,45500,99100,85100,61800,111950,43800,62900,10800,59000,45900,6.63,6.62,6.61,6.6,6.59,6.58,6.57,6.56,6.55,6.54,136100,174300,187000,98000,25400,28300,22500,113300,26300,1000,76,11,5,7,5,18,4,10,5,4,2,15,12,6,1,16,2,14,55,5,5193.434343434344,0.0,1788.5714285714287,0.0,-1,-1,-1,-1,-1,-1,80731.6091954023,-1,-1,-1,-1,-1,-1,-1,-1,-1,574,430600,6.6384506387921025,2858516.0,115,10594760,1,100,6.6384506387921025,663.0,0,-1,-1,82419.84427274174
20230707093809000,6.64,6.63,6.63,6.63,6.63,6.64,6.64,6.64,6.63,6.63,6.64,6.65,6.66,6.67,6.68,6.69,6.7,6.71,6.72,6.73,39400,99100,85100,161800,112950,43800,62900,10800,59000,45900,6.63,6.62,6.61,6.6,6.59,6.58,6.57,6.56,6.55,6.54,135700,174300,187000,98000,25400,28300,22500,113300,26300,1000,76,11,5,7,5,19,4,10,5,4,2,15,12,6,1,17,2,14,55,5,6953.084577114428,0.0,1788.5714285714287,0.0,-1,-1,-1,-1,-1,-1,80731.6091954023,-1,-1,-1,-1,-1,-1,-1,-1,-1,579,436700,6.638468943387577,2899016.0,118,10964030,5,6100,6.639344262295082,40500.0,3,369270,123090.0,87337.38051617015
20230707093812000,6.64,6.63,6.63,6.63,6.63,6.63,6.63,6.64,6.63,6.63,6.64,6.65,6.66,6.67,6.68,6.69,6.7,6.71,6.72,6.73,37200,100100,85100,156800,112950,43800,62900,10800,59000,45900,6.63,6.62,6.61,6.6,6.59,6.58,6.57,6.56,6.55,6.54,123800,174300,187600,98000,25400,28300,22500,113300,26300,1000,76,11,5,7,5,19,4,10,5,4,2,15,12,6,1,17,2,15,55,5,7464.702970297029,0.0,1788.5714285714287,0.0,-1,-1,-1,-1,-1,-1,84451.81818181818,-1,-1,-1,-1,-1,-1,-1,-1,-1,585,450900,6.638243512974052,2993184.0,120,11482440,6,14200,6.631549295774648,94168.0,2,518410,259205.0,86110.06651266527
20230707093815000,6.64,6.63,6.63,6.63,6.63,6.63,6.63,6.63,6.63,6.63,6.64,6.65,6.66,6.67,6.68,6.69,6.7,6.71,6.72,6.73,37200,100100,85100,156800,112950,43800,62900,10800,59000,45900,6.63,6.62,6.61,6.6,6.59,6.58,6.57,6.56,6.55,6.54,123900,174300,187600,98000,25400,28300,22500,113300,26300,1000,76,11,5,7,5,19,4,10,5,4,2,15,12,6,1,17,2,15,55,5,7464.702970297029,0.0,1788.5714285714287,0.0,-1,-1,-1,-1,-1,-1,84451.81818181818,-1,-1,-1,-1,-1,-1,-1,-1,-1,585,450900,6.638243512974052,2993184.0,120,11482440,0,0,-1,0.0,0,-1,-1,85834.05886570016
20230707093818000,6.63,6.63,6.63,6.63,6.63,6.63,6.63,6.63,6.63,6.63,6.64,6.65,6.66,6.67,6.68,6.69,6.7,6.71,6.72,6.73,38600,100100,85100,156800,112950,43800,62900,19800,59000,45900,6.63,6.62,6.61,6.6,6.59,6.58,6.57,6.56,6.55,6.54,121200,174300,187600,98000,25400,28300,22500,113300,26300,1000,76,11,5,7,5,19,4,10,5,4,2,15,12,6,1,17,2,15,55,5,7464.702970297029,0.0,1788.5714285714287,0.0,-1,-1,-1,-1,-1,-1,84451.81818181818,-1,-1,-1,-1,-1,-1,-1,-1,-1,586,453700,6.638243512974052,3011748.0,120,11482440,1,2800,6.638243512974052,18564.0,0,-1,-1,77453.32662896288
20230707093821000,6.63,6.64,6.64,6.64,6.64,6.64,6.64,6.64,6.64,6.64,6.64,6.65,6.66,6.67,6.68,6.69,6.7,6.71,6.72,6.73,38900,100100,85100,156800,112950,43800,62900,19800,59000,45900,6.63,6.62,6.61,6.6,6.59,6.58,6.57,6.56,6.55,6.54,121300,174300,187600,98000,25400,28300,22500,113300,26300,1000,76,11,5,7,5,19,4,10,5,4,2,15,12,6,1,17,2,15,55,5,7464.702970297029,0.0,1788.5714285714287,0.0,-1,-1,-1,-1,-1,-1,84451.81818181818,-1,-1,-1,-1,-1,-1,-1,-1,-1,587,454000,6.638243512974052,3013740.0,120,11482440,1,300,6.638243512974052,1992.0,0,-1,-1,86031.86434602516
20230707093824000,6.63,6.64,6.64,6.64,6.64,6.64,6.64,6.64,6.64,6.64,6.64,6.65,6.66,6.67,6.68,6.69,6.7,6.71,6.72,6.73,39800,100100,85100,156800,112950,43800,62900,19800,59000,45900,6.63,6.62,6.61,6.6,6.59,6.58,6.57,6.56,6.55,6.54,122800,174300,187600,98000,25400,28300,22500,113300,26300,1000,77,11,5,7,5,19,4,10,5,4,2,15,12,6,1,17,2,15,55,5,7464.702970297029,0.0,1788.5714285714287,0.0,-1,-1,-1,-1,-1,-1,84451.81818181818,-1,-1,-1,-1,-1,-1,-1,-1,-1,587,454000,6.638243512974052,3013740.0,120,11482440,0,0,-1,0.0,0,-1,-1,86358.47339493387
20230707093827000,6.64,6.63,6.63,6.63,6.63,6.64,6.64,6.64,6.63,6.63,6.64,6.65,6.66,6.67,6.68,6.69,6.7,6.71,6.72,6.73,39700,100100,85100,161300,112950,43800,62900,19800,59000,45900,6.63,6.62,6.61,6.6,6.59,6.58,6.57,6.56,6.55,6.54,120400,174300,187100,98000,25400,28300,22500,113300,26300,1000,77,11,5,7,5,19,4,10,5,4,2,15,12,6,1,17,2,15,55,5,7464.702970297029,0.0,1788.5714285714287,0.0,-1,-1,-1,-1,-1,-1,87827.19101123596,-1,-1,-1,-1,-1,-1,-1,-1,-1,590,456800,6.638147580468579,3032305.0,121,11867300,3,2800,6.630357142857143,18565.0,1,384860,384860.0,77039.31515851522
20230707093830000,6.64,6.63,6.63,6.63,6.63,6.63,6.63,6.63,6.63,6.63,6.64,6.65,6.66,6.67,6.68,6.69,6.7,6.71,6.72,6.73,39700,100100,85100,161300,112950,43800,62900,19800,59000,45900,6.63,6.62,6.61,6.6,6.59,6.58,6.57,6.56,6.55,6.54,120400,176300,187100,98000,25400,28300,22500,113300,26300,1000,77,11,5,7,5,19,4,10,5,4,2,15,12,6,1,17,2,15,55,5,7464.702970297029,0.0,1788.5714285714287,0.0,-1,-1,-1,-1,-1,-1,87827.19101123596,-1,-1,-1,-1,-1,-1,-1,-1,-1,590,456800,6.638147580468579,3032305.0,121,11867300,0,0,-1,0.0,0,-1,-1,86363.0735223833
20230707093833000,6.63,6.63,6.63,6.63,6.63,6.63,6.63,6.63,6.63,6.63,6.64,6.65,6.66,6.67,6.68,6.69,6.7,6.71,6.72,6.73,39700,100100,85100,161300,112950,43800,62900,19800,59000,45900,6.63,6.62,6.61,6.6,6.59,6.58,6.57,6.56,6.55,6.54,112400,176300,187100,98200,25400,28300,22500,113300,26300,1000,77,11,5,7,5,19,4,10,5,4,2,15,12,6,1,17,2,15,55,5,7464.702970297029,0.0,1788.5714285714287,0.0,-1,-1,-1,-1,-1,-1,87827.19101123596,-1,-1,-1,-1,-1,-1,-1,-1,-1,591,464800,6.638147580468579,3085345.0,121,11867300,1,8000,6.638147580468579,53040.0,0,-1,-1,85765.05695395889
20230707093836000,6.63,6.63,6.63,6.63,6.63,6.63,6.63,6.63,6.63,6.63,6.64,6.65,6.66,6.67,6.68,6.69,6.7,6.71,6.72,6.73,40900,100100,85100,161300,112950,43800,62900,19800,59000,45900,6.63,6.62,6.61,6.6,6.59,6.58,6.57,6.56,6.55,6.54,112000,176300,187100,101200,25400,28300,22500,113300,26300,1000,77,11,5,7,5,19,4,10,5,4,2,15,12,6,1,17,2,15,57,5,7464.702970297029,0.0,1788.5714285714287,0.0,-1,-1,-1,-1,-1,-1,87827.19101123596,-1,-1,-1,-1,-1,-1,-1,-1,-1,592,465300,6.637998710232158,3088660.0,121,11867300,1,500,6.637998710232158,3315.0,0,-1,-1,86041.06460092402
20230707093839000,6.63,6.63,6.63,6.63,6.63,6.63,6.63,6.63,6.63,6.63,6.64,6.65,6.66,6.67,6.68,6.69,6.7,6.71,6.72,6.73,40900,100100,85100,161300,112950,43800,62900,19800,59000,45900,6.63,6.62,6.61,6.6,6.59,6.58,6.57,6.56,6.55,6.54,112000,176300,187100,101200,25400,28300,22500,113300,26300,1000,77,11,5,7,5,19,4,10,5,4,2,15,12,6,1,17,2,15,57,5,7464.702970297029,0.0,1788.5714285714287,0.0,-1,-1,-1,-1,-1,-1,87827.19101123596,-1,-1,-1,-1,-1,-1,-1,-1,-1,592,465300,6.637998710232158,3088660.0,121,11867300,0,0,-1,0.0,0,-1,-1,86041.06460092402
20230707093842000,6.63,6.63,6.63,6.63,6.63,6.63,6.63,6.63,6.63,6.63,6.64,6.65,6.66,6.67,6.68,6.69,6.7,6.71,6.72,6.73,41700,100100,85100,161300,112950,43800,62900,19800,59000,45900,6.63,6.62,6.61,6.6,6.59,6.58,6.57,6.56,6.55,6.54,112000,176300,187100,101200,25400,33300,22500,113300,26300,1000,77,11,5,7,5,19,4,10,5,4,2,15,12,6,1,17,2,15,57,5,7464.702970297029,0.0,1788.5714285714287,0.0,-1,-1,-1,-1,-1,-1,87827.19101123596,-1,-1,-1,-1,-1,-1,-1,-1,-1,592,465300,6.637998710232158,3088660.0,121,11867300,0,0,-1,0.0,0,-1,-1,86151.46765971006
20230707093845000,6.63,6.63,6.63,6.63,6.63,6.63,6.63,6.63,6.63,6.63,6.64,6.65,6.66,6.67,6.68,6.69,6.7,6.71,6.72,6.73,41700,100100,85100,161300,112950,43800,62900,19800,59000,45900,6.63,6.62,6.61,6.6,6.59,6.58,6.57,6.56,6.55,6.54,125000,176300,187100,101200,25400,33300,22500,113300,26300,1000,77,11,5,7,5,19,4,10,5,4,2,16,12,6,1,17,2,15,57,5,7464.702970297029,0.0,1788.5714285714287,0.0,-1,-1,-1,-1,-1,-1,87827.19101123596,-1,-1,-1,-1,-1,-1,-1,-1,-1,592,465300,6.637998710232158,3088660.0,121,11867300,0,0,-1,0.0,0,-1,-1,86323.97243906325
20230707093848000,6.64,6.63,6.63,6.63,6.63,6.64,6.64,6.64,6.63,6.63,6.64,6.65,6.66,6.67,6.68,6.69,6.7,6.71,6.72,6.73,43900,100100,85100,161300,112950,43800,64900,19800,59000,45900,6.63,6.62,6.61,6.6,6.59,6.58,6.57,6.56,6.55,6.54,123100,176300,187100,101200,25400,33300,22500,113300,26300,1000,77,11,5,7,5,19,4,10,5,4,2,16,12,6,1,17,2,15,57,5,7464.702970297029,0.0,1788.5714285714287,0.0,-1,-1,-1,-1,-1,-1,87827.19101123596,-1,-1,-1,-1,-1,-1,-1,-1,-1,594,467600,6.637998710232158,3103912.0,121,11867300,2,2300,6.637998710232158,15252.0,0,-1,-1,87441.80340927195
20230707093851000,6.63,6.64,6.64,6.64,6.64,6.64,6.64,6.64,6.64,6.64,6.64,6.65,6.66,6.67,6.68,6.69,6.7,6.71,6.72,6.73,44300,100100,85100,161300,112950,43800,64900,19800,59000,45900,6.63,6.62,6.61,6.6,6.59,6.58,6.57,6.56,6.55,6.54,123100,176300,187100,101200,25400,33300,22500,113300,26300,1000,77,11,5,7,5,19,4,10,5,4,2,16,12,6,1,17,2,15,57,5,7464.702970297029,0.0,1788.5714285714287,0.0,-1,-1,-1,-1,-1,-1,87827.19101123596,-1,-1,-1,-1,-1,-1,-1,-1,-1,595,468000,6.637998710232158,3106568.0,121,11867300,1,400,6.637998710232158,2656.0,0,-1,-1,87773.01258563009
20230707093854000,6.63,6.64,6.64,6.64,6.64,6.64,6.64,6.64,6.64,6.64,6.64,6.65,6.66,6.67,6.68,6.69,6.7,6.71,6.72,6.73,44500,100100,85100,161300,112950,43800,64900,19800,59000,45900,6.63,6.62,6.61,6.6,6.59,6.58,6.57,6.56,6.55,6.54,123100,176300,187600,101200,25400,33300,22500,113300,31300,1000,79,11,5,7,5,19,4,10,5,4,2,16,12,6,1,17,2,15,57,5,7464.702970297029,0.0,1788.5714285714287,0.0,-1,-1,-1,-1,-1,-1,87827.19101123596,-1,-1,-1,-1,-1,-1,-1,-1,-1,595,468000,6.637998710232158,3106568.0,121,11867300,0,0,-1,0.0,0,-1,-1,87828.2141150231
20230707093857000,6.64,6.64,6.64,6.63,6.64,6.64,6.64,6.64,6.63,6.64,6.64,6.65,6.66,6.67,6.68,6.69,6.7,6.71,6.72,6.73,43700,100100,85100,161300,112950,43800,64900,19800,59000,46600,6.63,6.62,6.61,6.6,6.59,6.58,6.57,6.56,6.55,6.54,125000,176300,187600,101200,25400,33300,22500,113300,31300,1000,79,11,5,7,5,19,4,10,5,4,2,16,13,6,1,17,2,15,57,5,7464.702970297029,0.0,1788.5714285714287,0.0,-1,-1,-1,-1,-1,-1,90408.44444444444,-1,-1,-1,-1,-1,-1,-1,-1,-1,603,470200,6.637962569119524,3121170.0,122,12187440,8,2200,6.637272727272728,14602.0,1,320140,320140.0,88018.07392066272
20230707093900000,6.64,6.63,6.63,6.63,6.63,6.63,6.63,6.63,6.63,6.63,6.64,6.65,6.66,6.67,6.68,6.69,6.7,6.71,6.72,6.73,43700,100100,85100,161300,112950,43800,64900,19800,59000,46600,6.63,6.62,6.61,6.6,6.59,6.58,6.57,6.56,6.55,6.54,124600,176300,187600,101200,25400,33300,22500,113300,31300,1000,79,11,5,7,5,19,4,10,5,4,2,16,13,6,1,17,2,15,57,5,7464.702970297029,0.0,1788.5714285714287,0.0,-1,-1,-1,-1,-1,-1,90408.44444444444,-1,-1,-1,-1,-1,-1,-1,-1,-1,604,470600,6.637955801104972,3123822.0,122,12187440,1,400,6.637955801104972,2652.0,0,-1,-1,78534.84447188146
