timestamp,preclose,open,high,low,close,preclose_range,open_range,high_range,low_range,close_range,ask_price_0,ask_price_1,ask_price_2,ask_price_3,ask_price_4,ask_price_5,ask_price_6,ask_price_7,ask_price_8,ask_price_9,ask_volume_0,ask_volume_1,ask_volume_2,ask_volume_3,ask_volume_4,ask_volume_5,ask_volume_6,ask_volume_7,ask_volume_8,ask_volume_9,bid_price_0,bid_price_1,bid_price_2,bid_price_3,bid_price_4,bid_price_5,bid_price_6,bid_price_7,bid_price_8,bid_price_9,bid_volume_0,bid_volume_1,bid_volume_2,bid_volume_3,bid_volume_4,bid_volume_5,bid_volume_6,bid_volume_7,bid_volume_8,bid_volume_9,ask_order_num_0,ask_order_num_1,ask_order_num_2,ask_order_num_3,ask_order_num_4,ask_order_num_5,ask_order_num_6,ask_order_num_7,ask_order_num_8,ask_order_num_9,bid_order_num_0,bid_order_num_1,bid_order_num_2,bid_order_num_3,bid_order_num_4,bid_order_num_5,bid_order_num_6,bid_order_num_7,bid_order_num_8,bid_order_num_9,ask_order_stale_0,ask_order_stale_1,ask_order_stale_2,ask_order_stale_3,ask_order_stale_4,ask_order_stale_5,ask_order_stale_6,ask_order_stale_7,ask_order_stale_8,ask_order_stale_9,bid_order_stale_0,bid_order_stale_1,bid_order_stale_2,bid_order_stale_3,bid_order_stale_4,bid_order_stale_5,bid_order_stale_6,bid_order_stale_7,bid_order_stale_8,bid_order_stale_9,order_num,volume,VWAP,amount,passive_num,passive_stale_total,order_num_range,volume_range,VWAP_range,amount_range,passive_num_range,passive_stale_total_range,passive_stale_avg_range,depth
20230810093006000,6.69,6.69,6.69,6.69,6.69,6.69,6.69,6.69,6.69,6.69,6.04,6.6,6.63,6.69,6.7,6.71,6.72,6.73,6.74,6.75,47200,200,1300,600,43500,12000,23300,3000,18000,5700,6.75,6.7,6.69,6.68,6.67,6.66,6.65,6.64,6.63,6.62,1800,300,3400,10200,10700,9000,36400,17100,6400,16600,4,7,2,2,36,7,1,4,2,2,19,9,3,4,11,8,9,2,1,1,-1,-1,-1,0.0,-1,-1,-1,-1,-1,-1,-1,0.0,0.0,-1,-1,-1,-1,-1,-1,-1,4,2800,6.691,18733.0,0,0,1,1400,6.691,9366.0,0,-1,-1,14365.069898040465
20230810093009000,6.69,6.69,6.69,6.69,6.69,6.69,6.69,6.69,6.69,6.69,6.04,6.6,6.63,6.69,6.7,6.71,6.72,6.73,6.74,6.75,47200,200,1300,600,43500,12000,23300,3000,18000,5700,6.75,6.7,6.69,6.68,6.67,6.66,6.65,6.64,6.63,6.62,1800,300,3400,10200,10700,9000,36400,17100,6400,16600,4,7,2,2,36,7,1,4,2,2,19,9,3,4,11,8,9,2,1,1,-1,-1,-1,0.0,-1,-1,-1,-1,-1,-1,-1,0.0,0.0,-1,-1,-1,-1,-1,-1,-1,4,2800,6.691,18733.0,0,0,0,0,-1,0.0,0,-1,-1,14365.069898040465
20230810093012000,6.68,6.69,6.69,6.69,6.69,6.69,6.69,6.69,6.68,6.69,6.04,6.69,6.7,6.71,6.72,6.73,6.74,6.75,6.77,6.78,43600,100,17500,12000,23300,3000,18000,5700,1500,11400,6.69,6.68,6.67,6.66,6.65,6.64,6.63,6.62,6.61,6.6,3600,9900,10700,9000,36400,17100,6400,16600,46200,41000,4,7,2,2,36,7,1,4,2,2,19,9,3,4,11,8,9,2,1,1,-1,0.0,-1,-1,-1,-1,-1,-1,-1,-1,0.0,-1,-1,-1,-1,-1,-1,-1,-1,-1,9,6400,6.688823529411764,42812.0,0,0,5,3600,6.688823529411764,24079.0,0,-1,-1,16975.90907280548
20230810093015000,6.68,6.69,6.69,6.69,6.69,6.69,6.69,6.69,6.69,6.69,6.04,6.69,6.7,6.71,6.72,6.73,6.74,6.75,6.77,6.78,43600,100,17500,12000,23300,3000,18000,5700,1500,11400,6.69,6.68,6.67,6.66,6.65,6.64,6.63,6.62,6.61,6.6,3600,9900,10700,9000,36400,17100,6400,16600,46200,41000,4,7,2,2,36,7,1,4,2,2,19,9,3,4,11,8,9,2,1,1,-1,0.0,-1,-1,-1,-1,-1,-1,-1,-1,0.0,-1,-1,-1,-1,-1,-1,-1,-1,-1,9,6400,6.688823529411764,42812.0,0,0,0,0,-1,0.0,0,-1,-1,16975.90907280548
20230810093018000,6.69,6.69,6.69,6.69,6.69,6.69,6.69,6.69,6.69,6.69,6.04,6.7,6.71,6.72,6.73,6.74,6.75,6.77,6.78,6.79,43400,17500,12000,23300,3000,18000,5700,1500,11400,11900,6.69,6.68,6.67,6.66,6.65,6.64,6.63,6.62,6.61,6.6,3600,9900,10700,9000,36400,17100,6400,16600,46200,41000,4,7,2,2,36,7,1,4,2,2,20,9,3,4,11,8,9,2,1,1,-1,-1,-1,-1,-1,-1,-1,-1,-1,-1,0.0,-1,-1,-1,-1,-1,-1,-1,-1,-1,10,6600,6.688823529411764,44150.0,0,0,1,200,6.688823529411764,1338.0,0,-1,-1,18218.167516329457
20230810093021000,6.69,6.69,6.69,6.69,6.69,6.69,6.69,6.69,6.69,6.69,6.04,6.69,6.7,6.71,6.72,6.73,6.74,6.75,6.77,6.78,43400,1300,17500,12000,23300,3000,18000,5700,1500,11400,6.69,6.68,6.67,6.66,6.65,6.64,6.63,6.62,6.61,6.6,3600,9900,10700,9000,37100,17100,6400,16600,46200,41000,4,7,2,2,36,7,1,4,2,2,20,9,3,4,11,8,9,2,1,1,-1,0.0,-1,-1,-1,-1,-1,-1,-1,-1,0.0,-1,-1,-1,-1,-1,-1,-1,-1,-1,10,6600,6.688823529411764,44150.0,0,0,0,0,-1,0.0,0,-1,-1,17102.412577664487
20230810093024000,6.69,6.69,6.69,6.69,6.69,6.69,6.69,6.69,6.69,6.69,6.04,6.69,6.7,6.71,6.72,6.73,6.74,6.75,6.77,6.78,40400,6500,17500,12000,23300,3000,18000,5700,1500,11400,6.69,6.68,6.67,6.66,6.65,6.64,6.63,6.62,6.61,6.6,600,9900,10700,9000,37100,17100,6400,16600,46200,41000,4,7,2,2,36,7,1,4,2,2,20,9,3,4,11,8,9,2,1,1,-1,0.0,-1,-1,-1,-1,-1,-1,-1,-1,0.0,-1,-1,-1,-1,-1,-1,-1,-1,-1,11,9600,6.688823529411764,64220.0,0,0,1,3000,6.688823529411764,20070.0,0,-1,-1,15681.992791142266
20230810093027000,6.69,6.68,6.68,6.68,6.68,6.68,6.68,6.69,6.68,6.68,6.04,6.69,6.7,6.71,6.72,6.73,6.74,6.75,6.77,6.78,38800,7800,17500,12000,23300,3000,18000,5700,1500,11400,6.68,6.67,6.66,6.65,6.64,6.63,6.62,6.61,6.6,6.59,9300,10700,9000,37100,17100,6400,16600,46200,41000,17300,4,7,2,2,36,7,1,4,2,2,20,9,3,4,11,8,9,2,1,1,-1,0.0,-1,-1,-1,-1,-1,-1,-1,-1,-1,-1,-1,-1,-1,-1,-1,-1,-1,-1,14,11200,6.689107142857143,74918.0,0,0,3,1600,6.689107142857143,10698.0,0,-1,-1,15792.296280070095
20230810093030000,6.68,6.69,6.69,6.69,6.69,6.69,6.69,6.69,6.69,6.69,6.04,6.69,6.7,6.71,6.72,6.73,6.74,6.75,6.77,6.78,34800,3900,17500,13600,23300,3000,18000,5700,1500,11400,6.68,6.67,6.66,6.65,6.64,6.63,6.62,6.61,6.6,6.59,9800,10700,9000,40100,17100,6400,16600,46200,41000,17300,4,7,2,2,36,7,1,4,2,2,20,9,3,4,11,8,9,2,1,1,-1,0.0,-1,-1,-1,-1,-1,-1,-1,-1,-1,-1,-1,-1,-1,-1,-1,-1,-1,-1,15,15200,6.689107142857143,101678.0,0,0,1,4000,6.689107142857143,26760.0,0,-1,-1,17432.047554564284
20230810093033000,6.69,6.69,6.69,6.69,6.69,6.69,6.69,6.69,6.69,6.69,6.04,6.7,6.71,6.72,6.73,6.74,6.75,6.77,6.78,6.79,5200,17500,13600,23300,3000,18000,5700,1500,11400,11900,6.69,6.68,6.67,6.66,6.65,6.64,6.63,6.62,6.61,6.6,1100,11400,10700,9000,40100,17100,6400,16600,46200,41000,4,7,2,2,36,7,1,4,2,2,20,9,3,4,11,8,9,2,1,1,-1,-1,-1,-1,-1,-1,-1,-1,-1,-1,0.0,-1,-1,-1,-1,-1,-1,-1,-1,-1,28,44800,6.689776785714286,299702.0,1,10410,13,29600,6.69,198024.0,1,10410,10410.0,13039.409749880515
20230810093036000,6.7,6.71,6.71,6.71,6.71,6.7,6.7,6.71,6.7,6.71,6.04,6.7,6.71,6.72,6.73,6.74,6.75,6.77,6.78,6.79,4200,16600,12800,23300,3000,18000,5700,1500,11400,11900,6.7,6.69,6.68,6.67,6.66,6.65,6.64,6.63,6.62,6.61,6200,4200,10100,10700,9000,40100,17100,6400,16600,46200,4,7,2,2,36,7,1,4,2,2,20,9,3,4,11,8,9,2,1,1,-1,0.0,-1,-1,-1,-1,-1,-1,-1,-1,0.0,0.0,-1,-1,-1,-1,-1,-1,-1,-1,30,45800,6.689776785714286,306411.0,1,10410,2,1000,6.689776785714286,6709.0,0,-1,-1,11799.249243269078
20230810093039000,6.7,6.71,6.71,6.71,6.71,6.7,6.7,6.71,6.7,6.71,6.69,6.7,6.71,6.72,6.73,6.74,6.75,6.77,6.78,6.79,3500,12600,14300,23300,3000,18000,5700,1500,11400,11900,6.7,6.69,6.68,6.67,6.66,6.65,6.64,6.63,6.62,6.61,3400,5800,10100,10700,9000,40100,17100,6400,16600,46200,4,7,2,2,36,7,1,4,2,2,20,9,3,4,11,8,9,2,1,1,3470.0,0.0,-1,-1,-1,-1,-1,-1,-1,-1,0.0,0.0,-1,-1,-1,-1,-1,-1,-1,-1,32,54000,6.689776785714286,361358.0,1,10410,2,8200,6.689776785714286,54947.0,0,-1,-1,11051.72853273857
20230810093042000,6.71,6.7,6.7,6.7,6.7,6.71,6.71,6.71,6.7,6.7,6.7,6.71,6.72,6.73,6.74,6.75,6.77,6.78,6.79,6.8,7690,9390,23300,3000,18000,5700,1500,11400,11900,8900,6.7,6.69,6.68,6.67,6.66,6.65,6.64,6.63,6.62,6.61,3500,10500,10100,10700,9000,40100,17100,6400,16600,46200,4,8,2,2,36,7,1,4,2,2,21,9,3,4,11,8,9,2,1,1,0.0,10545.0,-1,-1,-1,-1,-1,-1,-1,-1,0.0,0.0,-1,-1,-1,-1,-1,-1,-1,-1,37,59400,6.69280511293994,397591.0,3,31500,5,5400,6.7098148148148145,36233.0,2,21090,10545.0,11742.243508045245
20230810093045000,6.7,6.7,6.7,6.7,6.7,6.7,6.7,6.7,6.7,6.7,6.7,6.71,6.72,6.73,6.74,6.75,6.77,6.78,6.79,6.8,7690,15590,23300,3000,18000,5700,1500,11400,11900,8900,6.7,6.69,6.68,6.67,6.66,6.65,6.64,6.63,6.62,6.61,3400,10500,10100,10700,9000,40100,17100,6400,16600,46200,4,8,2,2,36,7,1,4,2,2,21,9,3,4,11,8,9,2,1,1,0.0,10545.0,-1,-1,-1,-1,-1,-1,-1,-1,0.0,0.0,-1,-1,-1,-1,-1,-1,-1,-1,38,59500,6.69280511293994,398261.0,3,31500,1,100,6.69280511293994,670.0,0,-1,-1,11710.042615899314
20230810093048000,6.7,6.71,6.71,6.71,6.71,6.71,6.71,6.71,6.71,6.71,6.7,6.71,6.72,6.73,6.74,6.75,6.77,6.78,6.79,6.8,4790,12690,24400,3000,33000,5700,1500,11400,11900,8900,6.7,6.69,6.68,6.67,6.66,6.65,6.64,6.63,6.62,6.61,2500,10500,10100,10700,9000,40100,17100,6400,16600,46200,4,8,2,2,36,7,1,4,2,2,21,9,3,4,11,8,9,2,1,1,0.0,10545.0,-1,-1,-1,-1,-1,-1,-1,-1,0.0,0.0,-1,-1,-1,-1,-1,-1,-1,-1,39,62400,6.69280511293994,417720.0,3,31500,1,2900,6.69280511293994,19459.0,0,-1,-1,11500.821451330254
20230810093051000,6.71,6.71,6.71,6.71,6.71,6.71,6.71,6.71,6.71,6.71,6.7,6.71,6.72,6.73,6.74,6.75,6.77,6.78,6.79,6.8,3990,12890,24400,3000,33000,5700,1500,11400,11900,8900,6.7,6.69,6.68,6.67,6.66,6.65,6.64,6.63,6.62,6.61,2500,10500,10100,10700,9000,40100,17100,6400,16600,46200,4,8,2,2,37,7,1,4,2,2,21,9,3,4,11,8,9,2,1,1,0.0,10545.0,-1,-1,-1,-1,-1,-1,-1,-1,0.0,0.0,-1,-1,-1,-1,-1,-1,-1,-1,40,63200,6.694430379746835,423088.0,3,31500,1,800,6.694430379746835,5368.0,0,-1,-1,12204.556316711807
20230810093054000,6.71,6.71,6.71,6.71,6.71,6.71,6.71,6.71,6.71,6.71,6.7,6.71,6.72,6.73,6.74,6.75,6.77,6.78,6.79,6.8,1190,10190,24400,3000,33000,5700,1500,11400,11900,8900,6.7,6.69,6.68,6.67,6.66,6.65,6.64,6.63,6.62,6.61,2500,10500,10100,10700,9000,46600,17400,6400,16600,46200,4,8,2,2,37,7,1,4,2,2,21,9,3,4,11,9,9,2,1,1,0.0,10545.0,-1,-1,-1,-1,-1,-1,-1,-1,0.0,0.0,-1,-1,-1,-1,-1,-1,-1,-1,45,66000,6.6950022862368535,441876.0,3,31500,5,2800,6.6950022862368535,18788.0,0,-1,-1,11578.93898359089
20230810093057000,6.71,6.71,6.71,6.71,6.71,6.71,6.71,6.71,6.71,6.71,6.7,6.71,6.72,6.73,6.74,6.75,6.77,6.78,6.79,6.8,1190,10190,24400,3000,33000,5700,1500,11400,11900,8900,6.7,6.69,6.68,6.67,6.66,6.65,6.64,6.63,6.62,6.61,2500,10500,10100,10700,9000,46600,17400,6400,16600,46200,4,8,2,2,37,7,1,4,2,2,21,9,3,4,11,9,9,2,1,1,0.0,10545.0,-1,-1,-1,-1,-1,-1,-1,-1,0.0,0.0,-1,-1,-1,-1,-1,-1,-1,-1,45,66000,6.6950022862368535,441876.0,3,31500,0,0,-1,0.0,0,-1,-1,11578.93898359089
20230810093100000,6.71,6.71,6.71,6.71,6.71,6.71,6.71,6.71,6.71,6.71,6.7,6.71,6.72,6.73,6.74,6.75,6.77,6.78,6.79,6.8,1190,10190,24400,3000,33000,5700,1500,11400,11900,9400,6.7,6.69,6.68,6.67,6.66,6.65,6.64,6.63,6.62,6.61,2500,10500,15100,10700,9000,46600,17400,6400,16600,46200,4,8,2,2,37,7,1,4,2,2,21,9,3,4,11,9,9,2,1,1,0.0,10545.0,-1,-1,-1,-1,-1,-1,-1,-1,0.0,0.0,-1,-1,-1,-1,-1,-1,-1,-1,45,66000,6.6950022862368535,441876.0,3,31500,0,0,-1,0.0,0,-1,-1,12079.202843715153
20230810093103000,6.71,6.71,6.71,6.71,6.71,6.71,6.71,6.71,6.71,6.71,6.71,6.72,6.73,6.74,6.75,6.77,6.78,6.79,6.8,6.81,17890,24400,3000,33000,5700,1500,11400,11900,9400,2000,6.7,6.69,6.68,6.67,6.66,6.65,6.64,6.63,6.62,6.61,2500,10500,15100,10700,9000,46600,17400,6400,16600,46200,4,8,2,2,37,7,1,4,2,2,21,9,3,4,11,9,9,2,1,1,10545.0,-1,-1,-1,-1,-1,-1,-1,-1,-1,0.0,0.0,-1,-1,-1,-1,-1,-1,-1,-1,49,68190,6.6950022862368535,456570.9,3,31500,4,2190,6.6950022862368535,14694.900000000023,0,-1,-1,14522.546598693645
20230810093106000,6.71,6.72,6.72,6.72,6.72,6.71,6.71,6.72,6.7,6.72,6.71,6.72,6.73,6.74,6.75,6.77,6.78,6.79,6.8,6.81,17200,25000,3000,33000,5700,1500,11400,11900,9400,2000,6.7,6.69,6.68,6.67,6.66,6.65,6.64,6.63,6.62,6.61,2400,10500,15100,10700,9000,46600,17400,6400,16600,46200,4,8,2,2,37,7,1,4,2,2,21,9,3,4,11,9,9,2,1,1,3675.0,-1,-1,-1,-1,-1,-1,-1,-1,-1,0.0,0.0,-1,-1,-1,-1,-1,-1,-1,-1,57,70380,6.695984632896984,471265.80000000005,5,32460,8,2190,6.710000000000011,14694.900000000023,2,960,480.0,12747.82539429664
20230810093109000,6.7,6.72,6.72,6.72,6.72,6.72,6.71,6.72,6.7,6.72,6.71,6.72,6.73,6.74,6.75,6.77,6.78,6.79,6.8,6.81,14900,22700,3000,33000,5700,1500,11400,11900,9400,2000,6.71,6.7,6.69,6.68,6.67,6.66,6.65,6.64,6.63,6.62,2600,1400,11500,15100,10700,9000,46600,17400,6400,16600,4,8,2,2,37,7,1,4,2,2,21,9,3,4,11,9,9,2,1,1,3150.0,-1,-1,-1,-1,-1,-1,-1,-1,-1,1.1764705882352942,0.0,0.0,-1,-1,-1,-1,-1,-1,-1,62,73880,6.696058373476906,494763.80000000005,6,32480,5,3500,6.7137142857142855,23498.0,1,20,20.0,12356.814561096066
20230810093112000,6.72,6.72,6.72,6.72,6.72,6.72,6.72,6.72,6.72,6.72,6.71,6.72,6.73,6.74,6.75,6.77,6.78,6.79,6.8,6.81,11700,19500,3000,33000,5700,1500,11400,11900,9400,2000,6.71,6.7,6.69,6.68,6.67,6.66,6.65,6.64,6.63,6.62,2600,1400,11500,15100,10700,9000,46600,17400,6400,16600,4,8,2,2,37,7,1,4,2,2,21,9,3,4,11,9,9,2,1,1,3150.0,-1,-1,-1,-1,-1,-1,-1,-1,-1,1.1764705882352942,0.0,0.0,-1,-1,-1,-1,-1,-1,-1,64,77080,6.697817851582772,516267.80000000005,6,32480,2,3200,6.697817851582772,21504.0,0,-1,-1,12225.710928787637
20230810093115000,6.72,6.72,6.72,6.72,6.72,6.72,6.72,6.72,6.72,6.72,6.71,6.72,6.73,6.74,6.75,6.77,6.78,6.79,6.8,6.81,11700,19500,3000,33000,5700,1500,11400,11900,9400,2000,6.71,6.7,6.69,6.68,6.67,6.66,6.65,6.64,6.63,6.62,2800,1400,11500,15800,10700,9000,46600,17400,6400,16600,4,8,2,2,37,7,1,4,2,2,21,9,3,4,11,9,9,2,1,1,3150.0,-1,-1,-1,-1,-1,-1,-1,-1,-1,1.1764705882352942,0.0,0.0,-1,-1,-1,-1,-1,-1,-1,64,77080,6.697817851582772,516267.80000000005,6,32480,0,0,-1,0.0,0,-1,-1,11717.396845626894
20230810093118000,6.72,6.71,6.71,6.71,6.71,6.71,6.71,6.71,6.71,6.71,6.71,6.72,6.73,6.74,6.75,6.77,6.78,6.79,6.8,6.81,11700,19500,3000,33000,5700,1500,11400,11900,9400,2000,6.71,6.7,6.69,6.68,6.67,6.66,6.65,6.64,6.63,6.62,3600,1400,11500,15800,10700,9000,46600,17400,6400,16600,4,8,2,2,37,7,1,4,2,2,21,9,3,4,11,9,9,2,1,1,2756.25,-1,-1,-1,-1,-1,-1,-1,-1,-1,1.1764705882352942,0.0,0.0,-1,-1,-1,-1,-1,-1,-1,65,77280,6.697817851582772,517609.80000000005,6,32480,1,200,6.697817851582772,1342.0,0,-1,-1,11846.20041421061
20230810093121000,6.71,6.72,6.72,6.72,6.72,6.72,6.72,6.72,6.72,6.72,6.71,6.72,6.73,6.74,6.75,6.77,6.78,6.79,6.8,6.81,10800,19500,3000,33000,5700,1500,11400,11900,9400,2000,6.71,6.7,6.69,6.68,6.67,6.66,6.65,6.64,6.63,6.62,3600,8000,11500,15800,10700,9000,46600,17400,6400,16600,4,8,2,2,37,7,1,4,2,2,21,9,3,4,11,9,9,2,1,1,2756.25,-1,-1,-1,-1,-1,-1,-1,-1,-1,1.1764705882352942,0.0,0.0,-1,-1,-1,-1,-1,-1,-1,66,78180,6.697817851582772,523657.80000000005,6,32480,1,900,6.697817851582772,6048.0,0,-1,-1,11349.37569698901
20230810093124000,6.72,6.72,6.72,6.72,6.72,6.72,6.72,6.72,6.72,6.72,6.71,6.72,6.73,6.74,6.75,6.77,6.78,6.79,6.8,6.81,6100,21400,3000,33000,5700,1500,11400,11900,9400,2000,6.71,6.7,6.69,6.68,6.67,6.66,6.65,6.64,6.63,6.62,3600,8000,11500,15800,10700,9000,46600,17400,6400,16600,4,8,2,2,38,7,1,4,2,2,22,9,3,4,11,9,9,2,1,1,2756.25,-1,-1,-1,-1,-1,-1,-1,-1,-1,1.1764705882352942,0.0,0.0,-1,-1,-1,-1,-1,-1,-1,67,82880,6.699346042471043,555241.8,6,32480,1,4700,6.699346042471043,31584.0,0,-1,-1,11087.179385056555
20230810093127000,6.72,6.72,6.72,6.72,6.72,6.72,6.72,6.72,6.72,6.72,6.71,6.72,6.73,6.74,6.75,6.77,6.78,6.79,6.8,6.81,500,16500,3000,33000,5700,1500,11400,11900,9400,2000,6.71,6.7,6.69,6.68,6.67,6.66,6.65,6.64,6.63,6.62,3700,8000,11500,15900,10700,9000,46600,17400,6400,16600,4,8,2,2,38,7,1,4,2,2,22,9,3,4,11,9,9,2,1,1,2756.25,-1,-1,-1,-1,-1,-1,-1,-1,-1,1.1764705882352942,0.0,0.0,-1,-1,-1,-1,-1,-1,-1,69,88480,6.700501196035995,592873.8,6,32480,2,5600,6.700501196035995,37632.0,0,-1,-1,10438.561414688545
20230810093130000,6.72,6.72,6.72,6.72,6.72,6.72,6.72,6.72,6.72,6.72,6.72,6.73,6.74,6.75,6.77,6.78,6.79,6.8,6.81,6.82,25290,9200,33000,5700,1500,11400,11900,9400,2000,6800,6.71,6.7,6.69,6.68,6.67,6.66,6.65,6.64,6.63,6.62,3700,8000,11600,15900,10700,9000,46600,17400,6400,16600,4,8,2,2,38,7,1,4,2,2,22,9,3,4,11,9,9,2,1,1,82210.0,-1,-1,-1,-1,-1,-1,-1,-1,-1,1.1764705882352942,0.0,0.0,-1,-1,-1,-1,-1,-1,-1,71,89980,6.700975772393866,602953.8,7,114690,2,1500,6.72,10080.0,1,82210,82210.0,13249.341843237215
20230810093133000,6.72,6.72,6.72,6.72,6.72,6.72,6.72,6.72,6.72,6.72,6.72,6.73,6.74,6.75,6.77,6.78,6.79,6.8,6.81,6.82,22990,9200,32000,5700,1500,11400,11900,9400,2000,6800,6.71,6.7,6.69,6.68,6.67,6.66,6.65,6.64,6.63,6.62,5700,8000,11600,15900,10700,9000,46600,17400,6400,16600,4,8,2,2,39,7,1,4,2,2,22,9,3,4,11,9,9,2,1,1,82210.0,-1,-1,-1,-1,-1,-1,-1,-1,-1,1.1764705882352942,0.0,0.0,-1,-1,-1,-1,-1,-1,-1,73,92280,6.700975772393866,618409.8,7,114690,2,2300,6.700975772393866,15456.0,0,-1,-1,12677.337900270832
20230810093136000,6.72,6.71,6.71,6.71,6.71,6.72,6.72,6.72,6.71,6.71,6.72,6.73,6.74,6.75,6.77,6.78,6.79,6.8,6.81,6.82,22990,9200,32000,5700,1500,11400,11600,9400,2000,6800,6.71,6.7,6.69,6.68,6.67,6.66,6.65,6.64,6.63,6.62,5500,13000,11600,15900,10700,9100,46600,17400,6400,16600,4,8,2,2,40,7,1,4,2,2,22,9,3,4,11,9,9,2,1,1,82210.0,-1,-1,-1,-1,-1,-1,-1,-1,-1,1.1764705882352942,0.0,0.0,-1,-1,-1,-1,-1,-1,-1,75,92480,6.700975772393866,619751.8,7,114690,2,200,6.700975772393866,1342.0,0,-1,-1,13937.060896925284
20230810093139000,6.71,6.72,6.72,6.72,6.72,6.72,6.72,6.72,6.71,6.72,6.72,6.73,6.74,6.75,6.76,6.77,6.78,6.79,6.8,6.81,22790,9200,32000,5700,1000,1500,11700,11600,9400,2000,6.71,6.7,6.69,6.68,6.67,6.66,6.65,6.64,6.63,6.62,5300,13000,11600,15900,10700,9100,46600,17400,6400,16600,4,8,2,2,41,7,1,4,2,2,22,9,3,4,11,9,9,2,1,1,82210.0,-1,-1,-1,-1,-1,-1,-1,-1,-1,1.1764705882352942,0.0,0.0,-1,-1,-1,-1,-1,-1,-1,78,92880,6.701526701119725,622437.8,7,114690,3,400,6.701526701119725,2686.0,0,-1,-1,12473.526366098455
20230810093142000,6.71,6.72,6.72,6.72,6.72,6.72,6.72,6.72,6.72,6.72,6.72,6.73,6.74,6.75,6.76,6.77,6.78,6.79,6.8,6.81,34790,13700,32500,5700,1000,1500,11700,11600,9400,2000,6.71,6.7,6.69,6.68,6.67,6.66,6.65,6.64,6.63,6.62,16400,14000,11600,15900,10700,9100,46600,17400,6400,16600,4,8,2,2,41,7,1,4,2,2,22,9,3,4,11,9,9,2,1,1,82210.0,-1,-1,-1,-1,-1,-1,-1,-1,-1,1.1764705882352942,0.0,0.0,-1,-1,-1,-1,-1,-1,-1,78,92880,6.701526701119725,622437.8,7,114690,0,0,-1,0.0,0,-1,-1,16413.206945993312
20230810093145000,6.71,6.72,6.72,6.72,6.72,6.72,6.72,6.72,6.72,6.72,6.72,6.73,6.74,6.75,6.76,6.77,6.78,6.79,6.8,6.81,34790,13700,32500,5700,1000,1500,11700,11600,9400,2000,6.71,6.7,6.69,6.68,6.67,6.66,6.65,6.64,6.63,6.62,16400,14000,11600,16400,10700,9100,47100,17400,6400,16600,4,8,2,2,41,7,1,4,2,2,22,9,3,4,11,9,9,2,1,1,82210.0,-1,-1,-1,-1,-1,-1,-1,-1,-1,1.1764705882352942,0.0,0.0,-1,-1,-1,-1,-1,-1,-1,78,92880,6.701526701119725,622437.8,7,114690,0,0,-1,0.0,0,-1,-1,16865.5528118528
20230810093148000,6.72,6.72,6.72,6.72,6.72,6.72,6.72,6.72,6.72,6.72,6.72,6.73,6.74,6.75,6.76,6.77,6.78,6.79,6.8,6.81,32190,13700,32500,5700,1000,1500,11700,11600,9400,2000,6.71,6.7,6.69,6.68,6.67,6.66,6.65,6.64,6.63,6.62,17100,14000,11600,16400,10700,9100,47100,17400,6400,16600,4,8,2,2,41,7,1,4,2,2,23,9,3,4,11,9,9,2,1,1,82210.0,-1,-1,-1,-1,-1,-1,-1,-1,-1,1.1764705882352942,0.0,0.0,-1,-1,-1,-1,-1,-1,-1,81,98080,6.7025061174551395,657381.8,7,114690,3,5200,6.7025061174551395,34944.0,0,-1,-1,15168.215309861402
20230810093151000,6.72,6.72,6.72,6.72,6.72,6.72,6.72,6.72,6.72,6.72,6.72,6.73,6.74,6.75,6.76,6.77,6.78,6.79,6.8,6.81,29590,13700,32500,5700,1300,1500,18900,11600,9400,2000,6.71,6.7,6.69,6.68,6.67,6.66,6.65,6.64,6.63,6.62,17600,14000,11600,16400,10700,9100,47100,17400,6400,16600,4,8,2,2,41,7,1,4,2,2,23,9,3,4,11,9,9,2,1,1,82210.0,-1,-1,-1,-1,-1,-1,-1,-1,-1,1.1764705882352942,0.0,0.0,-1,-1,-1,-1,-1,-1,-1,84,100680,6.702957886372666,674853.8,7,114690,3,2600,6.702957886372666,17472.0,0,-1,-1,15198.116138282621
20230810093154000,6.72,6.71,6.71,6.71,6.71,6.72,6.72,6.72,6.71,6.71,6.72,6.73,6.74,6.75,6.76,6.77,6.78,6.79,6.8,6.81,28890,13700,32500,5700,1300,4500,18900,11600,9400,2000,6.71,6.7,6.69,6.68,6.67,6.66,6.65,6.64,6.63,6.62,16100,14500,11600,20500,10700,9100,47100,17400,6400,16600,4,8,2,2,42,7,1,4,2,2,23,9,3,4,11,9,9,2,1,1,82210.0,-1,-1,-1,-1,-1,-1,-1,-1,-1,1.1764705882352942,0.0,0.0,-1,-1,-1,-1,-1,-1,-1,86,103380,6.703075557309134,692977.8,7,114690,2,2700,6.703075557309134,18124.0,0,-1,-1,16592.8309702087
20230810093157000,6.72,6.72,6.72,6.72,6.72,6.72,6.72,6.72,6.71,6.72,6.72,6.73,6.74,6.75,6.76,6.77,6.78,6.79,6.8,6.81,25900,13700,32500,5700,1300,4500,18900,11600,9400,2000,6.71,6.7,6.69,6.68,6.67,6.66,6.65,6.64,6.63,6.62,13500,14500,11600,20500,10700,9100,47100,17400,6400,16600,4,8,2,2,43,7,1,4,2,2,23,9,3,4,11,9,9,2,1,1,82210.0,-1,-1,-1,-1,-1,-1,-1,-1,-1,7081.428571428572,0.0,0.0,-1,-1,-1,-1,-1,-1,-1,94,109780,6.703732920386227,735935.8,11,263380,8,6400,6.7121875,42958.0,4,148690,37172.5,15975.493866496736
20230810093200000,6.72,6.72,6.72,6.72,6.72,6.72,6.72,6.72,6.72,6.72,6.72,6.73,6.74,6.75,6.76,6.77,6.78,6.79,6.8,6.81,34700,13700,32500,5700,1300,5500,18900,11600,9400,2000,6.71,6.7,6.69,6.68,6.67,6.66,6.65,6.64,6.63,6.62,13500,14500,11600,20500,10700,11100,47100,17400,6400,16600,4,8,2,2,43,7,1,4,2,2,23,9,3,4,11,9,9,2,2,1,82210.0,-1,-1,-1,-1,-1,-1,-1,-1,-1,7081.428571428572,0.0,0.0,-1,-1,-1,-1,-1,-1,-1,98,116280,6.704642242862057,779615.8,11,263380,4,6500,6.704642242862057,43680.0,0,-1,-1,17298.359088736655
20230810093203000,6.72,6.72,6.72,6.72,6.72,6.72,6.72,6.72,6.72,6.72,6.72,6.73,6.74,6.75,6.76,6.77,6.78,6.79,6.8,6.81,36900,13700,33100,5700,1300,5500,18900,11600,9400,2000,6.71,6.7,6.69,6.68,6.67,6.66,6.65,6.64,6.63,6.62,15000,14500,11600,20500,10700,11100,49900,17400,6400,16600,4,8,2,2,44,7,1,4,2,2,23,9,3,4,11,9,9,2,2,1,82210.0,-1,-1,-1,-1,-1,-1,-1,-1,-1,7081.428571428572,0.0,0.0,-1,-1,-1,-1,-1,-1,-1,99,116780,6.704707997944854,782975.8,11,263380,1,500,6.704707997944854,3360.0,0,-1,-1,16508.5172056715
20230810093206000,6.72,6.72,6.72,6.72,6.72,6.72,6.72,6.72,6.72,6.72,6.72,6.73,6.74,6.75,6.76,6.77,6.78,6.79,6.8,6.81,32600,13700,33100,11700,1300,5500,18900,11600,9400,2000,6.71,6.7,6.69,6.68,6.67,6.66,6.65,6.64,6.63,6.62,25000,14500,11600,20500,10700,12100,49900,17400,6400,16600,4,8,2,2,44,7,1,4,2,2,23,9,3,4,11,9,9,2,2,1,82210.0,-1,-1,-1,-1,-1,-1,-1,-1,-1,7081.428571428572,0.0,0.0,-1,-1,-1,-1,-1,-1,-1,102,121080,6.704707997944854,811871.8,11,263380,3,4300,6.704707997944854,28896.0,0,-1,-1,18525.059741914924
20230810093209000,6.72,6.72,6.72,6.72,6.72,6.72,6.72,6.72,6.72,6.72,6.72,6.73,6.74,6.75,6.76,6.77,6.78,6.79,6.8,6.81,32500,13700,33100,16700,1300,5500,18900,11600,9400,4300,6.71,6.7,6.69,6.68,6.67,6.66,6.65,6.64,6.63,6.62,25900,14300,11600,20500,10700,12100,49900,17400,6400,16600,4,8,2,2,44,7,1,4,2,2,23,9,3,4,11,9,9,2,2,1,82210.0,-1,-1,-1,-1,-1,-1,-1,-1,-1,7081.428571428572,0.0,0.0,-1,-1,-1,-1,-1,-1,-1,103,121180,6.705263244759862,812543.8,11,263380,1,100,6.705263244759862,672.0,0,-1,-1,18890.76987414369
20230810093212000,6.72,6.72,6.72,6.72,6.72,6.72,6.72,6.72,6.72,6.72,6.72,6.73,6.74,6.75,6.76,6.77,6.78,6.79,6.8,6.81,32200,13700,33100,16700,1300,5500,21900,11600,9400,4300,6.71,6.7,6.69,6.68,6.67,6.66,6.65,6.64,6.63,6.62,25900,14300,11600,22900,10700,12100,49900,17400,6400,16600,4,8,2,2,44,7,1,4,2,2,23,9,3,4,11,9,9,2,2,1,82210.0,-1,-1,-1,-1,-1,-1,-1,-1,-1,7081.428571428572,0.0,0.0,-1,-1,-1,-1,-1,-1,-1,105,121480,6.7052996378004615,814559.8,11,263380,2,300,6.7052996378004615,2016.0,0,-1,-1,19017.482475704946
20230810093215000,6.72,6.73,6.73,6.73,6.73,6.73,6.73,6.73,6.73,6.73,6.72,6.73,6.74,6.75,6.76,6.77,6.78,6.79,6.8,6.81,31600,13100,33100,16700,1300,5500,24400,11600,10400,4300,6.71,6.7,6.69,6.68,6.67,6.66,6.65,6.64,6.63,6.62,25900,14300,11600,22900,10700,12100,49900,17400,6400,16600,4,8,2,2,44,7,1,4,2,2,23,9,3,4,11,9,9,2,2,1,82210.0,-1,-1,-1,-1,-1,-1,-1,-1,-1,7081.428571428572,0.0,0.0,-1,-1,-1,-1,-1,-1,-1,106,122080,6.7052996378004615,818597.8,11,263380,1,600,6.7052996378004615,4038.0,0,-1,-1,19096.834674207417
20230810093218000,6.71,6.72,6.72,6.72,6.72,6.72,6.72,6.72,6.71,6.72,6.72,6.73,6.74,6.75,6.76,6.77,6.78,6.79,6.8,6.81,32600,13700,33100,16700,2300,5500,24400,11600,10400,4300,6.71,6.7,6.69,6.68,6.67,6.66,6.65,6.64,6.63,6.62,25800,13600,11600,22900,10700,12100,49900,17400,6400,16600,4,9,2,2,44,7,1,4,2,2,23,9,3,4,11,9,9,2,2,1,16594.0,-1,-1,-1,-1,-1,-1,-1,-1,-1,7081.428571428572,0.0,0.0,-1,-1,-1,-1,-1,-1,-1,114,127280,6.706008799497172,853540.8,14,264150,8,5200,6.719807692307692,34943.0,3,770,256.6666666666667,17894.229926716584
20230810093221000,6.72,6.72,6.72,6.72,6.72,6.72,6.72,6.72,6.72,6.72,6.72,6.73,6.74,6.75,6.76,6.77,6.78,6.79,6.8,6.81,30700,14700,33100,16700,2300,5500,24400,11600,10400,4300,6.71,6.7,6.69,6.68,6.67,6.66,6.65,6.64,6.63,6.62,25900,16100,11600,22900,10700,12100,49900,17400,6400,16600,4,9,2,2,44,7,1,4,2,2,23,9,3,4,11,9,9,2,2,1,11924.285714285714,-1,-1,-1,-1,-1,-1,-1,-1,-1,7081.428571428572,0.0,0.0,-1,-1,-1,-1,-1,-1,-1,118,135580,6.706865319368639,909316.8,16,264650,4,8300,6.72,55776.0,2,500,250.0,19117.5352477298
20230810093224000,6.72,6.72,6.72,6.72,6.72,6.72,6.72,6.72,6.72,6.72,6.72,6.73,6.74,6.75,6.76,6.77,6.78,6.79,6.8,6.81,36600,14700,33100,16700,2300,5500,24400,11600,10400,4300,6.71,6.7,6.69,6.68,6.67,6.66,6.65,6.64,6.63,6.62,25900,16100,11600,22900,10700,12100,49900,17400,6400,16600,4,9,2,2,44,7,1,4,2,2,24,9,3,4,11,9,9,2,2,1,7112.5,-1,-1,-1,-1,-1,-1,-1,-1,-1,7081.428571428572,0.0,0.0,-1,-1,-1,-1,-1,-1,-1,125,140780,6.707350475919875,944260.8,20,266530,7,5200,6.72,34944.0,4,1880,470.0,20104.26258563007
20230810093227000,6.72,6.72,6.72,6.72,6.72,6.72,6.72,6.72,6.72,6.72,6.72,6.73,6.74,6.75,6.76,6.77,6.78,6.79,6.8,6.81,36100,20600,33100,16700,2300,5500,24400,11600,10400,4300,6.71,6.7,6.69,6.68,6.67,6.66,6.65,6.64,6.63,6.62,27200,16100,11600,22900,10700,12100,52900,17400,6400,16600,4,9,2,2,44,7,1,4,2,2,24,9,3,4,11,9,9,2,2,1,5334.375,-1,-1,-1,-1,-1,-1,-1,-1,-1,7081.428571428572,0.0,0.0,-1,-1,-1,-1,-1,-1,-1,131,143080,6.707553816046967,959716.8,21,266540,6,2300,6.72,15456.0,1,10,10.0,20329.66883065158
20230810093230000,6.72,6.72,6.72,6.72,6.72,6.72,6.72,6.72,6.72,6.72,6.72,6.73,6.74,6.75,6.76,6.77,6.78,6.79,6.8,6.81,36100,21600,33100,16700,2300,5500,24400,11600,10400,4300,6.71,6.7,6.69,6.68,6.67,6.66,6.65,6.64,6.63,6.62,27200,20100,11600,22900,10700,12100,52900,17400,6400,16600,4,9,2,2,44,7,1,4,2,2,24,9,3,4,11,9,9,2,2,1,5334.375,-1,-1,-1,-1,-1,-1,-1,-1,-1,7081.428571428572,0.0,0.0,-1,-1,-1,-1,-1,-1,-1,132,143180,6.707553816046967,960388.8,21,266540,1,100,6.707553816046967,672.0,0,-1,-1,19320.26943603632
20230810093233000,6.72,6.72,6.72,6.72,6.72,6.72,6.72,6.72,6.72,6.72,6.72,6.73,6.74,6.75,6.76,6.77,6.78,6.79,6.8,6.81,37300,23200,33100,16700,2300,5500,24400,14600,10400,4300,6.71,6.7,6.69,6.68,6.67,6.66,6.65,6.64,6.63,6.62,27200,20100,11600,22900,10700,12100,52900,17400,6400,16600,4,9,2,2,44,7,1,4,2,2,24,9,3,4,11,9,9,2,2,1,5027.64705882353,-1,-1,-1,-1,-1,-1,-1,-1,-1,7081.428571428572,0.0,0.0,-1,-1,-1,-1,-1,-1,-1,135,143780,6.707614410905551,964420.8,23,266670,3,600,6.72,4032.0,2,130,65.0,21590.103751792256
20230810093236000,6.72,6.72,6.72,6.72,6.72,6.72,6.72,6.72,6.72,6.72,6.72,6.73,6.74,6.75,6.76,6.77,6.78,6.79,6.8,6.81,37300,23200,33100,16700,2300,5500,24400,14600,10400,4300,6.71,6.7,6.69,6.68,6.67,6.66,6.65,6.64,6.63,6.62,27200,20100,11600,22900,10700,12100,52900,17400,6400,16600,4,9,2,2,44,7,1,4,2,2,24,9,3,4,11,9,9,2,2,1,5027.64705882353,-1,-1,-1,-1,-1,-1,-1,-1,-1,7081.428571428572,0.0,0.0,-1,-1,-1,-1,-1,-1,-1,137,146180,6.70781775892735,980548.8,23,266670,2,2400,6.70781775892735,16128.0,0,-1,-1,23535.95766289629
20230810093239000,6.72,6.73,6.73,6.73,6.73,6.73,6.73,6.73,6.73,6.73,6.72,6.73,6.74,6.75,6.76,6.77,6.78,6.79,6.8,6.81,36300,22800,33100,16700,2300,5500,24400,14600,10400,4300,6.71,6.7,6.69,6.68,6.67,6.66,6.65,6.64,6.63,6.62,27200,20100,11600,22900,10700,13100,52900,17400,6400,16600,4,9,2,2,44,7,1,4,2,2,24,9,3,4,11,9,9,2,2,1,5027.64705882353,-1,-1,-1,-1,-1,-1,-1,-1,-1,7081.428571428572,0.0,0.0,-1,-1,-1,-1,-1,-1,-1,138,147180,6.70781775892735,987278.8,23,266670,1,1000,6.70781775892735,6730.0,0,-1,-1,19879.95160904891
20230810093242000,6.72,6.72,6.72,6.72,6.72,6.72,6.72,6.72,6.72,6.72,6.72,6.73,6.74,6.75,6.76,6.77,6.78,6.79,6.8,6.81,40900,18200,33100,16700,2300,5500,24400,14600,10400,4300,6.71,6.7,6.69,6.68,6.67,6.66,6.65,6.64,6.63,6.62,27200,20100,11600,22900,10700,13100,52900,17400,6400,16600,4,9,2,2,44,7,1,4,2,2,24,9,3,4,11,9,9,2,2,1,5027.64705882353,-1,-1,-1,-1,-1,-1,-1,-1,-1,7081.428571428572,0.0,0.0,-1,-1,-1,-1,-1,-1,-1,140,148480,6.708073814655172,996014.8,23,266670,2,1300,6.708073814655172,8736.0,0,-1,-1,19815.549824757047
20230810093245000,6.72,6.73,6.73,6.73,6.73,6.73,6.73,6.73,6.73,6.73,6.72,6.73,6.74,6.75,6.76,6.77,6.78,6.79,6.8,6.81,40200,17500,39500,16700,2300,5500,24400,14600,10400,4300,6.71,6.7,6.69,6.68,6.67,6.66,6.65,6.64,6.63,6.62,27200,20100,11600,22900,10700,13100,52900,17400,6400,16600,4,9,2,2,44,7,1,4,2,2,24,9,3,4,11,9,9,2,2,1,5027.64705882353,-1,-1,-1,-1,-1,-1,-1,-1,-1,7081.428571428572,0.0,0.0,-1,-1,-1,-1,-1,-1,-1,141,149180,6.708073814655172,1000725.8,23,266670,1,700,6.708073814655172,4711.0,0,-1,-1,21914.41273697626
20230810093248000,6.72,6.72,6.72,6.72,6.72,6.72,6.72,6.72,6.72,6.72,6.72,6.73,6.74,6.75,6.76,6.77,6.78,6.79,6.8,6.81,57300,17700,40500,16700,2300,6300,24400,14600,10400,4300,6.71,6.7,6.69,6.68,6.67,6.66,6.65,6.64,6.63,6.62,27200,20100,11600,22900,10700,13100,52900,17400,6400,16600,4,9,2,2,44,7,1,4,2,2,24,9,3,4,11,9,9,2,2,1,5027.64705882353,-1,-1,-1,-1,-1,-1,-1,-1,-1,7081.428571428572,0.0,0.0,-1,-1,-1,-1,-1,-1,-1,143,150380,6.70827104668174,1008789.8,23,266670,2,1200,6.70827104668174,8064.0,0,-1,-1,22666.97168233232
20230810093251000,6.72,6.71,6.71,6.71,6.71,6.71,6.71,6.71,6.71,6.71,6.72,6.73,6.74,6.75,6.76,6.77,6.78,6.79,6.8,6.81,57700,17100,40500,18500,2300,6300,24400,14600,10400,4300,6.71,6.7,6.69,6.68,6.67,6.66,6.65,6.64,6.63,6.62,26100,20100,11600,22900,10700,13100,52900,17400,6400,16600,4,9,2,2,45,7,1,4,2,2,24,9,3,4,11,9,9,2,2,1,5027.64705882353,-1,-1,-1,-1,-1,-1,-1,-1,-1,7081.428571428572,0.0,0.0,-1,-1,-1,-1,-1,-1,-1,144,151480,6.708274488983276,1016170.8,23,266670,1,1100,6.708274488983276,7381.0,0,-1,-1,24292.02146726143
20230810093254000,6.71,6.72,6.72,6.72,6.72,6.72,6.72,6.72,6.72,6.72,6.72,6.73,6.74,6.75,6.76,6.77,6.78,6.79,6.8,6.81,56700,17200,40500,18500,2300,6300,24400,14600,10400,4300,6.71,6.7,6.69,6.68,6.67,6.66,6.65,6.64,6.63,6.62,26100,22100,11600,19600,10700,13100,52900,17400,6400,16600,4,9,2,2,45,7,1,4,2,2,24,9,3,4,11,9,9,2,2,1,5027.64705882353,-1,-1,-1,-1,-1,-1,-1,-1,-1,7081.428571428572,0.0,0.0,-1,-1,-1,-1,-1,-1,-1,145,152480,6.708360440713537,1022890.8,23,266670,1,1000,6.708360440713537,6720.0,0,-1,-1,24110.77644575434
20230810093257000,6.72,6.72,6.72,6.72,6.72,6.72,6.72,6.72,6.72,6.72,6.72,6.73,6.74,6.75,6.76,6.77,6.78,6.79,6.8,6.81,47300,15900,40500,18500,2300,6300,24400,14600,10400,4300,6.71,6.7,6.69,6.68,6.67,6.66,6.65,6.64,6.63,6.62,36100,22100,11600,19600,10700,13100,52900,17400,6400,16600,4,9,2,2,45,7,1,4,2,2,24,10,3,4,11,9,9,2,2,1,5027.64705882353,-1,-1,-1,-1,-1,-1,-1,-1,-1,7081.428571428572,0.0,0.0,-1,-1,-1,-1,-1,-1,-1,147,152880,6.708390894819466,1025578.8,23,266670,2,400,6.708390894819466,2688.0,0,-1,-1,24994.000916042696
20230810093300000,6.72,6.71,6.71,6.71,6.71,6.71,6.71,6.72,6.71,6.71,6.72,6.73,6.74,6.75,6.76,6.77,6.78,6.79,6.8,6.81,44300,15900,40500,18500,2300,6300,24400,14600,10400,4300,6.71,6.7,6.69,6.68,6.67,6.66,6.65,6.64,6.63,6.62,35300,22900,11600,19600,10700,13100,52900,19200,6400,16600,4,9,2,2,45,7,1,4,2,2,24,10,3,4,11,10,9,2,2,1,5887.5,-1,-1,-1,-1,-1,-1,-1,-1,-1,7081.428571428572,0.0,0.0,-1,-1,-1,-1,-1,-1,-1,156,156680,6.708540005145356,1051106.8,26,298950,9,3800,6.717894736842105,25528.0,3,32280,10760.0,19941.084514895643
20230810093303000,6.72,6.71,6.71,6.71,6.71,6.72,6.72,6.72,6.71,6.71,6.72,6.73,6.74,6.75,6.76,6.77,6.78,6.79,6.8,6.81,45300,21900,40500,18500,2300,6300,24400,14600,10400,4300,6.71,6.7,6.69,6.68,6.67,6.66,6.65,6.64,6.63,6.62,34300,22900,11600,19600,10700,13100,52900,19200,6400,16600,4,9,2,2,45,7,1,4,2,2,24,10,3,4,11,10,9,2,2,1,5887.5,-1,-1,-1,-1,-1,-1,-1,-1,-1,7081.428571428572,0.0,0.0,-1,-1,-1,-1,-1,-1,-1,158,157980,6.708540005145356,1059832.8,26,298950,2,1300,6.708540005145356,8726.0,0,-1,-1,20562.101720567145
20230810093306000,6.71,6.72,6.72,6.72,6.72,6.71,6.71,6.72,6.71,6.72,6.72,6.73,6.74,6.75,6.76,6.77,6.78,6.79,6.8,6.81,44300,22000,40500,18500,2300,6300,24400,14600,10400,4300,6.71,6.7,6.69,6.68,6.67,6.66,6.65,6.64,6.63,6.62,27000,22900,11600,19600,10700,13100,52900,19200,6400,16600,4,9,2,2,45,7,1,4,2,2,24,10,3,4,11,10,9,2,2,1,5887.5,-1,-1,-1,-1,-1,-1,-1,-1,-1,7081.428571428572,0.0,0.0,-1,-1,-1,-1,-1,-1,-1,161,166280,6.708711277831559,1115535.8,26,298950,3,8300,6.708711277831559,55703.0,0,-1,-1,21331.70403855345
20230810093309000,6.71,6.72,6.72,6.72,6.72,6.72,6.72,6.72,6.72,6.72,6.72,6.73,6.74,6.75,6.76,6.77,6.78,6.79,6.8,6.81,45100,22000,40500,18500,2300,6300,24400,14600,10400,4300,6.71,6.7,6.69,6.68,6.67,6.66,6.65,6.64,6.63,6.62,27000,22900,11600,19600,10700,13100,52900,19200,6400,16600,4,9,2,2,46,7,1,4,2,2,24,10,3,4,11,10,9,2,2,1,5887.5,-1,-1,-1,-1,-1,-1,-1,-1,-1,7081.428571428572,0.0,0.0,-1,-1,-1,-1,-1,-1,-1,161,166280,6.708711277831559,1115535.8,26,298950,0,0,-1,0.0,0,-1,-1,23166.830293133662
20230810093312000,6.71,6.72,6.72,6.72,6.72,6.71,6.71,6.72,6.71,6.72,6.72,6.73,6.74,6.75,6.76,6.77,6.78,6.79,6.8,6.81,36600,22000,40500,18500,2300,6300,24400,34600,10400,4300,6.71,6.7,6.69,6.68,6.67,6.66,6.65,6.64,6.63,6.62,26800,22900,11600,19600,10700,13100,52900,19200,6400,16600,4,9,2,2,46,7,1,4,2,2,24,10,3,4,12,10,9,2,2,1,6108.636363636364,-1,-1,-1,-1,-1,-1,-1,-1,-1,7081.428571428572,0.0,0.0,-1,-1,-1,-1,-1,-1,-1,165,176180,6.709120456663561,1182061.8,28,315590,4,9900,6.719797979797979,66526.0,2,16640,8320.0,21857.65194360363
20230810093315000,6.71,6.72,6.72,6.72,6.72,6.72,6.72,6.72,6.72,6.72,6.72,6.73,6.74,6.75,6.76,6.77,6.78,6.79,6.8,6.81,36800,22000,40500,18500,2300,6300,24400,34600,10400,4300,6.71,6.7,6.69,6.68,6.67,6.66,6.65,6.64,6.63,6.62,27700,22100,11600,19600,10700,13900,52900,19200,6400,16600,4,9,2,2,46,7,1,4,2,2,24,10,3,4,12,10,9,2,2,1,6108.636363636364,-1,-1,-1,-1,-1,-1,-1,-1,-1,7081.428571428572,0.0,0.0,-1,-1,-1,-1,-1,-1,-1,165,176180,6.709120456663561,1182061.8,28,315590,0,0,-1,0.0,0,-1,-1,22699.150669109447
20230810093318000,6.72,6.71,6.71,6.71,6.71,6.71,6.71,6.71,6.71,6.71,6.72,6.73,6.74,6.75,6.76,6.77,6.78,6.79,6.8,6.81,38700,22000,40500,18500,2300,6300,24400,34600,10400,4300,6.71,6.7,6.69,6.68,6.67,6.66,6.65,6.64,6.63,6.62,28700,22100,11600,20100,10700,13900,52900,19200,6400,16600,4,11,2,2,46,7,1,4,2,2,24,10,3,4,12,10,9,2,2,1,6108.636363636364,-1,-1,-1,-1,-1,-1,-1,-1,-1,7081.428571428572,0.0,0.0,-1,-1,-1,-1,-1,-1,-1,166,176380,6.709399024832748,1183403.8,28,315590,1,200,6.709399024832748,1342.0,0,-1,-1,23048.760355265254
20230810093321000,6.71,6.72,6.72,6.72,6.72,6.72,6.72,6.72,6.72,6.72,6.72,6.73,6.74,6.75,6.76,6.77,6.78,6.79,6.8,6.81,38200,21400,40500,18500,2300,7300,27300,34600,10400,4300,6.71,6.7,6.69,6.68,6.67,6.66,6.65,6.64,6.63,6.62,30100,22100,11600,20100,10700,13900,52900,19200,6400,16600,4,11,2,2,46,7,1,4,2,2,24,10,3,4,12,10,9,2,2,1,6108.636363636364,-1,-1,-1,-1,-1,-1,-1,-1,-1,7081.428571428572,0.0,0.0,-1,-1,-1,-1,-1,-1,-1,167,177280,6.709399024832748,1189451.8,28,315590,1,900,6.709399024832748,6048.0,0,-1,-1,21562.509956985818
20230810093324000,6.72,6.71,6.71,6.71,6.71,6.72,6.72,6.72,6.71,6.71,6.72,6.73,6.74,6.75,6.76,6.77,6.78,6.79,6.8,6.81,38100,21400,40500,19000,2300,7300,27300,34600,10400,4300,6.71,6.7,6.69,6.68,6.67,6.66,6.65,6.64,6.63,6.62,29600,22100,11600,20100,10700,13900,52900,19200,6400,16600,4,11,2,2,46,7,1,4,2,2,24,10,3,4,12,10,9,2,2,1,6108.636363636364,-1,-1,-1,-1,-1,-1,-1,-1,-1,7081.428571428572,0.0,0.0,-1,-1,-1,-1,-1,-1,-1,169,178880,6.709461218992031,1200188.8,28,315590,2,1600,6.709461218992031,10737.0,0,-1,-1,20034.62043970049
20230810093327000,6.71,6.72,6.72,6.72,6.72,6.72,6.72,6.72,6.72,6.72,6.72,6.73,6.74,6.75,6.76,6.77,6.78,6.79,6.8,6.81,36300,21400,40500,19000,2300,7300,27300,34600,10400,4300,6.71,6.7,6.69,6.68,6.67,6.66,6.65,6.64,6.63,6.62,29600,23100,11600,20100,10700,13900,53900,19200,6400,16600,4,11,2,2,46,7,1,4,2,2,24,10,3,4,12,10,9,2,2,1,6108.636363636364,-1,-1,-1,-1,-1,-1,-1,-1,-1,7081.428571428572,0.0,0.0,-1,-1,-1,-1,-1,-1,-1,170,180680,6.709461218992031,1212284.8,28,315590,1,1800,6.709461218992031,12096.0,0,-1,-1,23091.640114704474
20230810093330000,6.72,6.72,6.72,6.72,6.72,6.72,6.72,6.72,6.72,6.72,6.72,6.73,6.74,6.75,6.76,6.77,6.78,6.79,6.8,6.81,34300,21400,40500,19000,2300,7300,27300,34600,10400,4300,6.71,6.7,6.69,6.68,6.67,6.66,6.65,6.64,6.63,6.62,29600,23100,11600,20100,10700,13900,53900,19200,6400,16600,4,11,2,2,46,7,1,4,2,2,24,10,3,4,12,10,9,2,2,1,6108.636363636364,-1,-1,-1,-1,-1,-1,-1,-1,-1,7081.428571428572,0.0,0.0,-1,-1,-1,-1,-1,-1,-1,172,183280,6.709461218992031,1229756.8,28,315590,2,2600,6.709461218992031,17472.0,0,-1,-1,22818.69921937231
20230810093333000,6.72,6.71,6.71,6.71,6.71,6.71,6.71,6.71,6.71,6.71,6.72,6.73,6.74,6.75,6.76,6.77,6.78,6.79,6.8,6.81,40100,22400,40500,19000,2300,7300,27300,34600,10400,4300,6.71,6.7,6.69,6.68,6.67,6.66,6.65,6.64,6.63,6.62,29800,23100,11600,20100,10700,13900,53900,19200,6400,16600,4,11,2,2,46,7,1,4,2,2,24,10,3,4,12,10,9,2,2,1,6108.636363636364,-1,-1,-1,-1,-1,-1,-1,-1,-1,7081.428571428572,0.0,0.0,-1,-1,-1,-1,-1,-1,-1,173,183580,6.709461218992031,1231769.8,28,315590,1,300,6.709461218992031,2013.0,0,-1,-1,22956.703042854868
20230810093336000,6.72,6.72,6.72,6.72,6.72,6.72,6.72,6.72,6.72,6.72,6.72,6.73,6.74,6.75,6.76,6.77,6.78,6.79,6.8,6.81,38600,22400,40500,19000,2300,7300,27300,34600,10400,4300,6.71,6.7,6.69,6.68,6.67,6.66,6.65,6.64,6.63,6.62,30800,23100,11600,20100,10700,13900,53900,19200,6400,16600,4,11,2,2,46,7,1,4,2,2,24,10,3,4,12,10,9,2,2,1,6108.636363636364,-1,-1,-1,-1,-1,-1,-1,-1,-1,7081.428571428572,0.0,0.0,-1,-1,-1,-1,-1,-1,-1,175,185080,6.7097502443262025,1241849.8,28,315590,2,1500,6.7097502443262025,10080.0,0,-1,-1,23550.119483829854
20230810093339000,6.71,6.71,6.71,6.71,6.71,6.71,6.71,6.71,6.71,6.71,6.72,6.73,6.74,6.75,6.76,6.77,6.78,6.79,6.8,6.81,38600,22400,40500,19000,2300,7300,27300,34600,10400,4300,6.71,6.7,6.69,6.68,6.67,6.66,6.65,6.64,6.63,6.62,30400,23100,11600,20100,10700,13900,53900,19200,6400,16600,4,11,2,2,46,7,1,4,2,2,24,10,3,4,12,10,9,2,2,1,6108.636363636364,-1,-1,-1,-1,-1,-1,-1,-1,-1,7081.428571428572,0.0,0.0,-1,-1,-1,-1,-1,-1,-1,179,185480,6.7097502443262025,1244533.8,28,315590,4,400,6.7097502443262025,2684.0,0,-1,-1,23605.321013222878
20230810093342000,6.71,6.71,6.71,6.71,6.71,6.71,6.71,6.71,6.71,6.71,6.72,6.73,6.74,6.75,6.76,6.77,6.78,6.79,6.8,6.81,39700,22400,40500,19000,2300,7300,27300,34600,10400,4300,6.71,6.7,6.69,6.68,6.67,6.66,6.65,6.64,6.63,6.62,30400,23100,11600,20100,10700,13900,53900,19200,6400,16600,5,11,2,2,46,8,1,4,2,2,24,10,3,4,13,10,9,2,2,1,6108.636363636364,-1,-1,-1,-1,-1,-1,-1,-1,-1,7081.428571428572,0.0,0.0,-1,-1,-1,-1,-1,-1,-1,179,185480,6.7097502443262025,1244533.8,28,315590,0,0,-1,0.0,0,-1,-1,23688.12330731241
20230810093345000,6.71,6.71,6.71,6.71,6.71,6.71,6.71,6.71,6.71,6.71,6.72,6.73,6.74,6.75,6.76,6.77,6.78,6.79,6.8,6.81,42100,25700,40500,19000,2300,7300,27300,34600,10400,4300,6.71,6.7,6.69,6.68,6.67,6.66,6.65,6.64,6.63,6.62,30400,23100,11600,20100,10700,13900,53900,19200,6400,16600,5,11,2,2,46,8,1,4,2,2,24,10,3,4,13,10,9,2,2,1,6108.636363636364,-1,-1,-1,-1,-1,-1,-1,-1,-1,7081.428571428572,0.0,0.0,-1,-1,-1,-1,-1,-1,-1,179,185480,6.7097502443262025,1244533.8,28,315590,0,0,-1,0.0,0,-1,-1,24350.541660028677
20230810093348000,6.71,6.71,6.71,6.71,6.71,6.71,6.71,6.71,6.71,6.71,6.72,6.73,6.74,6.75,6.76,6.77,6.78,6.79,6.8,6.81,42100,25700,40500,19000,2300,7300,27300,34600,10400,4300,6.71,6.7,6.69,6.68,6.67,6.66,6.65,6.64,6.63,6.62,30300,23600,11600,20100,10700,13900,53900,19200,6400,16600,5,11,2,2,46,8,1,4,2,2,24,10,3,4,13,10,9,2,2,1,6108.636363636364,-1,-1,-1,-1,-1,-1,-1,-1,-1,7081.428571428572,0.0,0.0,-1,-1,-1,-1,-1,-1,-1,180,185580,6.7097502443262025,1245204.8,28,315590,1,100,6.7097502443262025,671.0,0,-1,-1,24417.243508045245
20230810093351000,6.71,6.72,6.72,6.72,6.72,6.72,6.72,6.72,6.72,6.72,6.72,6.73,6.74,6.75,6.76,6.77,6.78,6.79,6.8,6.81,41500,25700,40500,19000,2300,7300,27300,44600,10400,4300,6.71,6.7,6.69,6.68,6.67,6.66,6.65,6.64,6.63,6.62,30300,23600,11600,20100,10700,13900,53900,19200,6400,16600,5,11,2,2,46,8,1,5,2,2,24,10,3,4,13,10,9,2,2,1,6108.636363636364,-1,-1,-1,-1,-1,-1,-1,-1,-1,7081.428571428572,0.0,0.0,-1,-1,-1,-1,-1,-1,-1,181,186180,6.70983349446772,1249236.8,28,315590,1,600,6.70983349446772,4032.0,0,-1,-1,22803.010992512336
20230810093354000,6.72,6.72,6.72,6.72,6.72,6.72,6.72,6.72,6.72,6.72,6.72,6.73,6.74,6.75,6.76,6.77,6.78,6.79,6.8,6.81,41200,25700,40500,19000,2300,7300,28300,44600,10400,4300,6.71,6.7,6.69,6.68,6.67,6.66,6.65,6.64,6.63,6.62,30300,23600,11600,20100,10700,13900,53900,19200,6400,16800,5,11,2,2,46,8,1,5,2,2,24,10,3,4,13,10,10,2,2,1,6108.636363636364,-1,-1,-1,-1,-1,-1,-1,-1,-1,7081.428571428572,0.0,0.0,-1,-1,-1,-1,-1,-1,-1,182,186480,6.70984984984985,1251252.8,28,315590,1,300,6.70984984984985,2016.0,0,-1,-1,24604.31535765493
20230810093357000,6.72,6.72,6.72,6.72,6.72,6.72,6.72,6.72,6.72,6.72,6.72,6.73,6.74,6.75,6.76,6.77,6.78,6.79,6.8,6.81,39200,36600,40500,19000,2300,7300,28300,44600,10400,4300,6.71,6.7,6.69,6.68,6.67,6.66,6.65,6.64,6.63,6.62,31300,23600,11600,20100,10700,13900,53900,19200,6400,16800,5,11,2,2,46,8,1,5,2,2,24,10,3,4,13,10,10,2,2,1,6512.173913043478,-1,-1,-1,-1,-1,-1,-1,-1,-1,7081.428571428572,0.0,0.0,-1,-1,-1,-1,-1,-1,-1,184,188480,6.709957555178269,1264692.8,29,330980,2,2000,6.72,13440.0,1,15390,15390.0,25365.636450533697
20230810093400000,6.72,6.72,6.72,6.72,6.72,6.72,6.72,6.72,6.72,6.72,6.72,6.73,6.74,6.75,6.76,6.77,6.78,6.79,6.8,6.81,39100,36600,40500,19000,2300,7300,28300,44600,10400,4300,6.71,6.7,6.69,6.68,6.67,6.66,6.65,6.64,6.63,6.62,33300,23600,11600,20100,10700,13900,53900,19200,6400,16800,5,11,2,2,46,8,1,5,2,2,25,10,3,4,14,10,10,2,3,1,6512.173913043478,-1,-1,-1,-1,-1,-1,-1,-1,-1,7081.428571428572,0.0,0.0,-1,-1,-1,-1,-1,-1,-1,185,188580,6.70996288047513,1265364.8,29,330980,1,100,6.70996288047513,672.0,0,-1,-1,23601.133104986453
20230810093403000,6.72,6.72,6.72,6.72,6.72,6.72,6.72,6.72,6.72,6.72,6.72,6.73,6.74,6.75,6.76,6.77,6.78,6.79,6.8,6.81,39100,36800,40500,19000,2300,7300,28300,44600,10400,4300,6.71,6.7,6.69,6.68,6.67,6.66,6.65,6.64,6.63,6.62,33400,23600,11600,20100,10700,13900,53900,19200,6400,16800,5,11,2,2,46,8,1,5,2,2,25,10,3,4,14,10,10,2,3,1,6512.173913043478,-1,-1,-1,-1,-1,-1,-1,-1,-1,7081.428571428572,0.0,0.0,-1,-1,-1,-1,-1,-1,-1,185,188580,6.70996288047513,1265364.8,29,330980,0,0,-1,0.0,0,-1,-1,25637.043970049384
20230810093406000,6.72,6.72,6.72,6.72,6.72,6.72,6.72,6.72,6.72,6.72,6.72,6.73,6.74,6.75,6.76,6.77,6.78,6.79,6.8,6.81,39400,36800,40500,19200,2300,7300,28300,64600,10400,4300,6.71,6.7,6.69,6.68,6.67,6.66,6.65,6.64,6.63,6.62,33400,23600,11600,20100,10700,13900,53900,19200,6400,16800,5,11,2,2,46,8,1,5,2,2,25,10,3,4,14,10,10,2,3,1,6512.173913043478,-1,-1,-1,-1,-1,-1,-1,-1,-1,7081.428571428572,0.0,0.0,-1,-1,-1,-1,-1,-1,-1,185,188580,6.70996288047513,1265364.8,29,330980,0,0,-1,0.0,0,-1,-1,25707.885932770434
20230810093409000,6.72,6.72,6.72,6.72,6.72,6.72,6.72,6.72,6.72,6.72,6.72,6.73,6.74,6.75,6.76,6.77,6.78,6.79,6.8,6.81,40000,36800,40500,19200,2300,7300,28300,64600,10400,4300,6.71,6.7,6.69,6.68,6.67,6.66,6.65,6.64,6.63,6.62,33400,23600,11600,20700,10700,13900,53900,19200,6400,16800,5,11,2,2,46,8,1,5,2,2,25,10,3,4,14,10,10,2,3,1,6512.173913043478,-1,-1,-1,-1,-1,-1,-1,-1,-1,7081.428571428572,0.0,0.0,-1,-1,-1,-1,-1,-1,-1,185,188580,6.70996288047513,1265364.8,29,330980,0,0,-1,0.0,0,-1,-1,26404.0385534491
20230810093412000,6.72,6.72,6.72,6.72,6.72,6.72,6.72,6.72,6.72,6.72,6.72,6.73,6.74,6.75,6.76,6.77,6.78,6.79,6.8,6.81,41500,36800,40500,19200,2300,7300,28300,64600,10400,4300,6.71,6.7,6.69,6.68,6.67,6.66,6.65,6.64,6.63,6.62,37600,23600,11600,20700,10700,13900,53900,19200,6400,16800,5,11,2,2,46,8,1,5,2,2,25,10,3,4,14,10,10,2,3,1,6512.173913043478,-1,-1,-1,-1,-1,-1,-1,-1,-1,7081.428571428572,0.0,0.0,-1,-1,-1,-1,-1,-1,-1,185,188580,6.70996288047513,1265364.8,29,330980,0,0,-1,0.0,0,-1,-1,27025.055759120598
20230810093415000,6.72,6.72,6.72,6.72,6.72,6.72,6.72,6.72,6.72,6.72,6.72,6.73,6.74,6.75,6.76,6.77,6.78,6.79,6.8,6.81,34400,36800,40500,19200,2300,7300,28300,64600,10400,4300,6.71,6.7,6.69,6.68,6.67,6.66,6.65,6.64,6.63,6.62,39100,23600,11600,20700,10700,13900,53900,19200,6400,16800,5,11,2,2,46,8,1,5,2,2,25,11,3,4,14,10,10,2,3,1,6450.0,-1,-1,-1,-1,-1,-1,-1,-1,-1,7081.428571428572,0.0,0.0,-1,-1,-1,-1,-1,-1,-1,191,195780,6.710332005312085,1313748.8,34,361800,6,7200,6.72,48384.0,5,30820,6164.0,26174.032180978174
20230810093418000,6.72,6.73,6.73,6.73,6.73,6.73,6.73,6.73,6.73,6.73,6.72,6.73,6.74,6.75,6.76,6.77,6.78,6.79,6.8,6.81,33800,35900,40500,19200,2300,7300,28300,64600,10400,4300,6.71,6.7,6.69,6.68,6.67,6.66,6.65,6.64,6.63,6.62,39100,23600,11600,20700,10700,13900,53900,19200,6400,16800,5,11,2,2,46,8,1,5,2,2,25,11,3,4,14,10,10,2,3,1,6450.0,-1,-1,-1,-1,-1,-1,-1,-1,-1,7081.428571428572,0.0,0.0,-1,-1,-1,-1,-1,-1,-1,192,196680,6.710332005312085,1319805.8,34,361800,1,900,6.710332005312085,6057.0,0,-1,-1,25976.226700653177
20230810093421000,6.71,6.71,6.71,6.71,6.71,6.71,6.71,6.71,6.71,6.71,6.72,6.73,6.74,6.75,6.76,6.77,6.78,6.79,6.8,6.81,34600,35900,40500,19200,2300,7300,28300,64600,10400,4300,6.71,6.7,6.69,6.68,6.67,6.66,6.65,6.64,6.63,6.62,38900,25600,11600,20700,10700,13900,53900,19200,6400,16800,5,11,2,2,47,8,1,5,2,2,25,11,3,4,14,10,10,2,3,1,6450.0,-1,-1,-1,-1,-1,-1,-1,-1,-1,7081.428571428572,0.0,0.0,-1,-1,-1,-1,-1,-1,-1,194,196880,6.710332005312085,1321147.8,34,361800,2,200,6.710332005312085,1342.0,0,-1,-1,26109.630396686316
20230810093424000,6.71,6.71,6.71,6.71,6.71,6.71,6.71,6.71,6.71,6.71,6.72,6.73,6.74,6.75,6.76,6.77,6.78,6.79,6.8,6.81,34600,35900,40500,19200,2300,7300,28300,64600,10400,4300,6.71,6.7,6.69,6.68,6.67,6.66,6.65,6.64,6.63,6.62,29400,26600,11600,20700,10700,13900,53900,19200,6400,16800,5,11,2,2,47,8,1,5,2,2,26,11,3,4,14,10,10,2,3,1,6450.0,-1,-1,-1,-1,-1,-1,-1,-1,-1,7081.428571428572,0.0,0.0,-1,-1,-1,-1,-1,-1,-1,195,206380,6.710332005312085,1384892.8,34,361800,1,9500,6.710332005312085,63745.0,0,-1,-1,23983.06316711805
20230810093427000,6.71,6.71,6.71,6.71,6.71,6.71,6.71,6.71,6.71,6.71,6.72,6.73,6.74,6.75,6.76,6.77,6.78,6.79,6.8,6.81,35200,35900,40500,19200,2300,7300,28300,64600,10400,4300,6.71,6.7,6.69,6.68,6.67,6.66,6.65,6.64,6.63,6.62,29300,26600,12600,20700,10700,13900,53900,19200,6400,16800,5,11,2,2,47,8,1,5,2,2,26,11,3,4,14,10,10,2,3,1,6450.0,-1,-1,-1,-1,-1,-1,-1,-1,-1,7081.428571428572,0.0,0.0,-1,-1,-1,-1,-1,-1,-1,196,206480,6.710332005312085,1385563.8,34,361800,1,100,6.710332005312085,671.0,0,-1,-1,21922.206069778556
20230810093430000,6.71,6.71,6.71,6.71,6.71,6.71,6.71,6.71,6.71,6.71,6.72,6.73,6.74,6.75,6.76,6.77,6.78,6.79,6.8,6.81,35200,36200,40500,19200,2300,7300,28300,64600,11200,4300,6.71,6.7,6.69,6.68,6.67,6.66,6.65,6.64,6.63,6.62,29800,27600,12600,20700,10700,13900,53900,19200,6400,16800,5,11,2,2,47,8,1,5,2,2,26,11,3,4,14,10,10,2,3,1,6450.0,-1,-1,-1,-1,-1,-1,-1,-1,-1,7081.428571428572,0.0,0.0,-1,-1,-1,-1,-1,-1,-1,198,206680,6.710332005312085,1386905.8,34,361800,2,200,6.710332005312085,1342.0,0,-1,-1,25662.498008602837
20230810093433000,6.71,6.72,6.72,6.72,6.72,6.72,6.72,6.72,6.72,6.72,6.72,6.73,6.74,6.75,6.76,6.77,6.78,6.79,6.8,6.81,34900,36200,40500,19200,2300,7300,28300,64600,11200,4300,6.71,6.7,6.69,6.68,6.67,6.66,6.65,6.64,6.63,6.62,29800,27600,12600,20700,10700,13900,53900,19200,6400,16800,5,11,2,2,47,8,1,5,2,2,26,11,3,4,14,10,10,2,3,1,6450.0,-1,-1,-1,-1,-1,-1,-1,-1,-1,7081.428571428572,0.0,0.0,-1,-1,-1,-1,-1,-1,-1,199,206980,6.710332005312085,1388921.8,34,361800,1,300,6.710332005312085,2016.0,0,-1,-1,23726.147044766603
20230810093436000,6.71,6.72,6.72,6.72,6.72,6.72,6.72,6.72,6.72,6.72,6.72,6.73,6.74,6.75,6.76,6.77,6.78,6.79,6.8,6.81,34900,36200,40500,19200,2300,7300,28300,64600,11200,4300,6.71,6.7,6.69,6.68,6.67,6.66,6.65,6.64,6.63,6.62,31300,27600,12600,20700,10700,13900,53900,19200,6400,16800,5,11,2,2,47,8,1,5,2,2,26,11,3,4,14,10,10,2,3,1,6450.0,-1,-1,-1,-1,-1,-1,-1,-1,-1,7081.428571428572,0.0,0.0,-1,-1,-1,-1,-1,-1,-1,199,206980,6.710332005312085,1388921.8,34,361800,0,0,-1,0.0,0,-1,-1,25768.30093993946
20230810093439000,6.72,6.72,6.72,6.72,6.72,6.71,6.71,6.72,6.71,6.72,6.72,6.73,6.74,6.75,6.76,6.77,6.78,6.79,6.8,6.81,31000,36200,40500,19200,2300,7800,28300,64600,11200,4300,6.71,6.7,6.69,6.68,6.67,6.66,6.65,6.64,6.63,6.62,31200,29400,12600,20700,10700,13900,53900,19200,6400,16800,5,11,2,2,47,8,1,5,2,2,26,11,3,4,14,10,10,2,3,1,6450.0,-1,-1,-1,-1,-1,-1,-1,-1,-1,7081.428571428572,0.0,0.0,-1,-1,-1,-1,-1,-1,-1,202,210980,6.710332005312085,1415800.8,34,361800,3,4000,6.710332005312085,26879.0,0,-1,-1,24024.629600127442
20230810093442000,6.72,6.72,6.72,6.72,6.72,6.72,6.72,6.72,6.72,6.72,6.72,6.73,6.74,6.75,6.76,6.77,6.78,6.79,6.8,6.81,30700,36200,40500,19200,2300,7800,28300,64600,11200,4300,6.71,6.7,6.69,6.68,6.67,6.66,6.65,6.64,6.63,6.62,31200,30400,12600,20700,10700,13900,53900,19200,6400,16800,5,11,2,2,47,8,1,5,2,2,26,11,3,4,14,10,10,2,3,1,6450.0,-1,-1,-1,-1,-1,-1,-1,-1,-1,7081.428571428572,0.0,0.0,-1,-1,-1,-1,-1,-1,-1,203,211280,6.710332005312085,1417816.8,34,361800,1,300,6.710332005312085,2016.0,0,-1,-1,25387.80468376613
20230810093445000,6.72,6.72,6.72,6.72,6.72,6.72,6.72,6.72,6.72,6.72,6.72,6.73,6.74,6.75,6.76,6.77,6.78,6.79,6.8,6.81,42600,36200,40500,19200,2300,7800,28300,64600,11200,4300,6.71,6.7,6.69,6.68,6.67,6.66,6.65,6.64,6.63,6.62,33400,30400,12600,20700,10700,13900,53900,19200,6400,16800,5,11,2,2,47,8,1,5,2,2,26,11,3,4,14,10,10,2,3,1,6821.0344827586205,-1,-1,-1,-1,-1,-1,-1,-1,-1,7081.428571428572,0.0,0.0,-1,-1,-1,-1,-1,-1,-1,206,213980,6.710724366763249,1435960.8,35,379010,3,2700,6.72,18144.0,1,17210,17210.0,27099.052094949817
20230810093448000,6.72,6.71,6.71,6.71,6.71,6.72,6.72,6.72,6.71,6.71,6.72,6.73,6.74,6.75,6.76,6.77,6.78,6.79,6.8,6.81,52500,36200,40500,19200,2300,7800,28300,64600,11200,4300,6.71,6.7,6.69,6.68,6.67,6.66,6.65,6.64,6.63,6.62,33300,30400,12600,20700,10700,13900,53900,19200,6400,16800,5,11,2,2,48,8,1,5,2,2,26,11,3,4,14,10,10,2,3,1,6821.0344827586205,-1,-1,-1,-1,-1,-1,-1,-1,-1,7081.428571428572,0.0,0.0,-1,-1,-1,-1,-1,-1,-1,208,214180,6.71072869955157,1437303.8,35,379010,2,200,6.71072869955157,1343.0,0,-1,-1,27278.457065477138
20230810093451000,6.72,6.71,6.71,6.71,6.71,6.71,6.71,6.71,6.71,6.71,6.72,6.73,6.74,6.75,6.76,6.77,6.78,6.79,6.8,6.81,55100,36200,40500,19200,2300,7800,28300,64600,11200,4300,6.71,6.7,6.69,6.68,6.67,6.66,6.65,6.64,6.63,6.62,33300,30400,12600,20000,10700,13900,53900,19200,6400,16800,5,11,2,2,48,8,1,5,2,2,26,11,3,4,14,10,10,2,3,1,6821.0344827586205,-1,-1,-1,-1,-1,-1,-1,-1,-1,7081.428571428572,0.0,0.0,-1,-1,-1,-1,-1,-1,-1,208,214180,6.71072869955157,1437303.8,35,379010,0,0,-1,0.0,0,-1,-1,28709.096702246294
20230810093454000,6.72,6.71,6.71,6.71,6.71,6.71,6.71,6.71,6.71,6.71,6.72,6.73,6.74,6.75,6.76,6.77,6.78,6.79,6.8,6.81,55100,41200,40500,19200,2600,7800,28300,64600,11200,4300,6.71,6.7,6.69,6.68,6.67,6.66,6.65,6.64,6.63,6.62,33300,30400,12600,20000,10700,13900,53900,19200,6400,16800,5,11,2,2,48,8,1,5,2,2,26,11,3,4,14,10,10,2,3,1,6821.0344827586205,-1,-1,-1,-1,-1,-1,-1,-1,-1,7081.428571428572,0.0,0.0,-1,-1,-1,-1,-1,-1,-1,208,214180,6.71072869955157,1437303.8,35,379010,0,0,-1,0.0,0,-1,-1,29445.11709415326
20230810093457000,6.71,6.72,6.72,6.72,6.72,6.72,6.72,6.72,6.72,6.72,6.72,6.73,6.74,6.75,6.76,6.77,6.78,6.79,6.8,6.81,49200,41200,40500,19200,2600,7800,28300,64600,11200,4300,6.71,6.7,6.69,6.68,6.67,6.66,6.65,6.64,6.63,6.62,33400,30400,12600,20000,10700,13900,53900,19200,6400,16800,5,11,2,2,48,8,1,5,2,2,26,11,3,4,14,10,10,2,3,1,6821.0344827586205,-1,-1,-1,-1,-1,-1,-1,-1,-1,7081.428571428572,0.0,0.0,-1,-1,-1,-1,-1,-1,-1,209,220880,6.710869045429465,1482327.8,35,379010,1,6700,6.710869045429465,45024.0,0,-1,-1,28653.89517285327
20230810093500000,6.72,6.72,6.72,6.72,6.72,6.72,6.72,6.72,6.72,6.72,6.72,6.73,6.74,6.75,6.76,6.77,6.78,6.79,6.8,6.81,46300,41200,40500,19200,2600,7800,28300,64600,11200,4300,6.71,6.7,6.69,6.68,6.67,6.66,6.65,6.64,6.63,6.62,35400,30400,13600,20000,10700,13900,53900,19200,6400,16800,5,11,3,2,48,8,1,5,2,2,26,11,3,4,14,10,10,2,3,1,6821.0344827586205,-1,-1,-1,-1,-1,-1,-1,-1,-1,7081.428571428572,0.0,0.0,-1,-1,-1,-1,-1,-1,-1,211,223780,6.710869045429465,1501815.8,35,379010,2,2900,6.710869045429465,19488.0,0,-1,-1,28437.689182730603
20230810093503000,6.72,6.72,6.72,6.72,6.72,6.72,6.72,6.72,6.72,6.72,6.72,6.73,6.74,6.75,6.76,6.77,6.78,6.79,6.8,6.81,51800,41200,40500,19200,2600,7800,28300,64600,11200,4300,6.71,6.7,6.69,6.68,6.67,6.66,6.65,6.64,6.63,6.62,35400,30400,14300,20000,10700,13900,53900,19200,6400,16800,5,11,3,2,48,8,1,5,2,2,26,11,3,4,14,10,10,2,3,1,6821.0344827586205,-1,-1,-1,-1,-1,-1,-1,-1,-1,7081.428571428572,0.0,0.0,-1,-1,-1,-1,-1,-1,-1,211,223780,6.710869045429465,1501815.8,35,379010,0,0,-1,0.0,0,-1,-1,29290.552811852795
20230810093506000,6.72,6.72,6.72,6.72,6.72,6.72,6.72,6.72,6.72,6.72,6.72,6.73,6.74,6.75,6.76,6.77,6.78,6.79,6.8,6.81,51500,44200,40500,19200,2600,7800,28300,64600,11200,4300,6.71,6.7,6.69,6.68,6.67,6.66,6.65,6.64,6.63,6.62,38400,30400,14300,20000,10700,13900,53900,19200,6400,16800,5,11,3,2,48,8,1,5,2,2,26,11,3,4,14,10,10,2,3,1,6821.0344827586205,-1,-1,-1,-1,-1,-1,-1,-1,-1,7081.428571428572,0.0,0.0,-1,-1,-1,-1,-1,-1,-1,212,224080,6.710869045429465,1503831.8,35,379010,1,300,6.710869045429465,2016.0,0,-1,-1,29525.15931177314
20230810093509000,6.72,6.72,6.72,6.72,6.72,6.72,6.72,6.72,6.72,6.72,6.72,6.73,6.74,6.75,6.76,6.77,6.78,6.79,6.8,6.81,50900,44200,41500,19200,2600,7800,28300,64600,11200,4300,6.71,6.7,6.69,6.68,6.67,6.66,6.65,6.64,6.63,6.62,49500,30700,14300,20000,10700,13900,53900,19200,6400,16800,5,11,3,2,49,8,1,5,2,2,26,11,3,4,15,10,10,2,3,1,6821.0344827586205,-1,-1,-1,-1,-1,-1,-1,-1,-1,7081.428571428572,0.0,0.0,-1,-1,-1,-1,-1,-1,-1,213,224680,6.710869045429465,1507863.8,35,379010,1,600,6.710869045429465,4032.0,0,-1,-1,30760.29353194201
20230810093512000,6.72,6.71,6.71,6.71,6.71,6.72,6.72,6.72,6.71,6.71,6.72,6.73,6.74,6.75,6.76,6.77,6.78,6.79,6.8,6.81,50200,44200,41500,19200,2600,7800,38300,64600,11200,4300,6.71,6.7,6.69,6.68,6.67,6.66,6.65,6.64,6.63,6.62,48300,30700,14300,20000,10700,13900,53900,19200,6400,16800,5,11,4,2,49,8,1,5,2,2,26,11,3,4,15,10,10,2,3,1,6821.0344827586205,-1,-1,-1,-1,-1,-1,-1,-1,-1,7081.428571428572,0.0,0.0,-1,-1,-1,-1,-1,-1,-1,215,226780,6.710869045429465,1521963.8,35,379010,2,2100,6.710869045429465,14100.0,0,-1,-1,30953.49888481759
20230810093515000,6.72,6.71,6.71,6.71,6.71,6.71,6.71,6.71,6.71,6.71,6.72,6.73,6.74,6.75,6.76,6.77,6.78,6.79,6.8,6.81,50600,44200,41500,19200,2600,7800,38300,64600,11200,4300,6.71,6.7,6.69,6.68,6.67,6.66,6.65,6.64,6.63,6.62,50300,30700,14300,20000,10700,13900,53900,19200,6400,16800,5,11,4,2,49,8,1,5,2,2,26,11,3,4,15,10,10,2,3,1,6821.0344827586205,-1,-1,-1,-1,-1,-1,-1,-1,-1,7081.428571428572,0.0,0.0,-1,-1,-1,-1,-1,-1,-1,215,226780,6.710869045429465,1521963.8,35,379010,0,0,-1,0.0,0,-1,-1,31206.505894535607
20230810093518000,6.71,6.72,6.72,6.72,6.72,6.72,6.72,6.72,6.72,6.72,6.72,6.73,6.74,6.75,6.76,6.77,6.78,6.79,6.8,6.81,45600,44200,41500,19200,2600,7800,38300,64600,11900,4300,6.71,6.7,6.69,6.68,6.67,6.66,6.65,6.64,6.63,6.62,50300,30700,18300,20000,10700,13900,53900,19200,6400,16800,5,11,4,2,49,8,1,5,2,2,26,11,3,4,15,10,10,2,3,1,6821.0344827586205,-1,-1,-1,-1,-1,-1,-1,-1,-1,7081.428571428572,0.0,0.0,-1,-1,-1,-1,-1,-1,-1,216,231780,6.710869045429465,1555563.8,35,379010,1,5000,6.710869045429465,33600.0,0,-1,-1,30737.292894694918
20230810093521000,6.72,6.72,6.72,6.72,6.72,6.72,6.72,6.72,6.72,6.72,6.72,6.73,6.74,6.75,6.76,6.77,6.78,6.79,6.8,6.81,39500,44200,41500,19200,2600,7800,38300,64600,11900,4300,6.71,6.7,6.69,6.68,6.67,6.66,6.65,6.64,6.63,6.62,53200,32700,21300,20000,10700,13900,53900,19200,6400,16800,5,11,4,2,49,8,1,5,2,2,26,11,3,4,15,10,10,2,3,1,6821.0344827586205,-1,-1,-1,-1,-1,-1,-1,-1,-1,7081.428571428572,0.0,0.0,-1,-1,-1,-1,-1,-1,-1,231,237980,6.710869045429465,1597227.8,35,379010,15,6200,6.710869045429465,41664.0,0,-1,-1,28108.622749721202
20230810093524000,6.72,6.72,6.72,6.72,6.72,6.72,6.72,6.72,6.72,6.72,6.72,6.73,6.74,6.75,6.76,6.77,6.78,6.79,6.8,6.81,41200,44200,41500,19200,2600,7800,38300,64600,11900,4300,6.71,6.7,6.69,6.68,6.67,6.66,6.65,6.64,6.63,6.62,63200,33600,21300,20000,10700,13900,53900,19200,6400,16800,5,11,4,2,49,8,1,5,2,2,26,11,3,4,15,10,10,2,3,1,6821.0344827586205,-1,-1,-1,-1,-1,-1,-1,-1,-1,7081.428571428572,0.0,0.0,-1,-1,-1,-1,-1,-1,-1,236,240280,6.711685533544198,1612683.8,35,379010,5,2300,6.711685533544198,15456.0,0,-1,-1,31149.92432690776
20230810093527000,6.72,6.72,6.72,6.72,6.72,6.72,6.72,6.72,6.72,6.72,6.72,6.73,6.74,6.75,6.76,6.77,6.78,6.79,6.8,6.81,44900,44200,41500,19200,2600,7800,38300,64600,11900,4300,6.71,6.7,6.69,6.68,6.67,6.66,6.65,6.64,6.63,6.62,63200,33600,21300,20000,10700,13900,53900,19200,6400,16800,5,11,4,2,49,8,1,5,2,2,26,11,3,4,15,10,10,2,3,1,6821.0344827586205,-1,-1,-1,-1,-1,-1,-1,-1,-1,7081.428571428572,0.0,0.0,-1,-1,-1,-1,-1,-1,-1,239,241580,6.711730275685073,1621419.8,35,379010,3,1300,6.711730275685073,8736.0,0,-1,-1,29294.535606181293
20230810093530000,6.72,6.72,6.72,6.72,6.72,6.72,6.72,6.72,6.72,6.72,6.72,6.73,6.74,6.75,6.76,6.77,6.78,6.79,6.8,6.81,42300,44200,41500,19200,2600,7800,38300,64600,11900,4300,6.71,6.7,6.69,6.68,6.67,6.66,6.65,6.64,6.63,6.62,63200,33600,21300,20000,10700,13900,53900,19200,6400,16800,5,11,4,2,49,8,1,5,2,2,26,11,3,4,15,10,10,2,3,1,6821.0344827586205,-1,-1,-1,-1,-1,-1,-1,-1,-1,7081.428571428572,0.0,0.0,-1,-1,-1,-1,-1,-1,-1,246,244180,6.711818330739619,1638891.8,35,379010,7,2600,6.711818330739619,17472.0,0,-1,-1,29050.72885136211
20230810093533000,6.72,6.72,6.72,6.72,6.72,6.72,6.72,6.72,6.72,6.72,6.72,6.73,6.74,6.75,6.76,6.77,6.78,6.79,6.8,6.81,41300,44200,41500,19200,2600,7800,38300,64600,11900,4300,6.71,6.7,6.69,6.68,6.67,6.66,6.65,6.64,6.63,6.62,65300,32600,21300,20000,10700,13900,53900,19200,6400,16800,5,11,4,2,49,8,1,5,2,2,26,11,3,4,15,10,10,2,3,1,6821.0344827586205,-1,-1,-1,-1,-1,-1,-1,-1,-1,7081.428571428572,0.0,0.0,-1,-1,-1,-1,-1,-1,-1,249,245680,6.711868283946598,1648971.8,35,379010,3,1500,6.711868283946598,10080.0,0,-1,-1,31770.941532579258
20230810093536000,6.72,6.72,6.72,6.72,6.72,6.72,6.72,6.72,6.72,6.72,6.72,6.73,6.74,6.75,6.76,6.77,6.78,6.79,6.8,6.81,41700,44200,41500,19200,2600,7800,38300,64600,11900,4300,6.71,6.7,6.69,6.68,6.67,6.66,6.65,6.64,6.63,6.62,65300,32600,20400,20000,10700,13900,53900,19200,6400,16800,5,11,4,2,49,8,1,5,2,2,26,11,3,4,15,10,10,2,3,1,9388.0,-1,-1,-1,-1,-1,-1,-1,-1,-1,7081.428571428572,0.0,0.0,-1,-1,-1,-1,-1,-1,-1,253,246980,6.7119110859178885,1657707.8,36,462840,4,1300,6.72,8736.0,1,83830,83830.0,31817.862832563325
20230810093539000,6.72,6.72,6.72,6.72,6.72,6.72,6.72,6.72,6.72,6.72,6.72,6.73,6.74,6.75,6.76,6.77,6.78,6.79,6.8,6.81,41300,44200,41500,19200,2600,7800,38300,64600,11900,4300,6.71,6.7,6.69,6.68,6.67,6.66,6.65,6.64,6.63,6.62,67300,32600,20400,20000,10700,13900,53900,19200,6400,16800,5,11,4,2,49,9,1,5,2,2,26,11,3,4,15,10,10,2,3,1,9388.0,-1,-1,-1,-1,-1,-1,-1,-1,-1,7081.428571428572,0.0,0.0,-1,-1,-1,-1,-1,-1,-1,254,247780,6.71193720235693,1663083.8,36,462840,1,800,6.71193720235693,5376.0,0,-1,-1,31946.666401147042
20230810093542000,6.71,6.71,6.71,6.71,6.71,6.71,6.71,6.71,6.71,6.71,6.72,6.73,6.74,6.75,6.76,6.77,6.78,6.79,6.8,6.81,43600,44200,41500,19200,2600,7800,38300,64600,11900,4300,6.71,6.7,6.69,6.68,6.67,6.66,6.65,6.64,6.63,6.62,67600,32600,30400,20000,10700,13900,53900,19200,6400,16800,5,11,4,2,49,9,1,5,2,2,26,11,3,4,15,10,10,2,3,1,9388.0,-1,-1,-1,-1,-1,-1,-1,-1,-1,7081.428571428572,0.0,0.0,-1,-1,-1,-1,-1,-1,-1,256,247980,6.71193720235693,1664425.8,36,462840,2,200,6.71193720235693,1342.0,0,-1,-1,28584.432252668474
20230810093545000,6.71,6.71,6.71,6.71,6.71,6.71,6.71,6.71,6.71,6.71,6.72,6.73,6.74,6.75,6.76,6.77,6.78,6.79,6.8,6.81,44400,44200,41500,19200,2600,7800,38300,64600,11900,4300,6.71,6.7,6.69,6.68,6.67,6.66,6.65,6.64,6.63,6.62,69600,32600,30400,20000,10700,13900,53800,19200,6400,16800,5,12,4,2,49,9,1,5,2,2,26,11,3,4,15,10,10,2,3,1,9388.0,-1,-1,-1,-1,-1,-1,-1,-1,-1,7081.428571428572,0.0,0.0,-1,-1,-1,-1,-1,-1,-1,256,247980,6.71193720235693,1664425.8,36,462840,0,0,-1,0.0,0,-1,-1,32978.62832563326
20230810093548000,6.71,6.71,6.71,6.71,6.71,6.71,6.71,6.71,6.71,6.71,6.71,6.72,6.73,6.74,6.75,6.76,6.77,6.78,6.79,6.8,300,47400,44200,41500,19200,2600,7800,38300,64600,11900,6.71,6.7,6.69,6.68,6.67,6.66,6.65,6.64,6.63,6.62,71100,37600,30400,20000,10700,13900,53800,19200,6400,16800,5,12,4,2,49,9,1,5,2,2,26,11,3,4,15,10,10,2,3,1,630.0,9388.0,-1,-1,-1,-1,-1,-1,-1,-1,7081.428571428572,0.0,0.0,-1,-1,-1,-1,-1,-1,-1,256,249580,6.711923231028128,1675161.8,36,462840,0,1600,6.711923231028128,10736.0,0,-1,-1,29340.386530189582
20230810093551000,6.71,6.72,6.72,6.72,6.72,6.72,6.72,6.72,6.72,6.72,6.72,6.73,6.74,6.75,6.76,6.77,6.78,6.79,6.8,6.81,44500,44200,41500,19200,2600,7800,38300,64600,11900,4300,6.71,6.7,6.69,6.68,6.67,6.66,6.65,6.64,6.63,6.62,71100,37600,30400,20000,10700,13900,53800,19200,6400,16800,5,12,4,2,50,9,1,5,2,2,26,11,3,4,15,10,10,2,3,1,10675.483870967742,-1,-1,-1,-1,-1,-1,-1,-1,-1,7081.428571428572,0.0,0.0,-1,-1,-1,-1,-1,-1,-1,258,253280,6.7120412192040435,1700025.8,37,512140,2,3700,6.72,24864.0,1,49300,49300.0,30720.11510275609
20230810093554000,6.72,6.71,6.71,6.71,6.71,6.71,6.71,6.71,6.71,6.71,6.72,6.73,6.74,6.75,6.76,6.77,6.78,6.79,6.8,6.81,44700,44700,41500,19200,2600,8800,38300,64600,11900,4300,6.71,6.7,6.69,6.68,6.67,6.66,6.65,6.64,6.63,6.62,70100,37600,30400,20000,10700,13900,53800,19200,6400,16800,5,12,4,2,50,9,1,5,2,2,26,11,3,4,15,10,10,2,3,1,10675.483870967742,-1,-1,-1,-1,-1,-1,-1,-1,-1,73432.30769230769,0.0,0.0,-1,-1,-1,-1,-1,-1,-1,264,254280,6.7120331917571185,1706735.8,42,2272670,6,1000,6.71,6710.0,5,1760530,352106.0,33652.875577505176
20230810093557000,6.72,6.71,6.71,6.71,6.71,6.71,6.71,6.71,6.71,6.71,6.72,6.73,6.74,6.75,6.76,6.77,6.78,6.79,6.8,6.81,44900,44700,41500,19200,2600,8800,38300,64600,11900,4300,6.71,6.7,6.69,6.68,6.67,6.66,6.65,6.64,6.63,6.62,70200,37600,30400,20000,10700,13900,53800,19200,6400,17800,5,12,4,2,50,9,1,5,2,2,26,11,3,4,15,10,10,2,3,1,10675.483870967742,-1,-1,-1,-1,-1,-1,-1,-1,-1,73432.30769230769,0.0,0.0,-1,-1,-1,-1,-1,-1,-1,264,254280,6.7120331917571185,1706735.8,42,2272670,0,0,-1,0.0,0,-1,-1,33717.27736179704
20230810093600000,6.71,6.71,6.71,6.71,6.71,6.71,6.71,6.71,6.71,6.71,6.72,6.73,6.74,6.75,6.76,6.77,6.78,6.79,6.8,6.81,46100,44700,41500,19200,2600,8800,38300,64600,11900,4300,6.71,6.7,6.69,6.68,6.67,6.66,6.65,6.64,6.63,6.62,61400,37600,30400,20000,10700,13900,53800,19200,6400,17800,5,12,4,2,50,9,1,5,2,2,26,11,3,4,15,10,11,2,3,1,10675.483870967742,-1,-1,-1,-1,-1,-1,-1,-1,-1,73432.30769230769,0.0,0.0,-1,-1,-1,-1,-1,-1,-1,267,255180,6.712026020848029,1712774.8,42,2272670,3,900,6.712026020848029,6039.0,0,-1,-1,28769.97072646168
20230810093603000,6.71,6.71,6.71,6.71,6.71,6.71,6.71,6.71,6.71,6.71,6.72,6.73,6.74,6.75,6.76,6.77,6.78,6.79,6.8,6.81,47900,44700,41500,19200,2600,8800,38300,64600,11900,4300,6.71,6.7,6.69,6.68,6.67,6.66,6.65,6.64,6.63,6.62,61800,37700,30400,20000,10700,13900,53800,19200,6400,17800,5,12,4,2,50,9,1,5,2,2,26,11,3,4,15,10,11,2,3,1,10675.483870967742,-1,-1,-1,-1,-1,-1,-1,-1,-1,73432.30769230769,0.0,0.0,-1,-1,-1,-1,-1,-1,-1,267,255180,6.712026020848029,1712774.8,42,2272670,0,0,-1,0.0,0,-1,-1,33351.56722956826
20230810093606000,6.71,6.71,6.71,6.71,6.71,6.71,6.71,6.71,6.71,6.71,6.72,6.73,6.74,6.75,6.76,6.77,6.78,6.79,6.8,6.81,54600,44700,41500,19200,2600,8800,38300,64600,11900,4300,6.71,6.7,6.69,6.68,6.67,6.66,6.65,6.64,6.63,6.62,64300,37700,30400,20000,10700,13900,53800,19200,6400,18800,5,12,4,2,50,9,1,5,2,2,26,11,3,4,15,10,12,2,3,1,10675.483870967742,-1,-1,-1,-1,-1,-1,-1,-1,-1,73432.30769230769,0.0,0.0,-1,-1,-1,-1,-1,-1,-1,271,255680,6.712022058823529,1716129.8,42,2272670,4,500,6.712022058823529,3355.0,0,-1,-1,34473.99832722638
20230810093609000,6.71,6.71,6.71,6.71,6.71,6.71,6.71,6.71,6.71,6.71,6.72,6.73,6.74,6.75,6.76,6.77,6.78,6.79,6.8,6.81,53100,44700,41500,19200,2600,8800,38300,64600,11900,4300,6.71,6.7,6.69,6.68,6.67,6.66,6.65,6.64,6.63,6.62,64200,37700,30400,20000,10700,13900,53800,19200,6400,18800,5,12,4,2,50,9,1,5,2,2,26,11,3,4,15,10,12,2,3,1,10675.483870967742,-1,-1,-1,-1,-1,-1,-1,-1,-1,73432.30769230769,0.0,0.0,-1,-1,-1,-1,-1,-1,-1,272,255780,6.712022058823529,1716800.8,42,2272670,1,100,6.712022058823529,671.0,0,-1,-1,34349.79488609208
20230810093612000,6.71,6.71,6.71,6.71,6.71,6.72,6.72,6.72,6.71,6.71,6.72,6.73,6.74,6.75,6.76,6.77,6.78,6.79,6.8,6.81,57600,44700,41500,19200,2600,8800,38300,64600,11900,4300,6.71,6.7,6.69,6.68,6.67,6.66,6.65,6.64,6.63,6.62,64000,37700,30400,20000,10700,13900,53800,19200,6400,18800,5,12,4,2,50,9,1,5,2,2,26,11,3,4,15,10,12,2,3,2,10675.483870967742,-1,-1,-1,-1,-1,-1,-1,-1,-1,73432.30769230769,0.0,0.0,-1,-1,-1,-1,-1,-1,-1,275,256580,6.712038350611895,1722174.8,42,2272670,3,800,6.712038350611895,5374.0,0,-1,-1,30005.104946630556
20230810093615000,6.71,6.71,6.71,6.71,6.71,6.71,6.71,6.71,6.71,6.71,6.72,6.73,6.74,6.75,6.76,6.77,6.78,6.79,6.8,6.81,57600,44700,41500,20400,2600,8800,38300,64600,11900,4300,6.71,6.7,6.69,6.68,6.67,6.66,6.65,6.64,6.63,6.62,63800,39700,30400,20000,10700,13900,53800,19200,6400,18800,5,12,4,2,50,9,1,5,2,2,26,11,3,4,15,10,12,2,3,2,10675.483870967742,-1,-1,-1,-1,-1,-1,-1,-1,-1,73432.30769230769,0.0,0.0,-1,-1,-1,-1,-1,-1,-1,276,256780,6.712036762987772,1723516.8,42,2272670,1,200,6.712036762987772,1342.0,0,-1,-1,35000.252907439855
20230810093618000,6.72,6.71,6.71,6.71,6.71,6.72,6.72,6.72,6.71,6.71,6.72,6.73,6.74,6.75,6.76,6.77,6.78,6.79,6.8,6.81,57200,44800,41500,20400,2600,8800,38300,64600,11900,4300,6.71,6.7,6.69,6.68,6.67,6.66,6.65,6.64,6.63,6.62,63600,39700,30400,20000,10700,13900,53800,19200,6400,18800,5,12,4,2,50,9,1,5,2,2,26,11,3,4,15,10,12,2,3,2,10675.483870967742,-1,-1,-1,-1,-1,-1,-1,-1,-1,73432.30769230769,0.0,0.0,-1,-1,-1,-1,-1,-1,-1,278,257580,6.712053730879727,1728890.8,42,2272670,2,800,6.712053730879727,5374.0,0,-1,-1,30154.609088736655
20230810093621000,6.71,6.71,6.71,6.71,6.71,6.71,6.71,6.71,6.71,6.71,6.72,6.73,6.74,6.75,6.76,6.77,6.78,6.79,6.8,6.81,57200,44800,41500,20400,2600,8800,38300,64600,11900,4300,6.71,6.7,6.69,6.68,6.67,6.66,6.65,6.64,6.63,6.62,63400,39700,30400,21000,10700,13900,53800,19200,6400,18800,5,12,4,2,50,9,1,5,2,2,26,11,3,4,15,10,12,2,3,2,10675.483870967742,-1,-1,-1,-1,-1,-1,-1,-1,-1,73432.30769230769,0.0,0.0,-1,-1,-1,-1,-1,-1,-1,280,257780,6.712052137481574,1730232.8,42,2272670,2,200,6.712052137481574,1342.0,0,-1,-1,35101.45571132707
20230810093624000,6.71,6.71,6.71,6.71,6.71,6.71,6.71,6.71,6.71,6.71,6.72,6.73,6.74,6.75,6.76,6.77,6.78,6.79,6.8,6.81,57200,44800,41500,20400,2600,8800,38300,64600,11900,4300,6.71,6.7,6.69,6.68,6.67,6.66,6.65,6.64,6.63,6.62,62900,39700,30400,21000,10700,13900,53800,19200,6400,18800,5,12,4,2,50,9,1,5,2,2,26,11,3,4,15,10,12,2,3,2,10675.483870967742,-1,-1,-1,-1,-1,-1,-1,-1,-1,73432.30769230769,0.0,0.0,-1,-1,-1,-1,-1,-1,-1,283,258280,6.712048164782407,1733587.8,42,2272670,3,500,6.712048164782407,3355.0,0,-1,-1,30136.208578938986
20230810093627000,6.72,6.72,6.72,6.72,6.72,6.71,6.71,6.72,6.71,6.72,6.72,6.73,6.74,6.75,6.76,6.77,6.78,6.79,6.8,6.81,54300,44800,41500,20400,2600,8800,38300,64600,11900,4300,6.71,6.7,6.69,6.68,6.67,6.66,6.65,6.64,6.63,6.62,82500,39700,30400,21000,10700,13900,53800,19200,6400,18800,5,12,4,2,50,9,1,5,2,2,26,11,3,4,15,10,12,2,3,2,10675.483870967742,-1,-1,-1,-1,-1,-1,-1,-1,-1,73432.30769230769,0.0,0.0,-1,-1,-1,-1,-1,-1,-1,286,262380,6.7121266864852505,1761127.8,42,2272670,3,4100,6.7121266864852505,27540.0,0,-1,-1,32991.39517285327
20230810093630000,6.72,6.72,6.72,6.72,6.72,6.72,6.72,6.72,6.72,6.72,6.72,6.73,6.74,6.75,6.76,6.77,6.78,6.79,6.8,6.81,53900,44800,41600,20400,2600,8800,38300,64600,11900,4300,6.71,6.7,6.69,6.68,6.67,6.66,6.65,6.64,6.63,6.62,70300,39700,30400,21000,10700,13900,53800,19200,6400,18800,5,12,4,2,50,9,1,5,2,2,26,11,3,4,15,10,12,2,3,2,10675.483870967742,-1,-1,-1,-1,-1,-1,-1,-1,-1,73432.30769230769,0.0,0.0,-1,-1,-1,-1,-1,-1,-1,288,262780,6.712138671131745,1763815.8,42,2272670,2,400,6.712138671131745,2688.0,0,-1,-1,35241.75959853433
20230810093633000,6.72,6.71,6.71,6.71,6.71,6.71,6.71,6.71,6.71,6.71,6.72,6.73,6.74,6.75,6.76,6.77,6.78,6.79,6.8,6.81,62200,44800,41600,20400,2600,8800,38300,64600,11900,4300,6.71,6.7,6.69,6.68,6.67,6.66,6.65,6.64,6.63,6.62,69900,40200,30900,21000,10700,13900,53800,19200,6400,18800,5,12,4,2,50,9,1,5,2,2,26,11,3,4,15,10,12,2,3,2,10675.483870967742,-1,-1,-1,-1,-1,-1,-1,-1,-1,73432.30769230769,0.0,0.0,-1,-1,-1,-1,-1,-1,-1,290,263180,6.7121354206246675,1766499.8,42,2272670,2,400,6.7121354206246675,2684.0,0,-1,-1,36182.48566194042
20230810093636000,6.71,6.72,6.72,6.72,6.72,6.72,6.72,6.72,6.72,6.72,6.72,6.73,6.74,6.75,6.76,6.77,6.78,6.79,6.8,6.81,62000,44800,41600,20400,2600,8800,38300,64600,11900,4300,6.71,6.7,6.69,6.68,6.67,6.66,6.65,6.64,6.63,6.62,70100,40200,30900,21000,10700,13900,53800,19200,6400,18800,5,12,4,2,50,9,1,5,2,2,26,11,3,4,15,10,12,2,3,2,10675.483870967742,-1,-1,-1,-1,-1,-1,-1,-1,-1,73432.30769230769,0.0,0.0,-1,-1,-1,-1,-1,-1,-1,291,263380,6.712141392664591,1767843.8,42,2272670,1,200,6.712141392664591,1344.0,0,-1,-1,36541.295602995066
20230810093639000,6.71,6.72,6.72,6.72,6.72,6.72,6.72,6.72,6.72,6.72,6.72,6.73,6.74,6.75,6.76,6.77,6.78,6.79,6.8,6.81,62000,44800,41600,20400,2600,8800,42900,64600,11900,4300,6.71,6.7,6.69,6.68,6.67,6.66,6.65,6.64,6.63,6.62,70100,40200,30900,21000,10700,13900,53800,19200,6400,18800,5,12,4,2,50,9,1,5,2,2,26,11,3,4,15,10,12,2,3,2,10675.483870967742,-1,-1,-1,-1,-1,-1,-1,-1,-1,73432.30769230769,0.0,0.0,-1,-1,-1,-1,-1,-1,-1,291,263380,6.712141392664591,1767843.8,42,2272670,0,0,-1,0.0,0,-1,-1,36449.29305400669
20230810093642000,6.71,6.72,6.72,6.72,6.72,6.72,6.72,6.72,6.72,6.72,6.72,6.73,6.74,6.75,6.76,6.77,6.78,6.79,6.8,6.81,68100,44800,41600,20400,2600,8800,42900,64600,11900,4300,6.71,6.7,6.69,6.68,6.67,6.66,6.65,6.64,6.63,6.62,70100,40200,30900,21000,10700,13900,53800,19200,6400,18800,5,12,4,2,50,9,1,5,2,2,26,11,3,4,15,10,12,2,3,2,10675.483870967742,-1,-1,-1,-1,-1,-1,-1,-1,-1,73432.30769230769,0.0,0.0,-1,-1,-1,-1,-1,-1,-1,291,263380,6.712141392664591,1767843.8,42,2272670,0,0,-1,0.0,0,-1,-1,36759.80165684244
20230810093645000,6.72,6.72,6.72,6.72,6.72,6.72,6.72,6.72,6.72,6.72,6.72,6.73,6.74,6.75,6.76,6.77,6.78,6.79,6.8,6.81,71800,44800,41600,20400,2600,8800,42900,64600,11900,4300,6.71,6.7,6.69,6.68,6.67,6.66,6.65,6.64,6.63,6.62,70100,40200,30900,21000,10700,13900,53800,19200,6400,18800,5,12,4,2,50,9,1,5,2,2,26,11,3,4,15,10,12,2,3,2,10675.483870967742,-1,-1,-1,-1,-1,-1,-1,-1,-1,73432.30769230769,0.0,0.0,-1,-1,-1,-1,-1,-1,-1,292,264680,6.712179990932447,1776579.8,42,2272670,1,1300,6.712179990932447,8736.0,0,-1,-1,34698.04245658754
20230810093648000,6.72,6.71,6.71,6.71,6.71,6.71,6.71,6.71,6.71,6.71,6.72,6.73,6.74,6.75,6.76,6.77,6.78,6.79,6.8,6.81,71900,44800,41600,20400,2600,8800,42900,64600,11900,4300,6.71,6.7,6.69,6.68,6.67,6.66,6.65,6.64,6.63,6.62,69400,40200,30900,22000,10700,13900,53800,19200,6400,19800,5,12,4,2,50,9,1,5,2,2,26,11,3,4,15,10,12,2,3,2,10675.483870967742,-1,-1,-1,-1,-1,-1,-1,-1,-1,73432.30769230769,0.0,0.0,-1,-1,-1,-1,-1,-1,-1,293,265380,6.712174240711433,1781276.8,42,2272670,1,700,6.712174240711433,4697.0,0,-1,-1,37955.83479369125
20230810093651000,6.71,6.71,6.71,6.71,6.71,6.71,6.71,6.71,6.71,6.71,6.72,6.73,6.74,6.75,6.76,6.77,6.78,6.79,6.8,6.81,75700,44800,41600,20400,2600,8800,42900,64600,11900,4300,6.71,6.7,6.69,6.68,6.67,6.66,6.65,6.64,6.63,6.62,81500,40200,30900,22000,10700,13900,53800,19200,6400,19800,5,12,4,2,50,9,1,5,2,2,26,11,3,4,15,10,13,2,3,2,10675.483870967742,-1,-1,-1,-1,-1,-1,-1,-1,-1,97976.89655172414,0.0,0.0,-1,-1,-1,-1,-1,-1,-1,301,275280,6.712107531594711,1847705.8,45,3204760,8,9900,6.71,66429.0,3,932090,310696.6666666667,39561.27927353831
20230810093654000,6.71,6.71,6.71,6.71,6.71,6.72,6.72,6.72,6.71,6.71,6.72,6.73,6.74,6.75,6.76,6.77,6.78,6.79,6.8,6.81,84800,44800,41600,20400,2600,8800,42900,64600,11900,4300,6.71,6.7,6.69,6.68,6.67,6.66,6.65,6.64,6.63,6.62,77900,40200,30900,22000,10700,13900,53800,19200,6400,19800,5,12,4,2,50,9,1,5,2,2,26,11,3,4,15,10,13,2,3,2,10675.483870967742,-1,-1,-1,-1,-1,-1,-1,-1,-1,97976.89655172414,0.0,0.0,-1,-1,-1,-1,-1,-1,-1,309,279180,6.712104652006677,1873877.8,45,3204760,8,3900,6.712104652006677,26172.0,0,-1,-1,34310.21088895969
20230810093657000,6.71,6.71,6.71,6.71,6.71,6.71,6.71,6.71,6.71,6.71,6.72,6.73,6.74,6.75,6.76,6.77,6.78,6.79,6.8,6.81,84800,44800,41600,20400,2600,8800,42900,64600,11900,4300,6.71,6.7,6.69,6.68,6.67,6.66,6.65,6.64,6.63,6.62,85100,40200,30900,22000,10700,13900,53800,19200,6400,19800,5,12,4,2,50,9,1,5,2,2,26,11,3,4,15,10,13,2,3,2,10675.483870967742,-1,-1,-1,-1,-1,-1,-1,-1,-1,97976.89655172414,0.0,0.0,-1,-1,-1,-1,-1,-1,-1,309,279180,6.712104652006677,1873877.8,45,3204760,0,0,-1,0.0,0,-1,-1,41194.32451808188
20230810093700000,6.72,6.72,6.72,6.72,6.72,6.72,6.72,6.72,6.72,6.72,6.72,6.73,6.74,6.75,6.76,6.77,6.78,6.79,6.8,6.81,85400,44800,41600,20400,2600,8800,42900,72000,11900,4300,6.71,6.7,6.69,6.68,6.67,6.66,6.65,6.64,6.63,6.62,86300,33600,30900,22000,10700,13900,53800,19200,6400,19800,5,12,4,2,50,9,1,5,2,2,26,11,3,4,15,10,13,2,3,2,10675.483870967742,-1,-1,-1,-1,-1,-1,-1,-1,-1,97976.89655172414,0.0,0.0,-1,-1,-1,-1,-1,-1,-1,312,280980,6.712128265356965,1885973.8,45,3204760,3,1800,6.712128265356965,12096.0,0,-1,-1,41099.25521746056
20230810093703000,6.72,6.72,6.72,6.72,6.72,6.72,6.72,6.72,6.72,6.72,6.72,6.73,6.74,6.75,6.76,6.77,6.78,6.79,6.8,6.81,88200,45000,41600,20400,2600,8800,42900,72000,11900,4300,6.71,6.7,6.69,6.68,6.67,6.66,6.65,6.64,6.63,6.62,86300,33600,30900,22000,10700,13900,53800,19200,6400,19800,5,12,4,2,50,9,1,5,2,2,26,11,3,4,15,10,13,2,3,2,10675.483870967742,-1,-1,-1,-1,-1,-1,-1,-1,-1,97976.89655172414,0.0,0.0,-1,-1,-1,-1,-1,-1,-1,313,281280,6.712136660978385,1887989.8,45,3204760,1,300,6.712136660978385,2016.0,0,-1,-1,37976.575195156925
20230810093706000,6.72,6.71,6.71,6.71,6.71,6.72,6.72,6.72,6.71,6.71,6.72,6.73,6.74,6.75,6.76,6.77,6.78,6.79,6.8,6.81,86100,45000,41600,20400,2600,8800,43300,72000,11900,4300,6.71,6.7,6.69,6.68,6.67,6.66,6.65,6.64,6.63,6.62,96300,33600,30900,22000,10700,13900,53800,19200,6400,19800,5,12,4,2,50,9,1,5,2,2,26,11,3,4,15,10,13,2,3,2,10675.483870967742,-1,-1,-1,-1,-1,-1,-1,-1,-1,97976.89655172414,0.0,0.0,-1,-1,-1,-1,-1,-1,-1,317,284380,6.712161740732865,1908811.8,45,3204760,4,3100,6.712161740732865,20822.0,0,-1,-1,42203.28580532101
20230810093709000,6.71,6.71,6.71,6.71,6.71,6.71,6.71,6.71,6.71,6.71,6.72,6.73,6.74,6.75,6.76,6.77,6.78,6.79,6.8,6.81,86100,45000,41600,20400,2600,8800,43300,72000,11900,4300,6.71,6.7,6.69,6.68,6.67,6.66,6.65,6.64,6.63,6.62,92700,33600,30900,22000,10700,13900,53800,19200,6400,19800,5,13,4,2,50,9,1,5,2,2,26,11,3,4,15,10,13,2,3,2,10675.483870967742,-1,-1,-1,-1,-1,-1,-1,-1,-1,97976.89655172414,0.0,0.0,-1,-1,-1,-1,-1,-1,-1,318,287980,6.712161740732865,1932967.8,45,3204760,1,3600,6.712161740732865,24156.0,0,-1,-1,36371.37466146248
20230810093712000,6.71,6.72,6.72,6.72,6.72,6.72,6.72,6.72,6.72,6.72,6.72,6.73,6.74,6.75,6.76,6.77,6.78,6.79,6.8,6.81,83500,44800,41600,20400,2600,8800,43300,72000,11900,4300,6.71,6.7,6.69,6.68,6.67,6.66,6.65,6.64,6.63,6.62,93000,33600,30900,22000,10700,13900,53800,19200,6400,19800,5,13,4,2,50,9,1,5,2,2,26,11,3,4,15,10,13,2,3,2,10675.483870967742,-1,-1,-1,-1,-1,-1,-1,-1,-1,97976.89655172414,0.0,0.0,-1,-1,-1,-1,-1,-1,-1,319,290580,6.712230022713195,1950439.8,45,3204760,1,2600,6.712230022713195,17472.0,0,-1,-1,38314.68456268919
20230810093715000,6.71,6.72,6.72,6.72,6.72,6.72,6.72,6.72,6.72,6.72,6.72,6.73,6.74,6.75,6.76,6.77,6.78,6.79,6.8,6.81,83600,44800,41600,20400,2600,8800,43300,72000,11900,4300,6.71,6.7,6.69,6.68,6.67,6.66,6.65,6.64,6.63,6.62,93000,33600,30900,22000,10700,13900,53800,19200,6400,19800,5,13,4,2,50,9,1,5,2,2,26,11,3,4,15,10,13,2,3,2,10675.483870967742,-1,-1,-1,-1,-1,-1,-1,-1,-1,97976.89655172414,0.0,0.0,-1,-1,-1,-1,-1,-1,-1,319,290580,6.712230022713195,1950439.8,45,3204760,0,0,-1,0.0,0,-1,-1,41536.26732515532
20230810093718000,6.72,6.72,6.72,6.72,6.72,6.72,6.72,6.72,6.72,6.72,6.72,6.73,6.74,6.75,6.76,6.77,6.78,6.79,6.8,6.81,76700,44800,41600,20400,2600,8800,43300,72000,11900,4300,6.72,6.71,6.7,6.69,6.68,6.67,6.66,6.65,6.64,6.63,1700,93300,33600,30900,22000,10700,13900,53800,19200,6400,5,13,4,2,50,9,1,5,2,2,26,11,3,4,15,10,13,2,3,2,16159.411764705883,-1,-1,-1,-1,-1,-1,-1,-1,-1,0.2608695652173913,97976.89655172414,0.0,0.0,-1,-1,-1,-1,-1,-1,323,297480,6.712410246066963,1996807.8,48,3423240,4,6900,6.72,46368.0,3,218480,72826.66666666667,37461.36092082205
20230810093721000,6.72,6.71,6.71,6.71,6.71,6.71,6.71,6.71,6.71,6.71,6.72,6.73,6.74,6.75,6.76,6.77,6.78,6.79,6.8,6.81,76700,44800,41600,20400,2600,8800,43300,72000,11900,4300,6.72,6.71,6.7,6.69,6.68,6.67,6.66,6.65,6.64,6.63,1600,93200,33600,30900,22000,10700,13900,53900,19200,6400,5,13,4,2,50,9,1,5,2,2,26,11,3,4,15,10,13,2,3,2,16159.411764705883,-1,-1,-1,-1,-1,-1,-1,-1,-1,0.2608695652173913,97976.89655172414,0.0,0.0,-1,-1,-1,-1,-1,-1,324,297580,6.712409436118019,1997478.8,48,3423240,1,100,6.712409436118019,671.0,0,-1,-1,31066.39417715469
20230810093724000,6.71,6.72,6.72,6.72,6.72,6.72,6.72,6.72,6.72,6.72,6.72,6.73,6.74,6.75,6.76,6.77,6.78,6.79,6.8,6.81,78200,44800,41600,20400,2600,8800,43300,72000,11900,4300,6.72,6.71,6.7,6.69,6.68,6.67,6.66,6.65,6.64,6.63,1600,93200,33600,30900,22000,10700,13900,53900,19200,6400,5,13,4,2,50,9,1,5,2,2,26,11,3,4,15,10,13,2,3,2,16159.411764705883,-1,-1,-1,-1,-1,-1,-1,-1,-1,0.25862068965517243,97976.89655172414,0.0,0.0,-1,-1,-1,-1,-1,-1,325,297680,6.712409436118019,1998150.8,48,3423240,1,100,6.712409436118019,672.0,0,-1,-1,37172.01290425363
20230810093727000,6.72,6.72,6.72,6.72,6.72,6.72,6.72,6.72,6.72,6.72,6.72,6.73,6.74,6.75,6.76,6.77,6.78,6.79,6.8,6.81,78000,44800,42100,20400,2600,8800,43300,72000,11900,4300,6.72,6.71,6.7,6.69,6.68,6.67,6.66,6.65,6.64,6.63,1600,93200,33600,30900,22000,10700,13900,53900,19200,6400,5,13,4,2,50,9,1,5,2,2,26,11,3,4,15,10,13,2,3,2,16159.411764705883,-1,-1,-1,-1,-1,-1,-1,-1,-1,0.2564102564102564,97976.89655172414,0.0,0.0,-1,-1,-1,-1,-1,-1,326,297880,6.712409436118019,1999494.8,48,3423240,1,200,6.712409436118019,1344.0,0,-1,-1,37155.91245818066
20230810093730000,6.72,6.72,6.72,6.72,6.72,6.72,6.72,6.72,6.72,6.72,6.72,6.73,6.74,6.75,6.76,6.77,6.78,6.79,6.8,6.81,76900,44800,42100,20400,2600,8800,43300,72000,11900,4300,6.72,6.71,6.7,6.69,6.68,6.67,6.66,6.65,6.64,6.63,1600,94200,33600,30900,22000,10700,13900,53900,19200,6400,5,13,4,2,50,9,1,5,2,2,26,11,3,4,15,10,13,2,3,2,18005.714285714286,-1,-1,-1,-1,-1,-1,-1,-1,-1,0.25210084033613445,97976.89655172414,0.0,0.0,-1,-1,-1,-1,-1,-1,329,298980,6.712444979597298,2006886.8,49,3504020,3,1100,6.72,7392.0,1,80780,80780.0,37073.11016409113
20230810093733000,6.72,6.72,6.72,6.72,6.72,6.72,6.72,6.72,6.72,6.72,6.72,6.73,6.74,6.75,6.76,6.77,6.78,6.79,6.8,6.81,77300,44800,42100,20400,2600,8800,43300,72000,11900,4300,6.72,6.71,6.7,6.69,6.68,6.67,6.66,6.65,6.64,6.63,1600,95000,33600,30900,22000,10700,13900,53900,19200,6400,5,13,4,2,50,9,1,5,2,2,26,11,3,4,15,10,13,2,3,2,18005.714285714286,-1,-1,-1,-1,-1,-1,-1,-1,-1,0.25210084033613445,97976.89655172414,0.0,0.0,-1,-1,-1,-1,-1,-1,329,298980,6.712444979597298,2006886.8,49,3504020,0,0,-1,0.0,0,-1,-1,37128.31169348415
20230810093736000,6.72,6.72,6.72,6.72,6.72,6.72,6.72,6.72,6.72,6.72,6.72,6.73,6.74,6.75,6.76,6.77,6.78,6.79,6.8,6.81,73600,44800,42100,20400,2600,8800,43300,72000,11900,4300,6.71,6.7,6.69,6.68,6.67,6.66,6.65,6.64,6.63,6.62,95000,33600,30900,22000,10700,13900,53900,19200,6400,19800,5,13,4,2,50,9,1,5,2,3,26,11,3,4,15,10,13,2,3,2,24870.51282051282,-1,-1,-1,-1,-1,-1,-1,-1,-1,97976.89655172414,0.0,0.0,-1,-1,-1,-1,-1,-1,-1,334,302680,6.71253733315713,2031750.8,53,3843770,5,3700,6.72,24864.0,4,339750,84937.5,40391.602278158345
20230810093739000,6.72,6.72,6.72,6.72,6.72,6.72,6.72,6.72,6.72,6.72,6.72,6.73,6.74,6.75,6.76,6.77,6.78,6.79,6.8,6.81,73600,44800,42100,20400,2600,10800,43300,72000,11900,4300,6.71,6.7,6.69,6.68,6.67,6.66,6.65,6.64,6.63,6.62,96300,33600,30900,22000,10700,13900,53900,19200,6400,19800,5,13,4,2,50,9,1,5,2,3,26,11,3,4,15,10,13,2,3,2,24870.51282051282,-1,-1,-1,-1,-1,-1,-1,-1,-1,97976.89655172414,0.0,0.0,-1,-1,-1,-1,-1,-1,-1,334,302680,6.71253733315713,2031750.8,53,3843770,0,0,-1,0.0,0,-1,-1,40470.46160586266
20230810093742000,6.72,6.72,6.72,6.72,6.72,6.72,6.72,6.72,6.72,6.72,6.72,6.73,6.74,6.75,6.76,6.77,6.78,6.79,6.8,6.81,74700,44800,42100,20400,2600,10800,43300,75700,11900,4300,6.71,6.7,6.69,6.68,6.67,6.66,6.65,6.64,6.63,6.62,96300,33600,30900,22000,10700,13900,53900,19200,6400,19800,5,13,4,2,50,9,1,5,2,3,26,11,3,4,15,10,13,2,3,2,24870.51282051282,-1,-1,-1,-1,-1,-1,-1,-1,-1,97976.89655172414,0.0,0.0,-1,-1,-1,-1,-1,-1,-1,334,302680,6.71253733315713,2031750.8,53,3843770,0,0,-1,0.0,0,-1,-1,40741.869125378355
20230810093745000,6.72,6.72,6.72,6.72,6.72,6.72,6.72,6.72,6.72,6.72,6.72,6.73,6.74,6.75,6.76,6.77,6.78,6.79,6.8,6.81,74700,44800,42100,20400,2600,10800,43300,75700,11900,4300,6.71,6.7,6.69,6.68,6.67,6.66,6.65,6.64,6.63,6.62,96300,33600,30900,22000,10700,13900,53900,19200,6400,19800,5,13,4,2,50,9,1,5,2,3,26,11,3,4,15,10,13,2,3,2,24870.51282051282,-1,-1,-1,-1,-1,-1,-1,-1,-1,97976.89655172414,0.0,0.0,-1,-1,-1,-1,-1,-1,-1,334,302680,6.71253733315713,2031750.8,53,3843770,0,0,-1,0.0,0,-1,-1,40741.869125378355
20230810093748000,6.72,6.72,6.72,6.72,6.72,6.72,6.72,6.72,6.72,6.72,6.72,6.73,6.74,6.75,6.76,6.77,6.78,6.79,6.8,6.81,151800,44700,42100,20400,2600,10800,43300,75700,11900,4300,6.71,6.7,6.69,6.68,6.67,6.66,6.65,6.64,6.63,6.62,96300,33600,30900,22000,10700,13900,53900,19200,6400,19800,5,13,4,2,50,9,1,5,2,3,26,11,3,4,15,10,13,2,3,2,24870.51282051282,-1,-1,-1,-1,-1,-1,-1,-1,-1,97976.89655172414,0.0,0.0,-1,-1,-1,-1,-1,-1,-1,334,302680,6.71253733315713,2031750.8,53,3843770,0,0,-1,0.0,0,-1,-1,51472.43308905527
20230810093751000,6.72,6.72,6.72,6.72,6.72,6.72,6.72,6.72,6.72,6.72,6.72,6.73,6.74,6.75,6.76,6.77,6.78,6.79,6.8,6.81,151800,44700,42100,20400,2600,10800,43300,75700,11900,4300,6.71,6.7,6.69,6.68,6.67,6.66,6.65,6.64,6.63,6.62,96300,33600,30900,22000,10700,13900,53900,19200,6400,19800,5,13,4,2,50,9,1,5,2,3,26,11,3,4,15,10,13,2,3,2,24870.51282051282,-1,-1,-1,-1,-1,-1,-1,-1,-1,97976.89655172414,0.0,0.0,-1,-1,-1,-1,-1,-1,-1,334,302680,6.71253733315713,2031750.8,53,3843770,0,0,-1,0.0,0,-1,-1,51486.23347140352
20230810093754000,6.72,6.72,6.72,6.72,6.72,6.72,6.72,6.72,6.72,6.72,6.72,6.73,6.74,6.75,6.76,6.77,6.78,6.79,6.8,6.81,151800,44700,42100,20400,2600,10800,43300,75700,11900,4300,6.71,6.7,6.69,6.68,6.67,6.66,6.65,6.64,6.63,6.62,96300,33600,30900,22000,10700,13900,53900,19200,6400,19800,5,13,4,2,50,9,1,5,2,3,26,11,3,4,15,10,13,2,3,2,24870.51282051282,-1,-1,-1,-1,-1,-1,-1,-1,-1,97976.89655172414,0.0,0.0,-1,-1,-1,-1,-1,-1,-1,334,302680,6.71253733315713,2031750.8,53,3843770,0,0,-1,0.0,0,-1,-1,51486.23347140352
20230810093757000,6.72,6.72,6.72,6.72,6.72,6.72,6.72,6.72,6.72,6.72,6.72,6.73,6.74,6.75,6.76,6.77,6.78,6.79,6.8,6.81,149400,44700,42100,20400,2600,10800,43300,75700,11900,4300,6.71,6.7,6.69,6.68,6.67,6.66,6.65,6.64,6.63,6.62,97600,33600,30900,22000,10700,13900,53900,19200,6400,19800,5,13,4,2,50,9,1,5,2,3,26,11,3,4,15,10,13,2,3,2,24870.51282051282,-1,-1,-1,-1,-1,-1,-1,-1,-1,97976.89655172414,0.0,0.0,-1,-1,-1,-1,-1,-1,-1,335,306280,6.712625048974794,2055942.8,53,3843770,1,3600,6.712625048974794,24192.0,0,-1,-1,51136.62378524771
20230810093800000,6.72,6.72,6.72,6.72,6.72,6.72,6.72,6.72,6.72,6.72,6.72,6.73,6.74,6.75,6.76,6.77,6.78,6.79,6.8,6.81,165900,44700,42100,20400,2600,10800,43300,75700,11900,4300,6.71,6.7,6.69,6.68,6.67,6.66,6.65,6.64,6.63,6.62,96500,33600,30900,22000,10700,13900,53900,19200,6400,19800,5,13,4,2,50,9,1,5,2,3,26,11,3,4,15,10,13,2,3,2,24870.51282051282,-1,-1,-1,-1,-1,-1,-1,-1,-1,97976.89655172414,0.0,0.0,-1,-1,-1,-1,-1,-1,-1,336,306380,6.712627456100268,2056614.8,53,3843770,1,100,6.712627456100268,672.0,0,-1,-1,51283.827863629114
20230810093803000,6.71,6.71,6.71,6.71,6.71,6.71,6.71,6.71,6.71,6.71,6.72,6.73,6.74,6.75,6.76,6.77,6.78,6.79,6.8,6.81,166800,44700,42100,20400,2600,10800,43300,75700,11900,4300,6.71,6.7,6.69,6.68,6.67,6.66,6.65,6.64,6.63,6.62,93400,33600,30900,22000,10700,13900,53900,19200,6400,19800,5,13,4,2,50,9,1,5,2,3,26,11,3,4,15,10,13,2,3,2,24870.51282051282,-1,-1,-1,-1,-1,-1,-1,-1,-1,106614.0,0.0,0.0,-1,-1,-1,-1,-1,-1,-1,348,311480,6.712603661297626,2090835.8,54,4200860,12,5100,6.71,34221.0,1,357090,357090.0,53289.48343157558
20230810093806000,6.71,6.72,6.72,6.72,6.72,6.71,6.71,6.72,6.71,6.72,6.72,6.73,6.74,6.75,6.76,6.77,6.78,6.79,6.8,6.81,167100,44700,42100,20400,2600,10800,43300,75700,11900,4300,6.71,6.7,6.69,6.68,6.67,6.66,6.65,6.64,6.63,6.62,88300,33600,30900,22000,10700,13900,53900,19200,6400,19800,5,13,4,2,50,9,1,5,2,3,26,11,3,4,15,10,13,2,3,2,24870.51282051282,-1,-1,-1,-1,-1,-1,-1,-1,-1,106614.0,0.0,0.0,-1,-1,-1,-1,-1,-1,-1,366,317480,6.712563941035655,2131104.8,54,4200860,18,6000,6.712563941035655,40268.99999999977,0,-1,-1,52778.869284690125
20230810093809000,6.71,6.71,6.71,6.71,6.71,6.71,6.71,6.71,6.71,6.71,6.72,6.73,6.74,6.75,6.76,6.77,6.78,6.79,6.8,6.81,167100,44700,42100,20400,2600,10800,43300,75700,11900,4300,6.71,6.7,6.69,6.68,6.67,6.66,6.65,6.64,6.63,6.62,87300,33600,30900,22000,10700,13900,53900,19200,6400,19800,5,13,4,2,50,9,1,5,2,3,26,11,3,4,15,10,13,2,3,2,24870.51282051282,-1,-1,-1,-1,-1,-1,-1,-1,-1,106614.0,0.0,0.0,-1,-1,-1,-1,-1,-1,-1,370,318480,6.712563941035655,2137814.8,54,4200860,4,1000,6.712563941035655,6710.0,0,-1,-1,42771.83865700174
20230810093812000,6.71,6.71,6.71,6.71,6.71,6.71,6.71,6.71,6.71,6.71,6.72,6.73,6.74,6.75,6.76,6.77,6.78,6.79,6.8,6.81,167200,44700,42100,20400,2600,10800,43300,75700,11900,4300,6.71,6.7,6.69,6.68,6.67,6.66,6.65,6.64,6.63,6.62,84400,33600,30900,22000,10700,13900,54200,19200,6400,19800,5,13,4,2,50,9,1,5,2,3,26,11,3,4,15,10,13,2,3,2,24870.51282051282,-1,-1,-1,-1,-1,-1,-1,-1,-1,106614.0,0.0,0.0,-1,-1,-1,-1,-1,-1,-1,379,321880,6.712563941035655,2160628.8,54,4200860,9,3400,6.712563941035655,22814.0,0,-1,-1,52525.86227497211
20230810093815000,6.71,6.72,6.72,6.72,6.72,6.71,6.71,6.72,6.71,6.72,6.72,6.73,6.74,6.75,6.76,6.77,6.78,6.79,6.8,6.81,166600,44700,42100,20400,2600,10800,43300,75700,11900,4300,6.71,6.7,6.69,6.68,6.67,6.66,6.65,6.64,6.63,6.62,83600,33600,30900,22000,10700,13900,54200,19200,6400,19800,5,13,4,2,50,10,1,5,2,3,26,11,3,4,15,10,13,2,3,2,28277.0,-1,-1,-1,-1,-1,-1,-1,-1,-1,106614.0,0.0,0.0,-1,-1,-1,-1,-1,-1,-1,383,323980,6.712552626705351,2174732.8,55,4361990,4,2100,6.7161904761904765,14104.0,1,161130,161130.0,48787.83853751792
20230810093818000,6.71,6.71,6.71,6.71,6.71,6.71,6.71,6.71,6.71,6.71,6.72,6.73,6.74,6.75,6.76,6.77,6.78,6.79,6.8,6.81,167600,44700,42100,20400,2600,10800,43300,75700,11900,4300,6.71,6.7,6.69,6.68,6.67,6.66,6.65,6.64,6.63,6.62,81200,33900,30900,22000,10700,13900,54200,19200,6400,19800,5,13,4,2,50,10,1,5,2,3,26,11,3,4,15,10,13,2,3,2,28277.0,-1,-1,-1,-1,-1,-1,-1,-1,-1,106614.0,0.0,0.0,-1,-1,-1,-1,-1,-1,-1,390,326380,6.7125338562411905,2190836.8,55,4361990,7,2400,6.7125338562411905,16104.0,0,-1,-1,42240.52393659391
20230810093821000,6.71,6.71,6.71,6.71,6.71,6.71,6.71,6.71,6.71,6.71,6.71,6.72,6.73,6.74,6.75,6.76,6.77,6.78,6.79,6.8,47800,180300,44700,42100,20400,2600,10800,43300,75700,11900,6.7,6.69,6.68,6.67,6.66,6.65,6.64,6.63,6.62,6.61,33900,30900,22000,10700,13900,54200,19200,6400,19800,63200,5,13,4,2,50,10,1,5,2,3,26,11,3,4,15,10,13,2,3,2,157.5,28277.0,-1,-1,-1,-1,-1,-1,-1,-1,0.0,0.0,-1,-1,-1,-1,-1,-1,-1,-1,439,440380,6.711877923611426,2955776.8,84,9594170,49,114000,6.71,764940.0,29,5232180,180420.0,45717.46654452765
20230810093824000,6.71,6.71,6.71,6.71,6.71,6.71,6.71,6.71,6.71,6.71,6.71,6.72,6.73,6.74,6.75,6.76,6.77,6.78,6.79,6.8,43800,180500,44700,42100,20400,2600,10800,43300,75700,11900,6.7,6.69,6.68,6.67,6.66,6.65,6.64,6.63,6.62,6.61,36900,30900,22000,10700,13900,54200,19200,6400,19800,63200,5,13,4,2,50,10,1,5,2,3,26,11,3,4,15,10,13,2,3,2,157.5,28277.0,-1,-1,-1,-1,-1,-1,-1,-1,0.0,0.0,-1,-1,-1,-1,-1,-1,-1,-1,441,444380,6.711861019847878,2982616.8,84,9594170,2,4000,6.711861019847878,26840.0,0,-1,-1,45280.454436832886
20230810093827000,6.71,6.71,6.71,6.71,6.71,6.71,6.71,6.71,6.71,6.71,6.71,6.72,6.73,6.74,6.75,6.76,6.77,6.78,6.79,6.8,44100,180500,45200,42100,20400,2600,10800,43300,75700,13300,6.7,6.69,6.68,6.67,6.66,6.65,6.64,6.63,6.62,6.61,37700,30900,22000,10700,13900,54200,19200,6400,19800,63200,5,13,4,2,50,10,1,5,2,3,26,11,3,4,15,10,13,2,3,2,157.5,28277.0,-1,-1,-1,-1,-1,-1,-1,-1,0.0,0.0,-1,-1,-1,-1,-1,-1,-1,-1,441,444380,6.711861019847878,2982616.8,84,9594170,0,0,-1,0.0,0,-1,-1,45741.09447188148
20230810093830000,6.71,6.71,6.71,6.71,6.71,6.71,6.71,6.71,6.71,6.71,6.71,6.72,6.73,6.74,6.75,6.76,6.77,6.78,6.79,6.8,44000,164800,45200,42100,20400,2600,10800,43300,75700,13300,6.7,6.69,6.68,6.67,6.66,6.65,6.64,6.63,6.62,6.61,37700,30900,22000,10700,13900,54200,19200,6400,19800,63200,5,13,4,2,51,10,1,5,2,3,26,11,3,4,15,10,13,2,3,2,157.5,28277.0,-1,-1,-1,-1,-1,-1,-1,-1,0.0,0.0,-1,-1,-1,-1,-1,-1,-1,-1,442,444480,6.7118606011519075,2983287.8,84,9594170,1,100,6.7118606011519075,671.0,0,-1,-1,45727.29408953322
20230810093833000,6.71,6.7,6.7,6.7,6.7,6.7,6.7,6.7,6.7,6.7,6.71,6.72,6.73,6.74,6.75,6.76,6.77,6.78,6.79,6.8,44000,164800,45200,42100,20400,2600,10800,43300,75700,13300,6.7,6.69,6.68,6.67,6.66,6.65,6.64,6.63,6.62,6.61,37200,30900,22000,10700,13900,54200,19200,6400,19800,63200,5,13,4,2,51,10,1,5,2,3,26,11,3,4,15,10,13,2,3,2,157.5,28277.0,-1,-1,-1,-1,-1,-1,-1,-1,0.0,0.0,-1,-1,-1,-1,-1,-1,-1,-1,443,444680,6.7118606011519075,2984627.8,84,9594170,1,200,6.7118606011519075,1340.0,0,-1,-1,44264.45356061813
20230810093836000,6.71,6.7,6.7,6.7,6.7,6.7,6.7,6.7,6.7,6.7,6.71,6.72,6.73,6.74,6.75,6.76,6.77,6.78,6.79,6.8,44000,164900,45200,42100,20400,2600,10800,43300,75700,13300,6.71,6.7,6.69,6.68,6.67,6.66,6.65,6.64,6.63,6.62,300,37200,30900,22000,10700,13900,54200,19200,6400,19800,5,13,4,2,51,10,1,5,2,3,26,11,3,4,15,10,13,2,3,2,157.5,28277.0,-1,-1,-1,-1,-1,-1,-1,-1,135977.4193548387,0.0,0.0,-1,-1,-1,-1,-1,-1,-1,443,444680,6.7118606011519075,2984627.8,84,9594170,0,0,-1,0.0,0,-1,-1,40863.413055599805
20230810093839000,6.7,6.7,6.7,6.7,6.7,6.7,6.7,6.7,6.7,6.7,6.7,6.71,6.72,6.73,6.74,6.75,6.76,6.77,6.78,6.79,300,44000,164900,45200,42100,20400,2600,10800,43300,75700,6.71,6.7,6.69,6.68,6.67,6.66,6.65,6.64,6.63,6.62,200,37100,30900,22000,10700,13900,54200,19200,6400,19800,5,13,4,2,51,10,1,5,2,3,26,11,3,4,15,10,13,2,3,2,0.0,157.5,28277.0,-1,-1,-1,-1,-1,-1,-1,135977.4193548387,0.0,0.0,-1,-1,-1,-1,-1,-1,-1,443,444780,6.7118606011519075,2985297.8,84,9594170,0,100,6.7118606011519075,670.0,0,-1,-1,33255.11689501354
20230810093842000,6.7,6.7,6.7,6.7,6.7,6.7,6.7,6.7,6.7,6.7,6.7,6.71,6.72,6.73,6.74,6.75,6.76,6.77,6.78,6.79,300,44000,165000,45200,42100,20400,2600,10800,43300,75700,6.7,6.69,6.68,6.67,6.66,6.65,6.64,6.63,6.62,6.61,37300,30900,22000,10700,13900,54200,19200,6400,19800,63200,5,13,4,2,51,10,1,5,2,3,26,11,3,4,15,10,13,2,3,2,0.0,157.5,28277.0,-1,-1,-1,-1,-1,-1,-1,0.0,0.0,-1,-1,-1,-1,-1,-1,-1,-1,445,445080,6.7118606011519075,2987307.8,84,9594170,2,300,6.7118606011519075,2010.0,0,-1,-1,36630.85669906006
20230810093845000,6.7,6.7,6.7,6.7,6.7,6.7,6.7,6.7,6.7,6.7,6.7,6.71,6.72,6.73,6.74,6.75,6.76,6.77,6.78,6.79,300,44000,165000,45200,42100,20400,2600,10800,43300,75700,6.7,6.69,6.68,6.67,6.66,6.65,6.64,6.63,6.62,6.61,37300,33900,22000,10700,13900,54200,19200,7400,19800,63200,5,13,4,2,51,10,1,5,2,3,26,11,3,4,15,10,13,2,3,2,0.0,157.5,28277.0,-1,-1,-1,-1,-1,-1,-1,0.0,0.0,-1,-1,-1,-1,-1,-1,-1,-1,445,445080,6.7118606011519075,2987307.8,84,9594170,0,0,-1,0.0,0,-1,-1,36865.463198980404
20230810093848000,6.71,6.7,6.7,6.7,6.7,6.71,6.71,6.71,6.7,6.7,6.71,6.72,6.73,6.74,6.75,6.76,6.77,6.78,6.79,6.8,31000,164800,45200,42100,20400,2600,10800,43300,75700,13300,6.7,6.69,6.68,6.67,6.66,6.65,6.64,6.63,6.62,6.61,37200,33900,22000,15700,13900,54200,19200,7400,19800,63200,5,13,4,2,51,10,1,5,2,3,26,11,3,4,15,10,13,2,3,2,362.2695035460993,28277.0,-1,-1,-1,-1,-1,-1,-1,-1,0.0,0.0,-1,-1,-1,-1,-1,-1,-1,-1,448,458580,6.711790699703367,3077891.8,85,9623200,3,13500,6.709925925925926,90584.0,1,29030,29030.0,42677.40959056875
20230810093851000,6.71,6.7,6.7,6.7,6.7,6.7,6.7,6.7,6.7,6.7,6.71,6.72,6.73,6.74,6.75,6.76,6.77,6.78,6.79,6.8,31000,164800,45200,42100,20400,2600,10800,43300,75700,13300,6.7,6.69,6.68,6.67,6.66,6.65,6.64,6.63,6.62,6.61,37200,33900,22000,16200,13900,54200,19200,7400,19800,63200,5,13,4,2,51,10,1,5,2,3,26,11,3,4,15,10,13,2,3,2,362.2695035460993,28277.0,-1,-1,-1,-1,-1,-1,-1,-1,0.0,0.0,-1,-1,-1,-1,-1,-1,-1,-1,448,458580,6.711790699703367,3077891.8,85,9623200,0,0,-1,0.0,0,-1,-1,42907.41596303967
20230810093854000,6.7,6.71,6.71,6.71,6.71,6.71,6.71,6.71,6.71,6.71,6.71,6.72,6.73,6.74,6.75,6.76,6.77,6.78,6.79,6.8,30000,164800,45200,42100,20900,2600,10800,43300,75700,13300,6.7,6.69,6.68,6.67,6.66,6.65,6.64,6.63,6.62,6.61,37400,33900,22000,16200,13900,54200,19200,7400,19800,63200,5,13,4,2,51,10,1,5,2,3,26,11,3,4,15,10,13,2,3,2,362.2695035460993,28277.0,-1,-1,-1,-1,-1,-1,-1,-1,0.0,0.0,-1,-1,-1,-1,-1,-1,-1,-1,449,459580,6.7117842377823225,3084601.8,85,9623200,1,1000,6.7117842377823225,6710.0,0,-1,-1,39578.12549784929
20230810093857000,6.71,6.71,6.71,6.71,6.71,6.7,6.7,6.71,6.7,6.71,6.71,6.72,6.73,6.74,6.75,6.76,6.77,6.78,6.79,6.8,32600,164800,45200,42100,20900,2600,10800,43300,75700,13300,6.7,6.69,6.68,6.67,6.66,6.65,6.64,6.63,6.62,6.61,40700,33900,22000,16200,13900,54200,19200,7400,19800,63200,5,13,4,2,51,10,1,5,2,3,26,11,3,4,15,10,13,2,3,2,362.2695035460993,28277.0,-1,-1,-1,-1,-1,-1,-1,-1,0.0,0.0,-1,-1,-1,-1,-1,-1,-1,-1,459,464680,6.7117842377823225,3118818.8,85,9623200,10,5100,6.7117842377823225,34217.0,0,-1,-1,43441.03074717222
20230810093900000,6.71,6.71,6.71,6.71,6.71,6.71,6.71,6.71,6.71,6.71,6.71,6.72,6.73,6.74,6.75,6.76,6.77,6.78,6.79,6.8,32600,164800,45200,45100,20900,2600,10800,43300,75700,13300,6.7,6.69,6.68,6.67,6.66,6.65,6.64,6.63,6.62,6.61,41000,33900,22000,16200,13900,54200,19200,7400,19800,63200,5,13,4,2,51,10,1,5,2,3,26,11,3,4,15,10,13,2,3,2,362.2695035460993,28277.0,-1,-1,-1,-1,-1,-1,-1,-1,0.0,0.0,-1,-1,-1,-1,-1,-1,-1,-1,459,464680,6.7117842377823225,3118818.8,85,9623200,0,0,-1,0.0,0,-1,-1,43671.037119643144
20230810093903000,6.7,6.7,6.7,6.7,6.7,6.7,6.7,6.71,6.7,6.7,6.71,6.72,6.73,6.74,6.75,6.76,6.77,6.78,6.79,6.8,31800,164300,45200,45100,20900,2600,10800,43300,75700,13300,6.7,6.69,6.68,6.67,6.66,6.65,6.64,6.63,6.62,6.61,25900,33900,22000,16200,13900,54200,19200,7400,19800,63200,5,13,4,2,52,10,1,5,2,3,26,11,3,4,15,10,13,2,3,2,362.2695035460993,28277.0,-1,-1,-1,-1,-1,-1,-1,-1,492453.3333333333,0.0,-1,-1,-1,-1,-1,-1,-1,-1,467,482080,6.711350398274145,3235407.8,89,12577920,8,17400,6.70051724137931,116589.0,4,2954720,738680.0,42129.994424087934
20230810093906000,6.7,6.71,6.71,6.71,6.71,6.71,6.71,6.71,6.71,6.71,6.71,6.72,6.73,6.74,6.75,6.76,6.77,6.78,6.79,6.8,31500,167300,45200,45100,20900,2600,10800,43300,75700,13300,6.7,6.69,6.68,6.67,6.66,6.65,6.64,6.63,6.62,6.61,29500,33900,22000,16200,13900,54200,19200,7400,19800,63200,5,13,4,2,52,10,1,5,2,3,26,11,3,4,15,10,13,2,3,2,362.2695035460993,28277.0,-1,-1,-1,-1,-1,-1,-1,-1,492453.3333333333,0.0,-1,-1,-1,-1,-1,-1,-1,-1,468,482380,6.711350398274145,3237420.8,89,12577920,1,300,6.711350398274145,2013.0,0,-1,-1,42700.41022781583
20230810093909000,6.71,6.71,6.71,6.71,6.71,6.71,6.71,6.71,6.71,6.71,6.71,6.72,6.73,6.74,6.75,6.76,6.77,6.78,6.79,6.8,30400,167300,45200,45100,20900,2600,10800,43300,75700,13300,6.7,6.69,6.68,6.67,6.66,6.65,6.64,6.63,6.62,6.61,29500,33900,22000,16200,13900,54200,19200,7400,20800,63200,5,13,4,2,52,10,1,5,2,3,26,11,3,4,15,10,14,2,3,2,362.2695035460993,28277.0,-1,-1,-1,-1,-1,-1,-1,-1,492453.3333333333,0.0,-1,-1,-1,-1,-1,-1,-1,-1,469,483480,6.711350398274145,3244801.8,89,12577920,1,1100,6.711350398274145,7381.0,0,-1,-1,42582.89788115341
20230810093912000,6.71,6.71,6.71,6.71,6.71,6.71,6.71,6.71,6.71,6.71,6.71,6.72,6.73,6.74,6.75,6.76,6.77,6.78,6.79,6.8,30400,167300,45200,45100,20900,2600,10800,43300,75700,13300,6.7,6.69,6.68,6.67,6.66,6.65,6.64,6.63,6.62,6.61,29500,33900,22000,16200,13900,54200,19200,7400,20800,63200,5,13,4,2,52,10,1,5,2,3,26,11,3,4,15,10,14,2,3,2,362.2695035460993,28277.0,-1,-1,-1,-1,-1,-1,-1,-1,492453.3333333333,0.0,-1,-1,-1,-1,-1,-1,-1,-1,469,483480,6.711350398274145,3244801.8,89,12577920,0,0,-1,0.0,0,-1,-1,42582.89788115341
20230810093915000,6.71,6.71,6.71,6.71,6.71,6.71,6.71,6.71,6.71,6.71,6.71,6.72,6.73,6.74,6.75,6.76,6.77,6.78,6.79,6.8,30400,167300,45200,45100,21600,2600,10800,43300,75700,13300,6.7,6.69,6.68,6.67,6.66,6.65,6.64,6.63,6.62,6.61,29500,33900,22000,16200,13900,54200,19200,7400,20800,63200,5,13,4,2,52,10,1,5,2,3,26,11,3,4,15,10,14,2,3,2,362.2695035460993,28277.0,-1,-1,-1,-1,-1,-1,-1,-1,492453.3333333333,0.0,-1,-1,-1,-1,-1,-1,-1,-1,469,483480,6.711350398274145,3244801.8,89,12577920,0,0,-1,0.0,0,-1,-1,42582.89788115341
20230810093918000,6.71,6.71,6.71,6.71,6.71,6.71,6.71,6.71,6.71,6.71,6.71,6.72,6.73,6.74,6.75,6.76,6.77,6.78,6.79,6.8,30400,167300,45200,45100,21600,2600,10800,43300,75700,13300,6.7,6.69,6.68,6.67,6.66,6.65,6.64,6.63,6.62,6.61,29500,33900,22000,16200,13900,54200,19200,7400,20800,63200,5,13,4,2,52,10,1,5,2,3,26,11,3,4,15,10,14,2,3,2,362.2695035460993,28277.0,-1,-1,-1,-1,-1,-1,-1,-1,492453.3333333333,0.0,-1,-1,-1,-1,-1,-1,-1,-1,469,483480,6.711350398274145,3244801.8,89,12577920,0,0,-1,0.0,0,-1,-1,42615.098773299345
20230810093921000,6.71,6.71,6.71,6.71,6.71,6.71,6.71,6.71,6.71,6.71,6.71,6.72,6.73,6.74,6.75,6.76,6.77,6.78,6.79,6.8,30400,167300,45200,45100,21600,2600,10800,43300,75700,13300,6.7,6.69,6.68,6.67,6.66,6.65,6.64,6.63,6.62,6.61,45800,33900,22000,16200,13900,54200,19200,7400,20800,63200,5,13,4,2,52,10,1,5,2,3,26,11,3,4,15,10,14,2,3,2,362.2695035460993,28277.0,-1,-1,-1,-1,-1,-1,-1,-1,492453.3333333333,0.0,-1,-1,-1,-1,-1,-1,-1,-1,469,483480,6.711350398274145,3244801.8,89,12577920,0,0,-1,0.0,0,-1,-1,42615.098773299345
20230810093924000,6.71,6.71,6.71,6.71,6.71,6.71,6.71,6.71,6.71,6.71,6.71,6.72,6.73,6.74,6.75,6.76,6.77,6.78,6.79,6.8,30400,167300,45200,45100,21600,2600,10800,43300,75700,13300,6.7,6.69,6.68,6.67,6.66,6.65,6.64,6.63,6.62,6.61,45800,33900,22000,16200,13900,54200,19200,7400,20800,63200,5,13,4,2,52,10,1,5,2,3,26,11,3,4,15,10,14,2,3,2,362.2695035460993,28277.0,-1,-1,-1,-1,-1,-1,-1,-1,492453.3333333333,0.0,-1,-1,-1,-1,-1,-1,-1,-1,469,483480,6.711350398274145,3244801.8,89,12577920,0,0,-1,0.0,0,-1,-1,44114.74032180978
20230810093927000,6.71,6.71,6.71,6.71,6.71,6.71,6.71,6.71,6.71,6.71,6.71,6.72,6.73,6.74,6.75,6.76,6.77,6.78,6.79,6.8,29200,167300,45200,45100,21600,2600,10800,43300,75700,13300,6.7,6.69,6.68,6.67,6.66,6.65,6.64,6.63,6.62,6.61,45800,33900,22000,16200,14900,54200,19200,7400,20800,63200,5,14,4,2,53,10,1,5,2,3,26,11,3,4,15,10,14,2,3,2,362.2695035460993,28277.0,-1,-1,-1,-1,-1,-1,-1,-1,492453.3333333333,0.0,-1,-1,-1,-1,-1,-1,-1,-1,471,484680,6.711350398274145,3252853.8,89,12577920,2,1200,6.711350398274145,8052.0,0,-1,-1,43949.13573363072
20230810093930000,6.7,6.71,6.71,6.71,6.71,6.7,6.7,6.71,6.7,6.71,6.71,6.72,6.73,6.74,6.75,6.76,6.77,6.78,6.79,6.8,29000,167300,45200,45100,21600,2600,10800,43300,75700,13300,6.7,6.69,6.68,6.67,6.66,6.65,6.64,6.63,6.62,6.61,44300,33900,22000,16200,14900,54200,19200,7400,20800,63200,5,14,4,2,53,10,1,5,2,3,26,11,3,4,15,10,14,2,3,2,362.2695035460993,28277.0,-1,-1,-1,-1,-1,-1,-1,-1,492453.3333333333,0.0,-1,-1,-1,-1,-1,-1,-1,-1,473,486380,6.711336137572683,3264245.8,89,12577920,2,1700,6.711336137572683,11392.0,0,-1,-1,40217.54321331846
20230810093933000,6.7,6.71,6.71,6.71,6.71,6.71,6.71,6.71,6.71,6.71,6.71,6.72,6.73,6.74,6.75,6.76,6.77,6.78,6.79,6.8,29000,167300,45200,45100,22100,2600,10800,43300,75700,13300,6.7,6.69,6.68,6.67,6.66,6.65,6.64,6.63,6.62,6.61,44300,33900,22000,16200,14900,54200,19200,7400,20800,63200,5,14,4,2,53,10,1,5,2,3,26,11,3,4,15,10,14,2,3,2,362.2695035460993,28277.0,-1,-1,-1,-1,-1,-1,-1,-1,492453.3333333333,0.0,-1,-1,-1,-1,-1,-1,-1,-1,473,486380,6.711336137572683,3264245.8,89,12577920,0,0,-1,0.0,0,-1,-1,43822.960809303804
20230810093936000,6.71,6.71,6.71,6.71,6.71,6.71,6.71,6.71,6.71,6.71,6.71,6.72,6.73,6.74,6.75,6.76,6.77,6.78,6.79,6.8,27800,167300,45200,45100,22100,2600,10800,43300,75700,13300,6.7,6.69,6.68,6.67,6.66,6.65,6.64,6.63,6.62,6.61,44300,34400,22000,16200,14900,54200,19200,7400,20800,63200,5,14,4,2,55,10,1,5,2,3,26,11,3,4,15,10,14,2,3,2,362.2695035460993,28277.0,-1,-1,-1,-1,-1,-1,-1,-1,492453.3333333333,0.0,-1,-1,-1,-1,-1,-1,-1,-1,475,487580,6.711336137572683,3272297.8,89,12577920,2,1200,6.711336137572683,8052.0,0,-1,-1,40263.54448781264
