timestamp,preclose,open,high,low,close,preclose_range,open_range,high_range,low_range,close_range,ask_price_0,ask_price_1,ask_price_2,ask_price_3,ask_price_4,ask_price_5,ask_price_6,ask_price_7,ask_price_8,ask_price_9,ask_volume_0,ask_volume_1,ask_volume_2,ask_volume_3,ask_volume_4,ask_volume_5,ask_volume_6,ask_volume_7,ask_volume_8,ask_volume_9,bid_price_0,bid_price_1,bid_price_2,bid_price_3,bid_price_4,bid_price_5,bid_price_6,bid_price_7,bid_price_8,bid_price_9,bid_volume_0,bid_volume_1,bid_volume_2,bid_volume_3,bid_volume_4,bid_volume_5,bid_volume_6,bid_volume_7,bid_volume_8,bid_volume_9,ask_order_num_0,ask_order_num_1,ask_order_num_2,ask_order_num_3,ask_order_num_4,ask_order_num_5,ask_order_num_6,ask_order_num_7,ask_order_num_8,ask_order_num_9,bid_order_num_0,bid_order_num_1,bid_order_num_2,bid_order_num_3,bid_order_num_4,bid_order_num_5,bid_order_num_6,bid_order_num_7,bid_order_num_8,bid_order_num_9,ask_order_stale_0,ask_order_stale_1,ask_order_stale_2,ask_order_stale_3,ask_order_stale_4,ask_order_stale_5,ask_order_stale_6,ask_order_stale_7,ask_order_stale_8,ask_order_stale_9,bid_order_stale_0,bid_order_stale_1,bid_order_stale_2,bid_order_stale_3,bid_order_stale_4,bid_order_stale_5,bid_order_stale_6,bid_order_stale_7,bid_order_stale_8,bid_order_stale_9,order_num,volume,VWAP,amount,passive_num,passive_stale_total,order_num_range,volume_range,VWAP_range,amount_range,passive_num_range,passive_stale_total_range,passive_stale_avg_range,depth
20230621093003000,6.68,6.68,6.68,6.68,6.68,6.69,6.69,6.69,6.68,6.68,6.68,6.69,6.7,6.71,6.72,6.73,6.74,6.75,6.76,6.77,400,9500,15100,3200,20600,26300,41400,41600,15700,58900,6.67,6.66,6.65,6.64,6.63,6.62,6.61,6.6,6.59,6.58,5400,27500,15300,12800,11900,6700,12900,18900,5000,6800,32,8,4,2,13,16,33,8,20,6,2,3,1,1,4,9,15,7,7,6,153612.0,999515.0,-1,-1,-1,-1,-1,-1,-1,-1,-1,-1,-1,-1,-1,-1,-1,-1,-1,-1,26,42900,6.6865634674922605,286784.0,1,410,15,24700,6.681214574898785,165026.0,1,410,410.0,14475.024892464553
20230621093006000,6.67,6.67,6.67,6.67,6.67,6.67,6.67,6.68,6.67,6.67,6.68,6.69,6.7,6.71,6.72,6.73,6.74,6.75,6.76,6.77,38500,9700,15100,3200,20600,29500,41900,94700,20200,59900,6.67,6.66,6.65,6.64,6.63,6.62,6.61,6.6,6.59,6.58,1000,27500,28300,14600,39400,6700,12900,18900,5000,6800,33,9,5,2,13,16,33,8,21,6,2,3,1,1,4,10,15,7,7,6,153612.0,999515.0,-1,-1,-1,-1,-1,-1,-1,-1,679390.0,-1,-1,-1,-1,-1,-1,-1,-1,-1,39,56100,6.682067669172932,374829.0,2,679800,13,13200,6.670075757575757,88045.0,1,679390,679390.0,22986.858770113115
20230621093009000,6.67,6.67,6.67,6.67,6.67,6.67,6.67,6.67,6.66,6.67,6.67,6.68,6.69,6.7,6.71,6.72,6.73,6.74,6.75,6.76,20400,53500,10200,15600,3200,20600,29500,41900,94700,21200,6.66,6.65,6.64,6.63,6.62,6.61,6.6,6.59,6.58,6.57,25500,28300,14600,39400,6700,12900,18900,5000,6800,6000,33,9,5,2,13,16,33,8,21,6,2,2,1,1,4,11,15,7,7,6,123.33333333333333,153612.0,999515.0,-1,-1,-1,-1,-1,-1,-1,-1,-1,-1,-1,-1,-1,-1,-1,-1,-1,67,73000,6.678520547945205,487532.0,10,687160,28,16900,6.668816568047338,112703.0,8,7360,920.0,22733.499283097015
20230621093012000,6.67,6.67,6.67,6.67,6.67,6.67,6.67,6.67,6.67,6.67,6.67,6.68,6.69,6.7,6.71,6.72,6.73,6.74,6.75,6.76,20400,53500,10200,15600,3200,20600,29500,41900,94700,21200,6.66,6.65,6.64,6.63,6.62,6.61,6.6,6.59,6.58,6.57,25500,28300,14600,39400,6700,12900,18900,5000,6800,6000,33,9,5,2,13,16,33,8,21,6,2,2,1,1,4,11,15,7,7,6,123.33333333333333,153612.0,999515.0,-1,-1,-1,-1,-1,-1,-1,-1,-1,-1,-1,-1,-1,-1,-1,-1,-1,67,73000,6.678520547945205,487532.0,10,687160,0,0,-1,0.0,0,-1,-1,22733.499283097015
20230621093015000,6.66,6.67,6.67,6.67,6.67,6.66,6.66,6.67,6.66,6.67,6.67,6.68,6.69,6.7,6.71,6.72,6.73,6.74,6.75,6.76,22400,53500,10200,15600,3200,20600,29500,41900,94700,21200,6.66,6.65,6.64,6.63,6.62,6.61,6.6,6.59,6.58,6.57,25700,28300,14600,39400,6700,12900,18900,5000,6800,6000,33,9,5,2,13,16,33,8,21,6,2,2,1,1,4,11,15,7,7,6,123.33333333333333,153612.0,999515.0,-1,-1,-1,-1,-1,-1,-1,-1,-1,-1,-1,-1,-1,-1,-1,-1,-1,69,73200,6.678483606557377,488865.0,10,687160,2,200,6.678483606557377,1333.0,0,-1,-1,24574.61964314163
20230621093018000,6.67,6.67,6.67,6.67,6.67,6.67,6.67,6.67,6.67,6.67,6.67,6.68,6.69,6.7,6.71,6.72,6.73,6.74,6.75,6.76,22400,54600,10200,15600,3200,20600,29500,41900,94700,21200,6.66,6.65,6.64,6.63,6.62,6.61,6.6,6.59,6.58,6.57,25700,28300,14600,39400,6700,12900,18900,5000,6800,6000,33,9,5,2,13,16,33,8,21,6,2,6,1,1,4,11,15,7,7,6,116.84210526315789,153612.0,999515.0,-1,-1,-1,-1,-1,-1,-1,-1,-1,-1,-1,-1,-1,-1,-1,-1,-1,71,74000,6.678483606557377,494201.0,10,687160,2,800,6.678483606557377,5336.0,0,-1,-1,24772.425123466626
20230621093021000,6.67,6.67,6.67,6.67,6.67,6.67,6.67,6.67,6.67,6.67,6.67,6.68,6.69,6.7,6.71,6.72,6.73,6.74,6.75,6.76,22400,54800,10200,15600,3200,20600,29500,41900,94700,21200,6.66,6.65,6.64,6.63,6.62,6.61,6.6,6.59,6.58,6.57,25700,28300,14600,39400,6700,12900,18900,5000,6800,6000,33,9,5,2,13,16,33,8,21,6,2,6,1,1,4,11,15,7,7,6,116.84210526315789,153612.0,999515.0,-1,-1,-1,-1,-1,-1,-1,-1,-1,-1,-1,-1,-1,-1,-1,-1,-1,71,74000,6.678483606557377,494201.0,10,687160,0,0,-1,0.0,0,-1,-1,24767.824996017207
20230621093024000,6.67,6.68,6.68,6.68,6.68,6.67,6.67,6.68,6.67,6.68,6.67,6.68,6.69,6.7,6.71,6.72,6.73,6.74,6.75,6.76,11400,43400,10200,15600,3200,20600,29500,41900,94700,21200,6.67,6.66,6.65,6.64,6.63,6.62,6.61,6.6,6.59,6.58,100,25700,30300,14600,39400,6700,12900,18900,5000,6800,34,9,5,2,14,16,33,8,21,6,2,8,1,1,4,12,15,7,7,6,113.84615384615384,153612.0,999515.0,-1,-1,-1,-1,-1,-1,-1,136462.0,-1,-1,-1,-1,-1,-1,-1,-1,-1,73,88300,6.67832389580974,589696.0,10,687160,2,14300,6.67832389580974,95495.0,0,-1,-1,20603.47200095587
20230621093027000,6.67,6.68,6.68,6.68,6.68,6.68,6.68,6.68,6.68,6.68,6.67,6.68,6.69,6.7,6.71,6.72,6.73,6.74,6.75,6.76,11400,43400,10200,18600,3200,20600,29500,32800,94700,21200,6.67,6.66,6.65,6.64,6.63,6.62,6.61,6.6,6.59,6.58,300,25700,30300,14600,39400,6700,12900,18900,5000,6800,34,9,5,2,14,16,33,8,21,6,2,10,1,1,4,12,15,7,7,6,113.84615384615384,153612.0,999515.0,-1,-1,-1,-1,-1,-1,-1,136462.0,-1,-1,-1,-1,-1,-1,-1,-1,-1,73,88300,6.67832389580974,589696.0,10,687160,0,0,-1,0.0,0,-1,-1,20554.572247889122
20230621093030000,6.67,6.68,6.68,6.68,6.68,6.68,6.68,6.68,6.68,6.68,6.67,6.68,6.69,6.7,6.71,6.72,6.73,6.74,6.75,6.76,11400,75400,10200,18600,3200,20600,29500,32800,94700,21200,6.67,6.66,6.65,6.64,6.63,6.62,6.61,6.6,6.59,6.58,600,25700,30300,14600,39400,6700,12900,18900,5000,6800,34,9,5,2,14,16,33,8,21,6,2,11,1,1,4,12,15,7,7,6,113.84615384615384,153612.0,999515.0,-1,-1,-1,-1,-1,-1,-1,136462.0,-1,-1,-1,-1,-1,-1,-1,-1,-1,73,88300,6.67832389580974,589696.0,10,687160,0,0,-1,0.0,0,-1,-1,23517.054325314642
20230621093033000,6.68,6.67,6.67,6.67,6.67,6.67,6.67,6.67,6.67,6.67,6.67,6.68,6.69,6.7,6.71,6.72,6.73,6.74,6.75,6.76,11400,77000,10200,18600,3200,20600,29500,32800,96700,21200,6.66,6.65,6.64,6.63,6.62,6.61,6.6,6.59,6.58,6.57,25700,30300,14600,39400,6700,12900,18900,5000,6800,6000,34,9,5,2,14,16,33,8,21,6,2,8,1,1,4,12,15,7,7,6,94.46808510638297,153612.0,999515.0,-1,-1,-1,-1,-1,-1,-1,-1,-1,-1,-1,-1,-1,-1,-1,-1,-1,85,93600,6.677894736842105,625047.0,14,715140,12,5300,6.67,35351.0,4,27980,6995.0,25450.17723434762
20230621093036000,6.67,6.67,6.67,6.67,6.67,6.67,6.67,6.67,6.67,6.67,6.67,6.68,6.69,6.7,6.71,6.72,6.73,6.74,6.75,6.76,10500,77100,10200,18600,3200,20600,29500,32800,96700,21200,6.67,6.66,6.65,6.64,6.63,6.62,6.61,6.6,6.59,6.58,500,25700,30300,34600,39400,6700,12900,18900,5000,6800,34,9,5,2,14,16,33,8,21,6,2,10,1,1,4,12,15,7,7,6,92.5,153612.0,999515.0,-1,-1,-1,-1,-1,-1,-1,50843.57142857143,-1,-1,-1,-1,-1,-1,-1,-1,-1,91,95300,6.677712486883526,636386.0,18,716660,6,1700,6.67,11339.0,4,1520,380.0,24515.281981838463
20230621093039000,6.67,6.67,6.67,6.67,6.67,6.67,6.67,6.67,6.67,6.67,6.67,6.68,6.69,6.7,6.71,6.72,6.73,6.74,6.75,6.76,10300,77100,10200,18600,3200,21300,29500,32800,96700,21200,6.67,6.66,6.65,6.64,6.63,6.62,6.61,6.6,6.59,6.58,400,25700,30300,34600,39400,6700,12900,19400,5000,6800,34,9,5,2,14,16,33,8,21,6,2,11,1,1,4,12,16,7,7,6,90.61224489795919,153612.0,999515.0,-1,-1,-1,-1,-1,-1,-1,47664.0,-1,-1,-1,-1,-1,-1,-1,-1,-1,95,95600,6.677688284518829,638387.0,19,719810,4,300,6.67,2001.0,1,3150,3150.0,24529.082364186717
20230621093042000,6.67,6.67,6.67,6.67,6.67,6.67,6.67,6.67,6.67,6.67,6.67,6.68,6.69,6.7,6.71,6.72,6.73,6.74,6.75,6.76,14900,78100,10200,18600,3200,21300,29500,32800,96700,21200,6.66,6.65,6.64,6.63,6.62,6.61,6.6,6.59,6.58,6.57,30700,30300,34600,39400,6700,12900,19400,5000,6800,6000,34,9,5,2,14,16,33,8,21,6,2,8,1,1,4,12,16,7,7,6,88.8,153612.0,999515.0,-1,-1,-1,-1,-1,-1,-1,-1,-1,-1,-1,-1,-1,-1,-1,-1,-1,99,96000,6.67765625,641055.0,22,734640,4,400,6.67,2668.0,3,14830,4943.333333333333,25610.112314800066
20230621093045000,6.67,6.67,6.67,6.67,6.67,6.67,6.67,6.67,6.67,6.67,6.67,6.68,6.69,6.7,6.71,6.72,6.73,6.74,6.75,6.76,14900,78100,10200,18600,3200,21300,29500,32800,96700,21200,6.67,6.66,6.65,6.64,6.63,6.62,6.61,6.6,6.59,6.58,900,30900,30300,34600,39400,7200,12900,19400,5000,6800,34,9,5,2,14,16,33,8,21,6,2,10,1,1,4,12,16,7,7,6,87.05882352941177,153612.0,999515.0,-1,-1,-1,-1,-1,-1,-1,40543.88888888889,-1,-1,-1,-1,-1,-1,-1,-1,-1,100,97300,6.67765625,649726.0,22,734640,1,1300,6.67765625,8671.0,0,-1,-1,25668.763939780154
20230621093048000,6.67,6.67,6.67,6.67,6.67,6.67,6.67,6.67,6.67,6.67,6.67,6.68,6.69,6.7,6.71,6.72,6.73,6.74,6.75,6.76,14900,78100,10200,18600,3200,21300,29500,32800,96700,21200,6.67,6.66,6.65,6.64,6.63,6.62,6.61,6.6,6.59,6.58,9600,30900,30300,34600,39400,7200,12900,19400,5000,6800,34,9,5,2,14,16,33,8,21,6,2,14,1,1,4,12,16,7,7,6,87.05882352941177,153612.0,999515.0,-1,-1,-1,-1,-1,-1,-1,40543.88888888889,-1,-1,-1,-1,-1,-1,-1,-1,-1,100,97300,6.67765625,649726.0,22,734640,0,0,-1,0.0,0,-1,-1,25843.568782858056
20230621093051000,6.67,6.67,6.67,6.67,6.67,6.67,6.67,6.67,6.67,6.67,6.67,6.68,6.69,6.7,6.71,6.72,6.73,6.74,6.75,6.76,14900,79400,10200,18600,3200,21300,29500,32800,96700,21200,6.67,6.66,6.65,6.64,6.63,6.62,6.61,6.6,6.59,6.58,9600,30900,30300,34600,39400,7200,12900,19400,5000,6800,34,9,5,2,14,16,33,8,21,6,2,15,1,1,4,12,16,7,7,6,87.05882352941177,153612.0,999515.0,-1,-1,-1,-1,-1,-1,-1,40543.88888888889,-1,-1,-1,-1,-1,-1,-1,-1,-1,100,97300,6.67765625,649726.0,22,734640,0,0,-1,0.0,0,-1,-1,26478.386370877808
20230621093054000,6.67,6.67,6.67,6.67,6.67,6.67,6.67,6.67,6.67,6.67,6.67,6.68,6.69,6.7,6.71,6.72,6.73,6.74,6.75,6.76,14900,79400,10200,18600,3200,21300,29500,32800,96700,21200,6.67,6.66,6.65,6.64,6.63,6.62,6.61,6.6,6.59,6.58,10800,30900,30300,34600,39400,7200,12900,19400,5000,8800,34,9,5,2,14,16,33,8,21,6,2,18,1,1,5,12,16,7,7,6,87.05882352941177,153612.0,999515.0,-1,-1,-1,-1,-1,-1,-1,40543.88888888889,-1,-1,-1,-1,-1,-1,-1,-1,-1,100,97300,6.67765625,649726.0,22,734640,0,0,-1,0.0,0,-1,-1,26754.394017842915
20230621093057000,6.67,6.67,6.67,6.67,6.67,6.67,6.67,6.67,6.67,6.67,6.67,6.68,6.69,6.7,6.71,6.72,6.73,6.74,6.75,6.76,14900,79400,10200,18600,3200,21300,29500,32800,96700,21200,6.67,6.66,6.65,6.64,6.63,6.62,6.61,6.6,6.59,6.58,12600,30900,30300,34600,39400,7200,12900,19400,5000,8800,35,9,5,2,14,16,34,8,21,6,2,18,1,1,5,12,16,7,7,6,87.05882352941177,153612.0,999515.0,-1,-1,-1,-1,-1,-1,-1,40543.88888888889,-1,-1,-1,-1,-1,-1,-1,-1,-1,100,97300,6.67765625,649726.0,22,734640,0,0,-1,0.0,0,-1,-1,26754.394017842915
20230621093100000,6.67,6.67,6.67,6.67,6.67,6.67,6.67,6.67,6.67,6.67,6.67,6.68,6.69,6.7,6.71,6.72,6.73,6.74,6.75,6.76,14900,79400,10200,20600,3200,21300,29500,32800,96700,21200,6.67,6.66,6.65,6.64,6.63,6.62,6.61,6.6,6.59,6.58,14300,30900,30300,34600,39400,7200,12900,19400,5000,8800,35,9,5,2,14,16,34,8,21,6,2,21,1,1,5,12,16,7,7,6,87.05882352941177,153612.0,999515.0,-1,-1,-1,-1,-1,-1,-1,40543.88888888889,-1,-1,-1,-1,-1,-1,-1,-1,-1,100,97300,6.67765625,649726.0,22,734640,0,0,-1,0.0,0,-1,-1,27076.402939302214
20230621093103000,6.67,6.67,6.67,6.67,6.67,6.67,6.67,6.67,6.67,6.67,6.67,6.68,6.69,6.7,6.71,6.72,6.73,6.74,6.75,6.76,14900,74900,10200,20600,3200,21300,29500,32800,97400,21200,6.67,6.66,6.65,6.64,6.63,6.62,6.61,6.6,6.59,6.58,13300,30900,30300,34600,39400,7200,12900,19400,5000,8800,35,9,5,2,14,16,34,8,21,6,2,21,1,1,5,12,16,7,7,6,85.38461538461539,153612.0,999515.0,-1,-1,-1,-1,-1,-1,-1,40543.88888888889,-1,-1,-1,-1,-1,-1,-1,-1,-1,101,98300,6.67765625,656396.0,22,734640,1,1000,6.67765625,6670.0,0,-1,-1,26700.11251393978
20230621093106000,6.67,6.68,6.68,6.68,6.68,6.68,6.68,6.68,6.68,6.68,6.67,6.68,6.69,6.7,6.71,6.72,6.73,6.74,6.75,6.76,14800,74800,10200,20600,3200,21300,29500,32800,97400,21200,6.67,6.66,6.65,6.64,6.63,6.62,6.61,6.6,6.59,6.58,14700,35900,30300,34600,39400,7200,12900,19400,5000,8800,35,9,5,2,14,16,34,8,21,6,2,23,1,1,5,12,16,7,7,6,85.38461538461539,153612.0,999515.0,-1,-1,-1,-1,-1,-1,-1,40543.88888888889,-1,-1,-1,-1,-1,-1,-1,-1,-1,102,98400,6.677479674796748,657064.0,22,734640,1,100,6.677479674796748,668.0,0,-1,-1,26805.915445276405
20230621093109000,6.68,6.68,6.68,6.68,6.68,6.68,6.68,6.68,6.68,6.68,6.68,6.69,6.7,6.71,6.72,6.73,6.74,6.75,6.76,6.77,56000,10200,20600,3200,21300,29500,32800,97400,21200,59900,6.68,6.67,6.66,6.65,6.64,6.63,6.62,6.61,6.6,6.59,5300,19300,35900,30300,34600,40400,7200,12900,19400,5000,35,9,5,2,14,16,34,8,21,6,2,26,3,1,5,12,16,7,7,6,118451.81818181818,999515.0,-1,-1,-1,-1,-1,-1,-1,-1,11.08108108108108,40543.88888888889,-1,-1,-1,-1,-1,-1,-1,-1,139,117600,6.6778602243313205,785320.0,28,1269550,37,19200,6.68,128256.0,6,534910,89151.66666666667,27518.45626891828
20230621093112000,6.68,6.68,6.68,6.68,6.68,6.68,6.68,6.68,6.68,6.68,6.68,6.69,6.7,6.71,6.72,6.73,6.74,6.75,6.76,6.77,49600,10500,29700,3200,21300,29500,32800,97400,21200,59900,6.67,6.66,6.65,6.64,6.63,6.62,6.61,6.6,6.59,6.58,21500,35900,30300,34600,47400,7200,12900,19400,5000,8800,35,9,5,2,14,16,34,8,21,6,2,29,4,1,5,12,16,7,7,6,118451.81818181818,999515.0,-1,-1,-1,-1,-1,-1,-1,-1,40543.88888888889,-1,-1,-1,-1,-1,-1,-1,-1,-1,141,124000,6.6778602243313205,828072.0,28,1269550,2,6400,6.6778602243313205,42752.0,0,-1,-1,29454.96654452764
20230621093115000,6.68,6.68,6.68,6.68,6.68,6.68,6.68,6.68,6.68,6.68,6.68,6.69,6.7,6.71,6.72,6.73,6.74,6.75,6.76,6.77,49600,11300,29700,3200,21300,29500,32800,97400,21200,59900,6.67,6.66,6.65,6.64,6.63,6.62,6.61,6.6,6.59,6.58,22400,35900,30300,34600,47400,7200,12900,19400,5000,8800,35,9,5,2,14,16,34,8,21,6,2,29,4,1,5,12,16,7,7,6,108580.83333333333,999515.0,-1,-1,-1,-1,-1,-1,-1,-1,40543.88888888889,-1,-1,-1,-1,-1,-1,-1,-1,-1,142,125300,6.6778602243313205,836756.0,28,1269550,1,1300,6.6778602243313205,8684.0,0,-1,-1,29556.169348414845
20230621093118000,6.68,6.69,6.69,6.69,6.69,6.68,6.68,6.69,6.68,6.69,6.68,6.69,6.7,6.71,6.72,6.73,6.74,6.75,6.76,6.77,47450,9450,29700,3200,21300,29500,32800,102400,21200,59900,6.69,6.67,6.66,6.65,6.64,6.63,6.62,6.61,6.6,6.59,750,22400,35900,30300,34600,47400,7200,12900,19700,5000,35,9,5,2,14,16,34,8,21,6,2,30,3,1,5,12,17,7,7,6,100228.46153846153,999515.0,-1,-1,-1,-1,-1,-1,-1,-1,166501.66666666666,40543.88888888889,-1,-1,-1,-1,-1,-1,-1,-1,144,138050,6.678188166115398,921947.5,29,1277600,2,12750,6.681686274509804,85191.5,1,8050,8050.0,27169.473872869206
20230621093121000,6.68,6.69,6.69,6.69,6.69,6.69,6.69,6.69,6.69,6.69,6.68,6.69,6.7,6.71,6.72,6.73,6.74,6.75,6.76,6.77,47450,9450,29700,3200,21300,39500,32800,102400,21200,59900,6.69,6.67,6.66,6.65,6.64,6.63,6.62,6.61,6.6,6.59,750,22500,35900,33100,34600,47400,7200,12900,19700,5000,35,9,5,2,14,17,34,8,21,6,2,31,3,1,5,12,17,7,7,6,100228.46153846153,999515.0,-1,-1,-1,-1,-1,-1,-1,-1,166501.66666666666,40543.88888888889,-1,-1,-1,-1,-1,-1,-1,-1,144,138050,6.678188166115398,921947.5,29,1277600,0,0,-1,0.0,0,-1,-1,27724.008284212206
20230621093124000,6.69,6.68,6.68,6.68,6.68,6.68,6.68,6.68,6.68,6.68,6.68,6.69,6.7,6.71,6.72,6.73,6.74,6.75,6.76,6.77,47250,9450,29700,3200,21300,39500,32800,102400,21200,59900,6.69,6.67,6.66,6.65,6.64,6.63,6.62,6.61,6.6,6.59,750,24000,35900,33100,34600,47400,7200,12900,19700,5000,35,9,5,2,14,17,34,8,21,6,2,33,3,1,5,13,17,7,7,6,100228.46153846153,999515.0,-1,-1,-1,-1,-1,-1,-1,-1,142715.7142857143,40543.88888888889,-1,-1,-1,-1,-1,-1,-1,-1,145,138250,6.678188166115398,923283.5,29,1277600,1,200,6.678188166115398,1336.0,0,-1,-1,27928.71395571133
20230621093127000,6.69,6.68,6.68,6.68,6.68,6.68,6.68,6.68,6.68,6.68,6.68,6.69,6.7,6.71,6.72,6.73,6.74,6.75,6.76,6.77,47250,9450,29700,3200,21300,39500,32800,103500,21200,59900,6.69,6.67,6.66,6.65,6.64,6.63,6.62,6.61,6.6,6.59,750,28400,35900,33100,34600,47400,7200,12900,19700,5000,35,10,5,2,14,17,34,8,21,6,2,35,3,1,5,13,17,7,7,6,100228.46153846153,999515.0,-1,-1,-1,-1,-1,-1,-1,-1,142715.7142857143,40543.88888888889,-1,-1,-1,-1,-1,-1,-1,-1,145,138250,6.678188166115398,923283.5,29,1277600,0,0,-1,0.0,0,-1,-1,28232.32236737295
20230621093130000,6.68,6.68,6.68,6.68,6.68,6.68,6.68,6.68,6.68,6.68,6.68,6.69,6.7,6.71,6.72,6.73,6.74,6.75,6.76,6.77,22650,9450,29700,3200,21300,39500,32800,103500,21200,59900,6.68,6.67,6.66,6.65,6.64,6.63,6.62,6.61,6.6,6.59,6250,33900,35900,33100,34600,47400,7200,12900,19700,5000,35,10,5,2,14,17,34,8,21,6,2,42,7,1,5,13,17,7,7,6,100228.46153846153,999515.0,-1,-1,-1,-1,-1,-1,-1,-1,201.42857142857142,40543.88888888889,-1,-1,-1,-1,-1,-1,-1,-1,149,162850,6.678188166115398,1087611.5,29,1277600,4,24600,6.678188166115398,164328.0,0,-1,-1,25756.68711167756
20230621093133000,6.69,6.69,6.69,6.69,6.69,6.69,6.69,6.69,6.69,6.69,6.68,6.69,6.7,6.71,6.72,6.73,6.74,6.75,6.76,6.77,20950,7750,29700,3200,21300,39500,32800,103500,21200,59900,6.68,6.67,6.66,6.65,6.64,6.63,6.62,6.61,6.6,6.59,6850,33800,35900,33100,34600,47400,7200,12900,19700,5000,35,10,5,2,15,17,35,8,21,6,2,43,9,1,5,13,17,7,8,6,100228.46153846153,999515.0,-1,-1,-1,-1,-1,-1,-1,-1,201.42857142857142,40543.88888888889,-1,-1,-1,-1,-1,-1,-1,-1,151,164550,6.678188166115398,1098984.5,29,1277600,2,1700,6.678188166115398,11373.0,0,-1,-1,25404.77736179704
20230621093136000,6.69,6.69,6.69,6.69,6.69,6.69,6.69,6.69,6.69,6.69,6.68,6.69,6.7,6.71,6.72,6.73,6.74,6.75,6.76,6.77,20750,7550,29700,3200,21300,39500,32800,103500,21200,59900,6.68,6.67,6.66,6.65,6.64,6.63,6.62,6.61,6.6,6.59,10550,32000,35900,33100,34600,47400,7200,12900,20500,5000,35,10,5,2,15,17,35,8,21,6,2,43,19,1,5,13,17,7,8,6,100228.46153846153,999515.0,-1,-1,-1,-1,-1,-1,-1,-1,201.42857142857142,40543.88888888889,-1,-1,-1,-1,-1,-1,-1,-1,153,164750,6.678188166115398,1100322.5,29,1277600,2,200,6.678188166115398,1338.0,0,-1,-1,25584.18233232436
20230621093139000,6.69,6.69,6.69,6.69,6.69,6.69,6.69,6.69,6.69,6.69,6.68,6.69,6.7,6.71,6.72,6.73,6.74,6.75,6.76,6.77,20750,7550,29700,3200,21300,39500,32800,103500,21200,59900,6.68,6.67,6.66,6.65,6.64,6.63,6.62,6.61,6.6,6.59,12350,30600,35900,33200,34600,47400,7200,12900,20500,5000,35,10,6,2,15,17,35,8,21,6,2,43,22,1,5,14,18,7,8,6,100228.46153846153,999515.0,-1,-1,-1,-1,-1,-1,-1,-1,201.42857142857142,40543.88888888889,-1,-1,-1,-1,-1,-1,-1,-1,153,164750,6.678188166115398,1100322.5,29,1277600,0,0,-1,0.0,0,-1,-1,25677.8576549307
20230621093142000,6.69,6.69,6.69,6.69,6.69,6.69,6.69,6.69,6.69,6.69,6.68,6.69,6.7,6.71,6.72,6.73,6.74,6.75,6.76,6.77,20150,6950,29700,3200,21300,39500,32800,103500,21200,59900,6.68,6.67,6.66,6.65,6.64,6.63,6.62,6.61,6.6,6.59,15750,29600,35900,33200,34600,47400,7200,12900,20500,5000,35,11,6,2,15,17,35,8,21,6,2,43,25,1,5,14,18,7,8,6,100228.46153846153,999515.0,-1,-1,-1,-1,-1,-1,-1,-1,201.42857142857142,40543.88888888889,-1,-1,-1,-1,-1,-1,-1,-1,156,165350,6.678188166115398,1104336.5,29,1277600,3,600,6.678188166115398,4014.0,0,-1,-1,25852.6624980086
20230621093145000,6.69,6.69,6.69,6.69,6.69,6.69,6.69,6.69,6.69,6.69,6.68,6.69,6.7,6.71,6.72,6.73,6.74,6.75,6.76,6.77,20150,7450,29700,3200,21300,39500,32800,103500,21200,59900,6.68,6.67,6.66,6.65,6.64,6.63,6.62,6.61,6.6,6.59,17050,30600,35900,33200,34600,47400,7200,12900,20500,5000,35,11,6,2,15,17,35,8,21,6,2,44,27,1,5,14,18,7,8,6,100228.46153846153,999515.0,-1,-1,-1,-1,-1,-1,-1,-1,201.42857142857142,40543.88888888889,-1,-1,-1,-1,-1,-1,-1,-1,156,165350,6.678188166115398,1104336.5,29,1277600,0,0,-1,0.0,0,-1,-1,25972.265811693487
20230621093148000,6.68,6.69,6.69,6.69,6.69,6.69,6.69,6.69,6.68,6.69,6.68,6.69,6.7,6.71,6.72,6.73,6.74,6.75,6.76,6.77,19150,6450,29700,3200,21300,39500,32800,103500,21200,59900,6.68,6.67,6.66,6.65,6.64,6.63,6.62,6.61,6.6,6.59,24050,30600,35900,34600,34600,47400,7200,12900,20500,5000,35,11,6,2,15,17,35,8,21,6,2,44,31,1,5,14,18,7,8,6,100228.46153846153,999515.0,-1,-1,-1,-1,-1,-1,-1,-1,201.42857142857142,40543.88888888889,-1,-1,-1,-1,-1,-1,-1,-1,159,167250,6.678814881488149,1117038.5,29,1277600,3,1900,6.678814881488149,12702.0,0,-1,-1,26432.278556635334
20230621093151000,6.68,6.68,6.68,6.68,6.68,6.68,6.68,6.68,6.68,6.68,6.68,6.69,6.7,6.71,6.72,6.73,6.74,6.75,6.76,6.77,19150,6250,29700,3200,21300,39500,34500,103500,21200,59900,6.68,6.67,6.66,6.65,6.64,6.63,6.62,6.61,6.6,6.59,18850,32300,35900,34600,34600,47400,7200,12900,20500,8000,35,11,6,2,15,17,35,8,21,6,2,45,24,1,5,15,18,7,8,6,86864.66666666667,999515.0,-1,-1,-1,-1,-1,-1,-1,-1,3035.5102040816328,40543.88888888889,-1,-1,-1,-1,-1,-1,-1,-1,168,169750,6.678871870397644,1133738.5,36,1417880,9,2500,6.68,16700.0,7,140280,20040.0,26235.623108172702
20230621093154000,6.68,6.69,6.69,6.69,6.69,6.69,6.69,6.69,6.69,6.69,6.68,6.69,6.7,6.71,6.72,6.73,6.74,6.75,6.76,6.77,19050,6150,34200,3200,21300,39500,34500,103500,21200,59900,6.68,6.67,6.66,6.65,6.64,6.63,6.62,6.61,6.6,6.59,18950,32300,35900,34600,34600,47400,7200,12900,20500,8000,35,11,6,2,16,17,36,8,21,6,2,45,25,1,5,15,18,7,8,6,86864.66666666667,999515.0,-1,-1,-1,-1,-1,-1,-1,-1,3035.5102040816328,40543.88888888889,-1,-1,-1,-1,-1,-1,-1,-1,169,169850,6.678871870397644,1134407.5,36,1417880,1,100,6.678871870397644,669.0,0,-1,-1,26532.331328660195
20230621093157000,6.69,6.69,6.69,6.69,6.69,6.69,6.69,6.69,6.69,6.69,6.68,6.69,6.7,6.71,6.72,6.73,6.74,6.75,6.76,6.77,14250,1350,34200,3200,23300,39500,34500,107500,21200,59900,6.68,6.67,6.66,6.65,6.64,6.63,6.62,6.61,6.6,6.59,19050,30500,35900,34600,34600,47400,7200,12900,21500,8000,35,11,6,2,16,17,36,8,21,6,2,45,27,1,5,15,19,7,8,6,86864.66666666667,999515.0,-1,-1,-1,-1,-1,-1,-1,-1,3035.5102040816328,40543.88888888889,-1,-1,-1,-1,-1,-1,-1,-1,175,174650,6.678871870397644,1166519.5,36,1417880,6,4800,6.678871870397644,32112.0,0,-1,-1,24089.48940576709
20230621093200000,6.69,6.69,6.69,6.69,6.69,6.69,6.69,6.69,6.69,6.69,6.68,6.7,6.71,6.72,6.73,6.74,6.75,6.76,6.77,6.78,10550,34200,3200,23300,39500,34500,107500,21200,59900,89500,6.68,6.67,6.66,6.65,6.64,6.63,6.62,6.61,6.6,6.59,19050,32300,35900,34600,34600,47400,7200,12900,25500,8000,35,11,6,2,16,17,36,8,21,6,2,47,28,1,5,15,20,7,8,6,86864.66666666667,-1,-1,-1,-1,-1,-1,-1,-1,-1,3035.5102040816328,40543.88888888889,-1,-1,-1,-1,-1,-1,-1,-1,184,178350,6.678871870397644,1191272.5,36,1417880,9,3700,6.678871870397644,24753.0,0,-1,-1,29396.386609845475
20230621093203000,6.69,6.68,6.68,6.68,6.68,6.68,6.68,6.68,6.68,6.68,6.68,6.69,6.7,6.71,6.72,6.73,6.74,6.75,6.76,6.77,10550,200,34200,3200,23300,39500,34500,107500,21200,59900,6.68,6.67,6.66,6.65,6.64,6.63,6.62,6.61,6.6,6.59,18150,32600,35900,34600,34600,47400,7200,12900,25500,8000,35,11,6,2,16,17,36,8,21,6,2,50,31,1,5,15,20,7,8,6,81435.625,999515.0,-1,-1,-1,-1,-1,-1,-1,-1,4266.2,40543.88888888889,-1,-1,-1,-1,-1,-1,-1,-1,186,179950,6.67941372603501,1201960.5,37,1482450,2,1600,6.68,10688.0,1,64570,64570.0,25131.31372470926
20230621093206000,6.68,6.69,6.69,6.69,6.69,6.69,6.69,6.69,6.69,6.69,6.68,6.69,6.7,6.71,6.72,6.73,6.74,6.75,6.76,6.77,9550,2000,34200,3200,23400,39500,34500,107500,21200,59900,6.68,6.67,6.66,6.65,6.64,6.63,6.62,6.61,6.6,6.59,18650,32600,35900,34600,34600,47400,7200,12900,25500,8000,35,11,6,2,16,17,36,8,21,6,2,50,32,1,5,15,20,7,8,6,81435.625,999515.0,-1,-1,-1,-1,-1,-1,-1,-1,4266.2,40543.88888888889,-1,-1,-1,-1,-1,-1,-1,-1,187,180950,6.67941372603501,1208650.5,37,1482450,1,1000,6.67941372603501,6690.0,0,-1,-1,25181.91512665286
20230621093209000,6.68,6.69,6.69,6.69,6.69,6.69,6.69,6.69,6.69,6.69,6.68,6.69,6.7,6.71,6.72,6.73,6.74,6.75,6.76,6.77,9550,2000,34200,3200,23400,59800,34500,107500,21200,59900,6.68,6.67,6.66,6.65,6.64,6.63,6.62,6.61,6.6,6.59,19050,40100,35900,34600,34600,47400,7200,12900,25500,8000,35,11,6,2,16,17,36,8,21,6,2,51,34,1,6,15,20,7,8,6,81435.625,999515.0,-1,-1,-1,-1,-1,-1,-1,-1,4266.2,40543.88888888889,-1,-1,-1,-1,-1,-1,-1,-1,187,180950,6.67941372603501,1208650.5,37,1482450,0,0,-1,0.0,0,-1,-1,26529.423888800386
20230621093212000,6.68,6.69,6.69,6.69,6.69,6.68,6.68,6.69,6.68,6.69,6.68,6.69,6.7,6.71,6.72,6.73,6.74,6.75,6.76,6.77,9350,2300,34200,3200,23400,59800,34500,112500,21200,59900,6.68,6.67,6.66,6.65,6.64,6.63,6.62,6.61,6.6,6.59,18950,40100,35900,36100,34600,47400,7200,12900,25500,8000,35,11,6,2,16,17,36,8,21,6,2,51,33,1,6,16,20,7,8,6,76645.29411764706,999515.0,-1,-1,-1,-1,-1,-1,-1,-1,5564.313725490196,40543.88888888889,-1,-1,-1,-1,-1,-1,-1,-1,190,181250,6.679472521402928,1210656.5,38,1552920,3,300,6.6866666666666665,2006.0,1,70470,70470.0,26708.39075195157
20230621093215000,6.68,6.69,6.69,6.69,6.69,6.69,6.69,6.69,6.69,6.69,6.68,6.69,6.7,6.71,6.72,6.73,6.74,6.75,6.76,6.77,9350,2400,44200,3200,23400,59800,34500,112500,21200,59900,6.68,6.67,6.66,6.65,6.64,6.63,6.62,6.61,6.6,6.59,18950,44900,35900,36100,34600,47400,7200,12900,25500,8000,35,11,6,2,16,17,36,8,21,6,2,53,33,1,6,16,20,7,8,6,76645.29411764706,999515.0,-1,-1,-1,-1,-1,-1,-1,-1,5564.313725490196,40543.88888888889,-1,-1,-1,-1,-1,-1,-1,-1,190,181250,6.679472521402928,1210656.5,38,1552920,0,0,-1,0.0,0,-1,-1,27775.62032021667
20230621093218000,6.68,6.69,6.69,6.69,6.69,6.69,6.69,6.69,6.69,6.69,6.68,6.69,6.7,6.71,6.72,6.73,6.74,6.75,6.76,6.77,9350,9300,44200,3200,23400,59800,34500,112500,21200,59900,6.68,6.67,6.66,6.65,6.64,6.63,6.62,6.61,6.6,6.59,18950,44900,35900,36100,34600,47400,7200,12900,25500,8000,35,11,6,2,16,17,36,8,21,6,2,53,33,1,6,16,20,7,8,6,76645.29411764706,999515.0,-1,-1,-1,-1,-1,-1,-1,-1,5564.313725490196,40543.88888888889,-1,-1,-1,-1,-1,-1,-1,-1,190,181250,6.679472521402928,1210656.5,38,1552920,0,0,-1,0.0,0,-1,-1,28419.638163135256
20230621093221000,6.68,6.68,6.68,6.68,6.68,6.68,6.68,6.68,6.68,6.68,6.68,6.69,6.7,6.71,6.72,6.73,6.74,6.75,6.76,6.77,9350,9300,45400,3200,23400,59800,34500,112500,21200,59900,6.68,6.67,6.66,6.65,6.64,6.63,6.62,6.61,6.6,6.59,18350,44900,35900,36100,34600,47400,7200,12900,25500,8000,35,11,6,2,17,17,36,8,21,6,2,53,33,1,6,16,20,7,8,6,68577.36842105263,999515.0,-1,-1,-1,-1,-1,-1,-1,-1,5564.313725490196,40543.88888888889,-1,-1,-1,-1,-1,-1,-1,-1,192,181850,6.679472521402928,1214664.5,38,1552920,2,600,6.679472521402928,4008.0,0,-1,-1,28364.436633742236
20230621093224000,6.68,6.69,6.69,6.69,6.69,6.68,6.68,6.69,6.68,6.69,6.68,6.69,6.7,6.71,6.72,6.73,6.74,6.75,6.76,6.77,7550,7600,45400,3200,23400,59800,34500,112500,21200,59900,6.68,6.67,6.66,6.65,6.64,6.63,6.62,6.61,6.6,6.59,300,44900,35900,36100,34600,47400,7200,12900,25500,8000,35,11,6,2,17,17,36,8,21,6,2,53,29,1,6,16,20,7,8,6,39483.93939393939,999515.0,-1,-1,-1,-1,-1,-1,-1,-1,10227.32142857143,40543.88888888889,-1,-1,-1,-1,-1,-1,-1,-1,212,202550,6.679627252530239,1352958.5,43,1841870,20,20700,6.6808695652173915,138294.0,5,288950,57790.0,25123.32423928629
20230621093227000,6.68,6.67,6.67,6.67,6.67,6.68,6.68,6.68,6.67,6.67,6.68,6.69,6.7,6.71,6.72,6.73,6.74,6.75,6.76,6.77,12150,7600,45400,3200,23400,59800,34500,112600,21200,59900,6.67,6.66,6.65,6.64,6.63,6.62,6.61,6.6,6.59,6.58,41700,35900,36100,34600,47400,7200,12900,25500,8000,10800,35,11,6,2,17,17,36,8,21,6,2,54,26,1,6,16,20,7,8,6,36197.5,999515.0,-1,-1,-1,-1,-1,-1,-1,-1,40543.88888888889,-1,-1,-1,-1,-1,-1,-1,-1,-1,222,209450,6.679591293833131,1399014.5,47,1877960,10,6900,6.6747826086956525,46056.0,4,36090,9022.5,25750.270830014335
20230621093230000,6.68,6.67,6.67,6.67,6.67,6.67,6.67,6.68,6.67,6.67,6.68,6.69,6.7,6.71,6.72,6.73,6.74,6.75,6.76,6.77,11850,9700,45400,3200,23400,59800,34500,112600,21200,59900,6.67,6.66,6.65,6.64,6.63,6.62,6.61,6.6,6.59,6.58,39700,35900,36100,34600,47400,7700,12900,25500,8000,10800,36,11,6,2,17,17,36,8,21,6,2,52,26,1,6,16,20,7,8,6,36197.5,999515.0,-1,-1,-1,-1,-1,-1,-1,-1,48840.0,-1,-1,-1,-1,-1,-1,-1,-1,-1,228,211850,6.67939702057224,1415026.5,49,2124970,6,2400,6.671666666666667,16012.0,2,247010,123505.0,29207.071451330252
20230621093233000,6.68,6.67,6.67,6.67,6.67,6.67,6.67,6.67,6.67,6.67,6.68,6.69,6.7,6.71,6.72,6.73,6.74,6.75,6.76,6.77,14450,19400,45400,3200,23400,59800,34500,112600,21200,59900,6.67,6.66,6.65,6.64,6.63,6.62,6.61,6.6,6.59,6.58,39900,35900,36100,34600,47400,7700,12900,25500,8000,10800,36,11,6,2,17,17,36,8,21,6,2,53,26,1,6,16,20,7,8,6,36197.5,999515.0,-1,-1,-1,-1,-1,-1,-1,-1,48840.0,-1,-1,-1,-1,-1,-1,-1,-1,-1,228,211850,6.67939702057224,1415026.5,49,2124970,0,0,-1,0.0,0,-1,-1,30660.711725346497
20230621093236000,6.67,6.68,6.68,6.68,6.68,6.68,6.68,6.68,6.68,6.68,6.68,6.69,6.7,6.71,6.72,6.73,6.74,6.75,6.76,6.77,11150,20000,45400,3200,23400,59800,34500,112600,22200,59900,6.67,6.66,6.65,6.64,6.63,6.62,6.61,6.6,6.59,6.58,41300,35900,36100,34600,50400,7700,12900,25500,8000,10800,36,11,7,2,17,17,36,8,21,6,2,54,26,1,6,16,20,7,8,6,31581.190476190477,999515.0,-1,-1,-1,-1,-1,-1,-1,-1,48840.0,-1,-1,-1,-1,-1,-1,-1,-1,-1,235,215150,6.679388798512665,1437070.5,55,2148270,7,3300,6.68,22044.0,6,23300,3883.3333333333335,30415.590648398917
20230621093239000,6.67,6.68,6.68,6.68,6.68,6.68,6.68,6.68,6.68,6.68,6.68,6.69,6.7,6.71,6.72,6.73,6.74,6.75,6.76,6.77,11150,20000,45400,3200,21400,59800,34500,112600,22200,59900,6.68,6.67,6.66,6.65,6.64,6.63,6.62,6.61,6.6,6.59,500,42100,35900,36100,34600,50400,7700,12900,25500,8000,36,11,7,2,17,17,37,8,21,6,2,56,29,1,6,16,20,7,8,6,31581.190476190477,999515.0,-1,-1,-1,-1,-1,-1,-1,-1,9978.360655737704,48840.0,-1,-1,-1,-1,-1,-1,-1,-1,235,215150,6.679388798512665,1437070.5,55,2148270,0,0,-1,0.0,0,-1,-1,27883.723315278003
20230621093242000,6.68,6.69,6.69,6.69,6.69,6.69,6.69,6.69,6.69,6.69,6.68,6.69,6.7,6.71,6.72,6.73,6.74,6.75,6.76,6.77,9550,18400,45400,3200,21400,59800,34500,112600,22200,59900,6.68,6.67,6.66,6.65,6.64,6.63,6.62,6.61,6.6,6.59,700,42100,35900,36100,34600,50400,7700,12900,25500,8000,37,11,7,2,17,17,37,8,21,6,2,56,32,1,6,16,20,7,8,6,31581.190476190477,999515.0,-1,-1,-1,-1,-1,-1,-1,-1,9978.360655737704,48840.0,-1,-1,-1,-1,-1,-1,-1,-1,236,216750,6.67941585535466,1447774.5,55,2148270,1,1600,6.67941585535466,10704.0,0,-1,-1,27552.514138919872
20230621093245000,6.68,6.69,6.69,6.69,6.69,6.69,6.69,6.69,6.69,6.69,6.68,6.69,6.7,6.71,6.72,6.73,6.74,6.75,6.76,6.77,9550,18400,45400,3200,21400,59800,34500,112600,22200,59900,6.68,6.67,6.66,6.65,6.64,6.63,6.62,6.61,6.6,6.59,700,43100,35900,36100,34600,50400,7700,12900,25500,8000,37,11,7,2,17,17,37,8,21,6,2,56,32,1,6,16,20,7,8,6,31581.190476190477,999515.0,-1,-1,-1,-1,-1,-1,-1,-1,9978.360655737704,48840.0,-1,-1,-1,-1,-1,-1,-1,-1,236,216750,6.67941585535466,1447774.5,55,2148270,0,0,-1,0.0,0,-1,-1,27552.514138919872
20230621093248000,6.69,6.68,6.68,6.68,6.68,6.68,6.68,6.68,6.68,6.68,6.68,6.69,6.7,6.71,6.72,6.73,6.74,6.75,6.76,6.77,9550,18400,45400,3200,21400,59800,34500,112600,22200,62900,6.67,6.66,6.65,6.64,6.63,6.62,6.61,6.6,6.59,6.58,43100,35900,36100,34600,50400,7700,12900,25500,8000,10800,37,11,7,2,17,17,37,8,21,6,2,57,33,1,6,16,20,7,8,6,30846.74418604651,999515.0,-1,-1,-1,-1,-1,-1,-1,-1,48840.0,-1,-1,-1,-1,-1,-1,-1,-1,-1,238,221650,6.679467373760664,1480506.5,56,2156410,2,4900,6.68,32732.0,1,8140,8140.0,30339.061255376768
20230621093251000,6.69,6.68,6.68,6.68,6.68,6.68,6.68,6.68,6.68,6.68,6.68,6.69,6.7,6.71,6.72,6.73,6.74,6.75,6.76,6.77,9550,18400,45400,3200,22800,59900,34500,112600,22200,62900,6.67,6.66,6.65,6.64,6.63,6.62,6.61,6.6,6.59,6.58,43100,35900,36100,34600,50400,7700,12900,25500,8000,10800,37,11,7,2,17,17,37,8,21,6,2,57,33,1,6,16,20,7,8,6,30846.74418604651,999515.0,-1,-1,-1,-1,-1,-1,-1,-1,48840.0,-1,-1,-1,-1,-1,-1,-1,-1,-1,238,221650,6.679467373760664,1480506.5,56,2156410,0,0,-1,0.0,0,-1,-1,30389.662657320376
20230621093254000,6.69,6.68,6.68,6.68,6.68,6.68,6.68,6.68,6.68,6.68,6.68,6.69,6.7,6.71,6.72,6.73,6.74,6.75,6.76,6.77,9550,18400,45400,3200,22800,59900,34500,112600,22200,62900,6.67,6.66,6.65,6.64,6.63,6.62,6.61,6.6,6.59,6.58,43100,35900,36100,34600,50400,7700,12900,25500,8000,10800,37,11,7,2,17,17,37,8,21,6,2,57,33,1,6,16,20,7,8,6,30846.74418604651,999515.0,-1,-1,-1,-1,-1,-1,-1,-1,48840.0,-1,-1,-1,-1,-1,-1,-1,-1,-1,238,221650,6.679467373760664,1480506.5,56,2156410,0,0,-1,0.0,0,-1,-1,30389.662657320376
20230621093257000,6.69,6.68,6.68,6.68,6.68,6.68,6.68,6.68,6.68,6.68,6.68,6.69,6.7,6.71,6.72,6.73,6.74,6.75,6.76,6.77,9550,18400,45400,3200,22800,59900,34500,112600,22200,62900,6.67,6.66,6.65,6.64,6.63,6.62,6.61,6.6,6.59,6.58,43100,35900,36100,34600,50400,7700,12900,25500,8000,10800,37,11,7,2,18,17,37,8,21,6,2,57,33,1,6,16,20,7,8,6,30846.74418604651,999515.0,-1,-1,-1,-1,-1,-1,-1,-1,48840.0,-1,-1,-1,-1,-1,-1,-1,-1,-1,238,221650,6.679467373760664,1480506.5,56,2156410,0,0,-1,0.0,0,-1,-1,30393.60562370559
20230621093300000,6.68,6.68,6.68,6.68,6.68,6.68,6.68,6.68,6.68,6.68,6.68,6.69,6.7,6.71,6.72,6.73,6.74,6.75,6.76,6.77,9250,18400,45400,3200,22800,59900,34500,112600,22200,62900,6.68,6.67,6.66,6.65,6.64,6.63,6.62,6.61,6.6,6.59,6100,43100,35900,36100,34600,50400,7700,12900,25500,8000,38,11,7,2,18,17,37,8,22,6,2,57,36,1,6,16,20,7,9,6,30846.74418604651,999515.0,-1,-1,-1,-1,-1,-1,-1,-1,9948.709677419354,48840.0,-1,-1,-1,-1,-1,-1,-1,-1,239,221950,6.679467373760664,1482510.5,56,2156410,1,300,6.679467373760664,2004.0,0,-1,-1,28045.743388561423
20230621093303000,6.68,6.68,6.68,6.68,6.68,6.69,6.69,6.69,6.68,6.68,6.68,6.69,6.7,6.71,6.72,6.73,6.74,6.75,6.76,6.77,6650,25800,45400,3200,22800,59900,34500,112600,22200,62900,6.68,6.67,6.66,6.65,6.64,6.63,6.62,6.61,6.6,6.59,7100,43100,35900,36100,34600,50400,7700,12900,25500,8000,38,11,7,2,18,17,37,8,22,6,2,57,38,1,6,16,20,7,9,6,28835.0,999515.0,-1,-1,-1,-1,-1,-1,-1,-1,11625.692307692309,48840.0,-1,-1,-1,-1,-1,-1,-1,-1,246,227150,6.6796059872331055,1517272.5,59,2295260,7,5200,6.685,34762.0,3,138850,46283.333333333336,28772.563525569545
20230621093306000,6.68,6.68,6.68,6.68,6.68,6.68,6.68,6.68,6.68,6.68,6.68,6.69,6.7,6.71,6.72,6.73,6.74,6.75,6.76,6.77,6650,25800,45400,3200,22800,59900,34500,112600,22200,62900,6.68,6.67,6.66,6.65,6.64,6.63,6.62,6.61,6.6,6.59,800,43100,35900,39400,34600,50400,7700,12900,25500,8000,38,11,7,2,18,17,37,8,22,6,2,57,32,1,6,17,20,7,9,6,27633.541666666668,999515.0,-1,-1,-1,-1,-1,-1,-1,-1,11952.222222222223,48840.0,-1,-1,-1,-1,-1,-1,-1,-1,255,242150,6.679627161008123,1617472.5,66,2400150,9,15000,6.68,100200.0,7,104890,14984.285714285714,30856.378445117094
20230621093309000,6.68,6.68,6.68,6.68,6.68,6.68,6.68,6.68,6.68,6.68,6.68,6.69,6.7,6.71,6.72,6.73,6.74,6.75,6.76,6.77,6650,25800,45400,3200,22800,61900,34500,112600,22200,62900,6.68,6.67,6.66,6.65,6.64,6.63,6.62,6.61,6.6,6.59,1400,43100,35900,39400,34600,50400,7700,12900,25500,8000,39,11,7,2,18,17,37,8,22,6,2,57,35,1,6,17,20,7,9,6,27633.541666666668,999515.0,-1,-1,-1,-1,-1,-1,-1,-1,11952.222222222223,48840.0,-1,-1,-1,-1,-1,-1,-1,-1,255,242150,6.679627161008123,1617472.5,66,2400150,0,0,-1,0.0,0,-1,-1,28340.80870638841
20230621093312000,6.68,6.68,6.68,6.68,6.68,6.68,6.68,6.68,6.68,6.68,6.68,6.69,6.7,6.71,6.72,6.73,6.74,6.75,6.76,6.77,6650,25800,45400,3200,22800,66900,34500,112600,22200,62900,6.68,6.67,6.66,6.65,6.64,6.63,6.62,6.61,6.6,6.59,1100,43100,35900,39400,34600,50400,7700,12900,25500,8000,39,11,7,2,19,17,37,8,22,6,2,57,34,1,6,17,20,7,9,6,26528.2,999515.0,-1,-1,-1,-1,-1,-1,-1,-1,11831.506849315068,48840.0,-1,-1,-1,-1,-1,-1,-1,-1,258,242550,6.679631003916718,1620144.5,67,2403290,3,400,6.68,2672.0,1,3140,3140.0,28501.156006053858
20230621093315000,6.68,6.68,6.68,6.68,6.68,6.68,6.68,6.68,6.68,6.68,6.68,6.69,6.7,6.71,6.72,6.73,6.74,6.75,6.76,6.77,6650,25800,45400,3200,22800,66900,34500,112600,22200,62900,6.68,6.67,6.66,6.65,6.64,6.63,6.62,6.61,6.6,6.59,1100,43100,35900,39400,34600,50400,7700,12900,25500,8000,39,11,7,2,19,17,37,8,22,6,2,57,35,1,6,17,20,7,9,6,26528.2,999515.0,-1,-1,-1,-1,-1,-1,-1,-1,11831.506849315068,48840.0,-1,-1,-1,-1,-1,-1,-1,-1,258,242550,6.679631003916718,1620144.5,67,2403290,0,0,-1,0.0,0,-1,-1,28510.35626095269
20230621093318000,6.68,6.68,6.68,6.68,6.68,6.68,6.68,6.68,6.68,6.68,6.68,6.69,6.7,6.71,6.72,6.73,6.74,6.75,6.76,6.77,6650,31900,45400,3200,22800,66900,34500,112600,22200,62900,6.68,6.67,6.66,6.65,6.64,6.63,6.62,6.61,6.6,6.59,200,43100,35900,39400,34600,50400,7700,12900,25500,8000,39,11,7,2,19,17,37,8,22,6,2,57,34,1,6,17,20,7,9,6,26008.039215686276,999515.0,-1,-1,-1,-1,-1,-1,-1,-1,11728.513513513513,48840.0,-1,-1,-1,-1,-1,-1,-1,-1,260,243450,6.679631763011726,1626156.5,68,2407500,2,900,6.68,6012.0,1,4210,4210.0,28427.553966863154
20230621093321000,6.68,6.68,6.68,6.68,6.68,6.68,6.68,6.68,6.68,6.68,6.68,6.69,6.7,6.71,6.72,6.73,6.74,6.75,6.76,6.77,6650,31900,45400,3200,22800,66900,34500,112900,22200,62900,6.68,6.67,6.66,6.65,6.64,6.63,6.62,6.61,6.6,6.59,200,43100,35900,39400,34600,50400,7700,12900,25500,8000,39,11,7,2,19,17,37,8,22,6,2,57,34,1,6,17,20,7,9,6,26008.039215686276,999515.0,-1,-1,-1,-1,-1,-1,-1,-1,11728.513513513513,48840.0,-1,-1,-1,-1,-1,-1,-1,-1,260,243450,6.679631763011726,1626156.5,68,2407500,0,0,-1,0.0,0,-1,-1,28988.769515692216
20230621093324000,6.68,6.69,6.69,6.69,6.69,6.69,6.69,6.69,6.69,6.69,6.68,6.69,6.7,6.71,6.72,6.73,6.74,6.75,6.76,6.77,6050,33300,46400,3200,22800,66900,34500,112900,22200,62900,6.68,6.67,6.66,6.65,6.64,6.63,6.62,6.61,6.6,6.59,1300,43100,35900,39400,34600,50400,7700,12900,25500,8000,39,11,7,2,19,17,37,8,22,6,2,57,35,1,6,17,20,7,9,6,26008.039215686276,999515.0,-1,-1,-1,-1,-1,-1,-1,-1,11728.513513513513,48840.0,-1,-1,-1,-1,-1,-1,-1,-1,261,244050,6.679631763011726,1630170.5,68,2407500,1,600,6.679631763011726,4014.0,0,-1,-1,29122.173211725352
20230621093327000,6.69,6.68,6.68,6.68,6.68,6.69,6.69,6.69,6.68,6.68,6.68,6.69,6.7,6.71,6.72,6.73,6.74,6.75,6.76,6.77,5450,33000,46400,3200,22800,66900,34500,112900,22200,62900,6.68,6.67,6.66,6.65,6.64,6.63,6.62,6.61,6.6,6.59,1100,43100,35900,43400,34600,50400,7700,12900,25500,8000,39,11,7,2,20,17,37,8,22,6,2,57,37,1,6,18,20,7,9,6,26008.039215686276,999515.0,-1,-1,-1,-1,-1,-1,-1,-1,11728.513513513513,48840.0,-1,-1,-1,-1,-1,-1,-1,-1,263,244650,6.679631763011726,1634181.5,68,2407500,2,600,6.679631763011726,4011.0,0,-1,-1,29269.377290106742
20230621093330000,6.69,6.68,6.68,6.68,6.68,6.68,6.68,6.68,6.68,6.68,6.68,6.69,6.7,6.71,6.72,6.73,6.74,6.75,6.76,6.77,5450,33000,46400,3200,22800,66900,34500,112900,22200,62900,6.68,6.67,6.66,6.65,6.64,6.63,6.62,6.61,6.6,6.59,1100,39800,35900,43400,34600,50400,7700,12900,25500,8000,39,11,7,2,20,17,37,8,22,6,2,57,37,1,6,18,20,7,9,6,26008.039215686276,999515.0,-1,-1,-1,-1,-1,-1,-1,-1,11728.513513513513,48840.0,-1,-1,-1,-1,-1,-1,-1,-1,263,244650,6.679631763011726,1634181.5,68,2407500,0,0,-1,0.0,0,-1,-1,29165.874422494828
20230621093333000,6.69,6.69,6.69,6.69,6.69,6.69,6.69,6.69,6.69,6.69,6.68,6.69,6.7,6.71,6.72,6.73,6.74,6.75,6.76,6.77,4950,35500,46400,3200,22800,66900,34500,112900,22200,62900,6.68,6.67,6.66,6.65,6.64,6.63,6.62,6.61,6.6,6.59,2000,44800,35900,43400,34600,50400,7700,12900,25500,8000,39,11,7,2,20,17,37,8,22,6,2,58,38,1,6,18,20,7,9,6,26008.039215686276,999515.0,-1,-1,-1,-1,-1,-1,-1,-1,11728.513513513513,48840.0,-1,-1,-1,-1,-1,-1,-1,-1,265,245150,6.679631763011726,1637526.5,68,2407500,2,500,6.679631763011726,3345.0,0,-1,-1,29630.48729488609
20230621093336000,6.69,6.69,6.69,6.69,6.69,6.69,6.69,6.69,6.69,6.69,6.68,6.69,6.7,6.71,6.72,6.73,6.74,6.75,6.76,6.77,4050,34600,46400,3200,22800,66900,34500,112900,22200,62900,6.68,6.67,6.66,6.65,6.64,6.63,6.62,6.61,6.6,6.59,3600,44800,35900,43400,34600,50400,7700,12900,25500,8000,39,11,7,2,20,17,37,8,22,6,2,58,39,1,6,18,20,7,9,6,26008.039215686276,999515.0,-1,-1,-1,-1,-1,-1,-1,-1,11728.513513513513,48840.0,-1,-1,-1,-1,-1,-1,-1,-1,268,246050,6.679631763011726,1643547.5,68,2407500,3,900,6.679631763011726,6021.0,0,-1,-1,27629.284490998885
20230621093339000,6.69,6.68,6.68,6.68,6.68,6.68,6.68,6.68,6.68,6.68,6.68,6.69,6.7,6.71,6.72,6.73,6.74,6.75,6.76,6.77,4050,35300,46400,3200,22800,66900,34500,112900,22200,62900,6.68,6.67,6.66,6.65,6.64,6.63,6.62,6.61,6.6,6.59,3100,45300,35900,43400,34600,50400,14700,12900,25500,8000,39,11,7,2,20,17,37,8,22,6,2,59,41,1,6,18,20,7,9,6,25507.884615384617,999515.0,-1,-1,-1,-1,-1,-1,-1,-1,11728.513513513513,48840.0,-1,-1,-1,-1,-1,-1,-1,-1,269,246750,6.679631763011726,1648223.5,68,2407500,1,700,6.679631763011726,4676.0,0,-1,-1,29953.262904253625
20230621093342000,6.69,6.68,6.68,6.68,6.68,6.68,6.68,6.68,6.68,6.68,6.68,6.69,6.7,6.71,6.72,6.73,6.74,6.75,6.76,6.77,4050,35300,46400,3200,22800,66900,34500,112900,22200,62900,6.68,6.67,6.66,6.65,6.64,6.63,6.62,6.61,6.6,6.59,6100,45300,36300,43400,34600,50400,14700,12900,25500,8000,39,11,7,2,20,17,37,8,22,6,2,59,42,1,6,18,20,7,9,6,25507.884615384617,999515.0,-1,-1,-1,-1,-1,-1,-1,-1,11728.513513513513,48840.0,-1,-1,-1,-1,-1,-1,-1,-1,269,246750,6.679631763011726,1648223.5,68,2407500,0,0,-1,0.0,0,-1,-1,30114.267364983272
20230621093345000,6.69,6.68,6.68,6.68,6.68,6.68,6.68,6.68,6.68,6.68,6.68,6.69,6.7,6.71,6.72,6.73,6.74,6.75,6.76,6.77,4050,37500,46400,3200,23000,66900,34500,112900,22200,62900,6.68,6.67,6.66,6.65,6.64,6.63,6.62,6.61,6.6,6.59,6100,46300,38300,43400,34600,50400,14700,12900,25500,8000,39,11,7,2,20,17,37,8,22,6,2,60,44,1,6,18,20,7,9,6,25507.884615384617,999515.0,-1,-1,-1,-1,-1,-1,-1,-1,11728.513513513513,48840.0,-1,-1,-1,-1,-1,-1,-1,-1,269,246750,6.679631763011726,1648223.5,68,2407500,0,0,-1,0.0,0,-1,-1,30527.358809941055
20230621093348000,6.69,6.68,6.68,6.68,6.68,6.68,6.68,6.68,6.68,6.68,6.68,6.69,6.7,6.71,6.72,6.73,6.74,6.75,6.76,6.77,4050,38600,46400,3200,23000,66900,34500,112900,22200,62900,6.68,6.67,6.66,6.65,6.64,6.63,6.62,6.61,6.6,6.59,6200,48300,38300,43400,36100,50400,14700,12900,25500,8000,39,11,8,2,20,17,37,8,22,6,2,61,45,1,6,18,20,7,9,6,25507.884615384617,999515.0,-1,-1,-1,-1,-1,-1,-1,-1,11728.513513513513,48840.0,-1,-1,-1,-1,-1,-1,-1,-1,269,246750,6.679631763011726,1648223.5,68,2407500,0,0,-1,0.0,0,-1,-1,30733.707384100682
20230621093351000,6.68,6.68,6.68,6.68,6.68,6.68,6.68,6.68,6.68,6.68,6.68,6.69,6.7,6.71,6.72,6.73,6.74,6.75,6.76,6.77,4050,38600,46400,3200,23000,66900,34500,112900,22200,62900,6.68,6.67,6.66,6.65,6.64,6.63,6.62,6.61,6.6,6.59,800,48300,38300,43400,36100,50400,14700,12900,25500,8000,40,11,8,2,20,17,37,8,22,6,2,61,37,1,6,18,20,7,9,6,25026.79245283019,999515.0,-1,-1,-1,-1,-1,-1,-1,-1,11623.139534883721,48840.0,-1,-1,-1,-1,-1,-1,-1,-1,282,276350,6.67975936312647,1845951.5,80,2539190,13,29600,6.68,197728.0,12,131690,10974.166666666666,30356.496933248363
20230621093354000,6.68,6.68,6.68,6.68,6.68,6.68,6.68,6.68,6.68,6.68,6.68,6.69,6.7,6.71,6.72,6.73,6.74,6.75,6.76,6.77,3750,44700,46400,3200,23000,66900,34500,112900,22200,62900,6.68,6.67,6.66,6.65,6.64,6.63,6.62,6.61,6.6,6.59,1200,48300,38300,43400,36100,50400,14700,12900,25500,8000,40,11,8,2,20,17,37,8,22,6,2,61,40,1,6,18,20,7,9,6,25026.79245283019,999515.0,-1,-1,-1,-1,-1,-1,-1,-1,11623.139534883721,48840.0,-1,-1,-1,-1,-1,-1,-1,-1,283,276650,6.67975936312647,1847955.5,80,2539190,1,300,6.67975936312647,2004.0,0,-1,-1,26527.569898040463
20230621093357000,6.68,6.69,6.69,6.69,6.69,6.69,6.69,6.69,6.69,6.69,6.68,6.69,6.7,6.71,6.72,6.73,6.74,6.75,6.76,6.77,3650,45000,46400,3200,23000,66900,34500,112900,22200,62900,6.68,6.67,6.66,6.65,6.64,6.63,6.62,6.61,6.6,6.59,4200,48300,41000,43400,36100,50400,14700,12900,25500,8000,40,11,8,2,20,17,37,8,22,6,2,61,41,1,6,18,20,7,9,6,25026.79245283019,999515.0,-1,-1,-1,-1,-1,-1,-1,-1,11623.139534883721,48840.0,-1,-1,-1,-1,-1,-1,-1,-1,284,276750,6.67976332429991,1848624.5,80,2539190,1,100,6.67976332429991,669.0,0,-1,-1,31296.76298390951
20230621093400000,6.69,6.68,6.68,6.68,6.68,6.68,6.68,6.68,6.68,6.68,6.68,6.69,6.7,6.71,6.72,6.73,6.74,6.75,6.76,6.77,3150,45000,46400,3200,23000,66900,34500,112900,22200,62900,6.68,6.67,6.66,6.65,6.64,6.63,6.62,6.61,6.6,6.59,4100,48300,41000,43400,36100,50400,14700,12900,25500,8000,40,11,8,2,20,17,37,8,22,6,2,61,42,1,6,18,20,7,9,6,25026.79245283019,999515.0,-1,-1,-1,-1,-1,-1,-1,-1,11623.139534883721,48840.0,-1,-1,-1,-1,-1,-1,-1,-1,285,277250,6.67976332429991,1851964.5,80,2539190,1,500,6.67976332429991,3340.0,0,-1,-1,31255.361836864744
20230621093403000,6.68,6.68,6.68,6.68,6.68,6.68,6.68,6.68,6.68,6.68,6.68,6.69,6.7,6.71,6.72,6.73,6.74,6.75,6.76,6.77,3150,45000,46400,3200,23100,66900,34500,112900,22200,62900,6.68,6.67,6.66,6.65,6.64,6.63,6.62,6.61,6.6,6.59,5900,48300,41000,43400,36100,50400,14700,12900,25500,8000,40,11,8,2,20,17,37,8,23,6,2,61,44,1,7,18,20,7,9,6,24563.333333333332,999515.0,-1,-1,-1,-1,-1,-1,-1,-1,11623.139534883721,48840.0,-1,-1,-1,-1,-1,-1,-1,-1,286,277350,6.67976332429991,1852632.5,80,2539190,1,100,6.67976332429991,668.0,0,-1,-1,31420.966425043807
20230621093406000,6.68,6.68,6.68,6.68,6.68,6.68,6.68,6.68,6.68,6.68,6.68,6.69,6.7,6.71,6.72,6.73,6.74,6.75,6.76,6.77,3150,45000,46400,4200,23100,67100,34500,112900,22200,62900,6.68,6.67,6.66,6.65,6.64,6.63,6.62,6.61,6.6,6.59,5900,48300,41000,43400,36100,50400,14700,12900,25500,8000,40,11,8,2,20,17,37,8,23,6,2,61,44,1,7,18,20,7,9,6,24563.333333333332,999515.0,-1,-1,-1,-1,-1,-1,-1,-1,11623.139534883721,48840.0,-1,-1,-1,-1,-1,-1,-1,-1,286,277350,6.67976332429991,1852632.5,80,2539190,0,0,-1,0.0,0,-1,-1,31433.45248526366
20230621093409000,6.68,6.69,6.69,6.69,6.69,6.69,6.69,6.69,6.69,6.69,6.68,6.69,6.7,6.71,6.72,6.73,6.74,6.75,6.76,6.77,3050,44900,46400,4700,23100,67100,34500,112900,22200,62900,6.68,6.67,6.66,6.65,6.64,6.63,6.62,6.61,6.6,6.59,5900,48300,41000,43400,36100,50400,14700,12900,25500,8000,40,11,8,2,20,17,37,8,23,6,2,61,44,1,7,18,20,7,9,6,24563.333333333332,999515.0,-1,-1,-1,-1,-1,-1,-1,-1,11623.139534883721,48840.0,-1,-1,-1,-1,-1,-1,-1,-1,287,277450,6.679767525680303,1853301.5,80,2539190,1,100,6.679767525680303,669.0,0,-1,-1,29374.868567787158
20230621093412000,6.69,6.69,6.69,6.69,6.69,6.69,6.69,6.69,6.69,6.69,6.68,6.69,6.7,6.71,6.72,6.73,6.74,6.75,6.76,6.77,2950,44800,46700,4700,23100,92100,34500,112900,22200,62900,6.68,6.67,6.66,6.65,6.64,6.63,6.62,6.61,6.6,6.59,5900,48300,41000,43400,36100,50400,14700,12900,25500,8000,40,11,8,2,20,17,37,8,23,6,2,61,44,1,7,18,20,7,9,6,24563.333333333332,999515.0,-1,-1,-1,-1,-1,-1,-1,-1,11623.139534883721,48840.0,-1,-1,-1,-1,-1,-1,-1,-1,288,277550,6.679771212394163,1853970.5,80,2539190,1,100,6.679771212394163,669.0,0,-1,-1,32455.995101162975
20230621093415000,6.69,6.69,6.69,6.69,6.69,6.69,6.69,6.69,6.69,6.69,6.68,6.69,6.7,6.71,6.72,6.73,6.74,6.75,6.76,6.77,2950,44800,46700,14700,23100,92100,34500,112900,22200,62900,6.68,6.67,6.66,6.65,6.64,6.63,6.62,6.61,6.6,6.59,5900,48300,43000,43400,36100,50400,14700,12900,25500,8000,40,11,8,2,20,17,37,8,23,6,2,61,44,1,7,18,20,7,9,6,24563.333333333332,999515.0,-1,-1,-1,-1,-1,-1,-1,-1,11623.139534883721,48840.0,-1,-1,-1,-1,-1,-1,-1,-1,288,277550,6.679771212394163,1853970.5,80,2539190,0,0,-1,0.0,0,-1,-1,32587.0987334714
20230621093418000,6.69,6.69,6.69,6.69,6.69,6.69,6.69,6.69,6.69,6.69,6.68,6.69,6.7,6.71,6.72,6.73,6.74,6.75,6.76,6.77,2950,44800,47200,14700,23100,92100,34500,112900,22200,62900,6.68,6.67,6.66,6.65,6.64,6.63,6.62,6.61,6.6,6.59,5900,48300,43000,43400,36100,49600,14700,12900,25500,8000,40,11,8,2,20,17,38,8,23,6,2,61,44,1,7,18,20,7,9,6,24563.333333333332,999515.0,-1,-1,-1,-1,-1,-1,-1,-1,11623.139534883721,48840.0,-1,-1,-1,-1,-1,-1,-1,-1,288,277550,6.679771212394163,1853970.5,80,2539190,0,0,-1,0.0,0,-1,-1,33111.51326270511
20230621093421000,6.68,6.68,6.68,6.68,6.68,6.68,6.68,6.68,6.68,6.68,6.68,6.69,6.7,6.71,6.72,6.73,6.74,6.75,6.76,6.77,2650,38800,47400,14700,23100,92100,34500,112900,22200,62900,6.68,6.67,6.66,6.65,6.64,6.63,6.62,6.61,6.6,6.59,4000,48300,43000,43400,36100,49600,14700,12900,25500,8000,40,11,8,2,20,17,38,8,23,6,2,61,44,1,7,18,20,7,9,6,23686.071428571428,999515.0,-1,-1,-1,-1,-1,-1,-1,-1,12220.574712643678,48840.0,-1,-1,-1,-1,-1,-1,-1,-1,292,279550,6.679771869947907,1867330.5,81,2602790,4,2000,6.68,13360.0,1,63600,63600.0,32437.594591365298
20230621093424000,6.68,6.68,6.68,6.68,6.68,6.68,6.68,6.68,6.68,6.68,6.68,6.69,6.7,6.71,6.72,6.73,6.74,6.75,6.76,6.77,2650,39800,47400,14700,23100,92100,34500,112900,22200,62900,6.68,6.67,6.66,6.65,6.64,6.63,6.62,6.61,6.6,6.59,11500,48300,43000,43400,36100,49600,14700,12900,25500,8000,40,11,8,2,20,17,38,8,23,6,2,61,49,1,7,18,20,7,9,6,23686.071428571428,999515.0,-1,-1,-1,-1,-1,-1,-1,-1,12220.574712643678,48840.0,-1,-1,-1,-1,-1,-1,-1,-1,292,279550,6.679771869947907,1867330.5,81,2602790,0,0,-1,0.0,0,-1,-1,33081.61243428389
20230621093427000,6.68,6.68,6.68,6.68,6.68,6.68,6.68,6.68,6.68,6.68,6.68,6.69,6.7,6.71,6.72,6.73,6.74,6.75,6.76,6.77,2650,39800,47400,14800,24600,92100,34500,112900,22200,62900,6.68,6.67,6.66,6.65,6.64,6.63,6.62,6.61,6.6,6.59,19600,48300,43000,43400,36100,49600,14700,12900,25500,8000,40,11,8,2,20,17,38,8,23,6,2,61,57,1,7,18,20,7,9,6,23686.071428571428,999515.0,-1,-1,-1,-1,-1,-1,-1,-1,12220.574712643678,48840.0,-1,-1,-1,-1,-1,-1,-1,-1,292,279550,6.679771869947907,1867330.5,81,2602790,0,0,-1,0.0,0,-1,-1,33993.35769475864
20230621093430000,6.68,6.68,6.68,6.68,6.68,6.68,6.68,6.68,6.68,6.68,6.68,6.69,6.7,6.71,6.72,6.73,6.74,6.75,6.76,6.77,2650,39800,47400,14800,24600,92100,34500,112900,22200,62900,6.68,6.67,6.66,6.65,6.64,6.63,6.62,6.61,6.6,6.59,21600,48300,43000,43400,36100,49600,14700,12900,25500,8000,40,11,8,2,20,17,38,8,23,6,2,61,58,1,7,18,20,7,9,6,23686.071428571428,999515.0,-1,-1,-1,-1,-1,-1,-1,-1,12220.574712643678,48840.0,-1,-1,-1,-1,-1,-1,-1,-1,292,279550,6.679771869947907,1867330.5,81,2602790,0,0,-1,0.0,0,-1,-1,34177.36279273538
20230621093433000,6.69,6.69,6.69,6.69,6.69,6.69,6.69,6.69,6.69,6.69,6.69,6.7,6.71,6.72,6.73,6.74,6.75,6.76,6.77,6.78,38050,47400,14800,24600,92100,34500,112900,22200,62900,98600,6.68,6.67,6.66,6.65,6.64,6.63,6.62,6.61,6.6,6.59,24600,44000,43000,43400,36100,49600,14700,12900,25500,8000,40,11,8,2,20,17,38,8,23,6,2,61,61,1,7,18,20,7,9,6,999515.0,-1,-1,-1,-1,-1,-1,-1,-1,-1,12220.574712643678,48840.0,-1,-1,-1,-1,-1,-1,-1,-1,299,283450,6.6799135650026455,1893421.5,81,2602790,7,3900,6.6799135650026455,26091.0,0,-1,-1,40629.71463278636
20230621093436000,6.69,6.69,6.69,6.69,6.69,6.69,6.69,6.69,6.69,6.69,6.69,6.7,6.71,6.72,6.73,6.74,6.75,6.76,6.77,6.78,38050,47400,14800,24600,92100,34500,112900,22200,62900,98600,6.68,6.67,6.66,6.65,6.64,6.63,6.62,6.61,6.6,6.59,24600,44000,43000,43400,36100,49600,14700,12900,25500,8000,40,11,8,2,20,17,38,8,23,6,2,61,61,1,7,18,20,7,9,6,999515.0,-1,-1,-1,-1,-1,-1,-1,-1,-1,12220.574712643678,48840.0,-1,-1,-1,-1,-1,-1,-1,-1,299,283450,6.6799135650026455,1893421.5,81,2602790,0,0,-1,0.0,0,-1,-1,40629.71463278636
20230621093439000,6.69,6.68,6.68,6.68,6.68,6.68,6.68,6.68,6.68,6.68,6.69,6.7,6.71,6.72,6.73,6.74,6.75,6.76,6.77,6.78,38050,47400,14800,24600,92100,34500,112900,22200,62900,98600,6.68,6.67,6.66,6.65,6.64,6.63,6.62,6.61,6.6,6.59,28900,44000,43000,43400,36100,49600,14700,12900,25500,8000,40,11,9,2,20,17,38,8,23,6,2,61,64,1,7,18,20,7,9,6,999515.0,-1,-1,-1,-1,-1,-1,-1,-1,-1,12220.574712643678,48840.0,-1,-1,-1,-1,-1,-1,-1,-1,300,283550,6.6799135650026455,1894089.5,81,2602790,1,100,6.6799135650026455,668.0,0,-1,-1,41204.730563963676
20230621093442000,6.68,6.69,6.69,6.69,6.69,6.69,6.69,6.69,6.69,6.69,6.69,6.7,6.71,6.72,6.73,6.74,6.75,6.76,6.77,6.78,37950,47400,14800,24600,92100,34500,112900,22200,62900,98600,6.68,6.67,6.66,6.65,6.64,6.63,6.62,6.61,6.6,6.59,32000,44000,43000,43400,36100,49600,14700,12900,25500,8000,40,11,9,2,20,17,38,8,23,6,2,61,66,1,7,18,20,7,9,6,999515.0,-1,-1,-1,-1,-1,-1,-1,-1,-1,12220.574712643678,48840.0,-1,-1,-1,-1,-1,-1,-1,-1,301,283650,6.679917151419002,1894758.5,81,2602790,1,100,6.679917151419002,669.0,0,-1,-1,38792.24350804525
20230621093445000,6.69,6.69,6.69,6.69,6.69,6.69,6.69,6.69,6.69,6.69,6.69,6.7,6.71,6.72,6.73,6.74,6.75,6.76,6.77,6.78,34050,47400,14800,24600,92100,34500,112900,22200,62900,99200,6.68,6.67,6.66,6.65,6.64,6.63,6.62,6.61,6.6,6.59,36000,44000,43000,43400,36100,49600,14700,12900,25500,8000,40,11,9,2,20,17,38,8,23,6,2,61,68,1,7,18,20,7,9,6,999515.0,-1,-1,-1,-1,-1,-1,-1,-1,-1,12220.574712643678,48840.0,-1,-1,-1,-1,-1,-1,-1,-1,311,288950,6.679985994397759,1930215.5,81,2602790,10,5300,6.679985994397759,35457.0,0,-1,-1,41265.786801019596
20230621093448000,6.69,6.69,6.69,6.69,6.69,6.69,6.69,6.69,6.69,6.69,6.69,6.7,6.71,6.72,6.73,6.74,6.75,6.76,6.77,6.78,31650,47400,14800,24600,92100,34500,112900,22200,62900,99200,6.68,6.67,6.66,6.65,6.64,6.63,6.62,6.61,6.6,6.59,37900,44000,43000,43400,36100,49600,14700,12900,25500,8000,40,11,9,2,20,17,38,8,23,6,2,61,71,1,7,18,20,7,9,6,999515.0,-1,-1,-1,-1,-1,-1,-1,-1,-1,12220.574712643678,48840.0,-1,-1,-1,-1,-1,-1,-1,-1,318,291350,6.679985994397759,1946271.5,81,2602790,7,2400,6.679985994397759,16056.0,0,-1,-1,41164.583997132395
20230621093451000,6.69,6.69,6.69,6.69,6.69,6.69,6.69,6.69,6.69,6.69,6.69,6.7,6.71,6.72,6.73,6.74,6.75,6.76,6.77,6.78,31650,47400,14800,24600,92100,34500,112900,22200,62900,99200,6.68,6.67,6.66,6.65,6.64,6.63,6.62,6.61,6.6,6.59,40900,44000,43000,43400,36100,49600,14700,12900,25500,8000,40,11,9,2,20,17,38,8,23,6,2,61,71,1,7,18,20,7,9,6,999515.0,-1,-1,-1,-1,-1,-1,-1,-1,-1,12220.574712643678,48840.0,-1,-1,-1,-1,-1,-1,-1,-1,318,291350,6.679985994397759,1946271.5,81,2602790,0,0,-1,0.0,0,-1,-1,41164.583997132395
20230621093454000,6.69,6.69,6.69,6.69,6.69,6.69,6.69,6.69,6.69,6.69,6.69,6.7,6.71,6.72,6.73,6.74,6.75,6.76,6.77,6.78,31650,47600,14800,24600,92100,34500,112900,22200,62900,99200,6.69,6.68,6.67,6.66,6.65,6.64,6.63,6.62,6.61,6.6,500,40400,44000,43000,40400,36100,49600,14700,12900,25500,40,11,9,2,20,17,38,8,23,6,2,61,72,1,7,18,20,7,9,6,999515.0,-1,-1,-1,-1,-1,-1,-1,-1,-1,14691.323529411764,12220.574712643678,48840.0,-1,-1,-1,-1,-1,-1,-1,318,291350,6.679985994397759,1946271.5,81,2602790,0,0,-1,0.0,0,-1,-1,41274.98705591844
20230621093457000,6.69,6.69,6.69,6.69,6.69,6.69,6.69,6.69,6.69,6.69,6.69,6.7,6.71,6.72,6.73,6.74,6.75,6.76,6.77,6.78,31650,47600,14800,24600,92100,34500,112900,22200,62900,99200,6.69,6.68,6.67,6.66,6.65,6.64,6.63,6.62,6.61,6.6,500,44700,44000,43000,40400,36100,49600,14700,12900,25500,40,11,9,2,20,17,38,8,23,6,2,61,73,1,7,18,20,7,9,6,999515.0,-1,-1,-1,-1,-1,-1,-1,-1,-1,14691.323529411764,12220.574712643678,48840.0,-1,-1,-1,-1,-1,-1,-1,318,291350,6.679985994397759,1946271.5,81,2602790,0,0,-1,0.0,0,-1,-1,38737.3108172694
20230621093500000,6.69,6.69,6.69,6.69,6.69,6.69,6.69,6.69,6.69,6.69,6.69,6.7,6.71,6.72,6.73,6.74,6.75,6.76,6.77,6.78,31550,47600,14800,24600,95100,34500,112900,22200,62900,99200,6.69,6.68,6.67,6.66,6.65,6.64,6.63,6.62,6.61,6.6,500,65200,44000,43000,40400,36100,49600,14700,12900,25500,40,11,9,2,20,17,38,8,23,6,2,61,76,1,7,18,20,7,9,6,999515.0,-1,-1,-1,-1,-1,-1,-1,-1,-1,14478.40579710145,12220.574712643678,48840.0,-1,-1,-1,-1,-1,-1,-1,319,291450,6.679985994397759,1946940.5,81,2602790,1,100,6.679985994397759,669.0,0,-1,-1,40138.04962561734
20230621093503000,6.69,6.69,6.69,6.69,6.69,6.69,6.69,6.69,6.69,6.69,6.69,6.7,6.71,6.72,6.73,6.74,6.75,6.76,6.77,6.78,31550,47600,14800,24600,95100,73500,112900,22200,62900,99200,6.69,6.68,6.67,6.66,6.65,6.64,6.63,6.62,6.61,6.6,100,65000,44000,43000,40400,36100,49600,14700,12900,25500,40,11,9,2,20,17,38,8,23,6,2,61,76,1,7,18,20,7,9,6,666343.3333333334,-1,-1,-1,-1,-1,-1,-1,-1,-1,14478.40579710145,12220.574712643678,48840.0,-1,-1,-1,-1,-1,-1,-1,320,291850,6.679985994397759,1949616.5,81,2602790,1,400,6.679985994397759,2676.0,0,-1,-1,41763.208937390475
20230621093506000,6.69,6.7,6.7,6.7,6.7,6.7,6.7,6.7,6.7,6.7,6.69,6.7,6.71,6.72,6.73,6.74,6.75,6.76,6.77,6.78,31150,47200,14800,24600,95100,73500,113400,22200,62900,99200,6.69,6.68,6.67,6.66,6.65,6.64,6.63,6.62,6.61,6.6,100,65000,44000,43000,40400,36100,49600,14700,12900,25500,40,11,9,2,20,17,38,8,23,6,2,61,76,1,7,18,20,7,9,7,666343.3333333334,-1,-1,-1,-1,-1,-1,-1,-1,-1,14478.40579710145,12220.574712643678,48840.0,-1,-1,-1,-1,-1,-1,-1,321,292250,6.68022754491018,1952296.5,81,2602790,1,400,6.68022754491018,2680.0,0,-1,-1,41671.2063884021
20230621093509000,6.69,6.7,6.7,6.7,6.7,6.7,6.7,6.7,6.7,6.7,6.69,6.7,6.71,6.72,6.73,6.74,6.75,6.76,6.77,6.78,31150,47400,14800,24600,95100,73500,113400,22200,62900,99200,6.69,6.68,6.67,6.66,6.65,6.64,6.63,6.62,6.61,6.6,700,65000,44000,43000,40400,36100,49600,14700,12900,25500,40,11,9,2,20,17,38,8,23,6,2,61,76,1,7,18,20,7,9,7,666343.3333333334,-1,-1,-1,-1,-1,-1,-1,-1,-1,14478.40579710145,12220.574712643678,48840.0,-1,-1,-1,-1,-1,-1,-1,321,292250,6.68022754491018,1952296.5,81,2602790,0,0,-1,0.0,0,-1,-1,41706.8573761351
20230621093512000,6.69,6.7,6.7,6.7,6.7,6.7,6.7,6.7,6.7,6.7,6.69,6.7,6.71,6.72,6.73,6.74,6.75,6.76,6.77,6.78,31150,47500,14800,24600,95100,73500,113400,22200,62900,99200,6.69,6.68,6.67,6.66,6.65,6.64,6.63,6.62,6.61,6.6,2500,60100,44000,43000,40400,36100,49600,14700,12900,25500,40,11,9,2,20,17,38,8,23,6,2,61,76,1,7,18,20,7,9,7,666343.3333333334,-1,-1,-1,-1,-1,-1,-1,-1,-1,14478.40579710145,12220.574712643678,48840.0,-1,-1,-1,-1,-1,-1,-1,321,292250,6.68022754491018,1952296.5,81,2602790,0,0,-1,0.0,0,-1,-1,41598.754381073755
20230621093515000,6.69,6.7,6.7,6.7,6.7,6.7,6.7,6.7,6.7,6.7,6.69,6.7,6.71,6.72,6.73,6.74,6.75,6.76,6.77,6.78,31150,47600,14900,24600,95100,73500,113400,22200,62900,99200,6.69,6.68,6.67,6.66,6.65,6.64,6.63,6.62,6.61,6.6,16000,60100,44000,43000,40400,36100,49600,14700,12900,25500,40,11,9,2,20,17,38,8,23,6,2,61,76,1,7,18,20,7,9,7,666343.3333333334,-1,-1,-1,-1,-1,-1,-1,-1,-1,14478.40579710145,12220.574712643678,48840.0,-1,-1,-1,-1,-1,-1,-1,321,292250,6.68022754491018,1952296.5,81,2602790,0,0,-1,0.0,0,-1,-1,42056.4670622909
20230621093518000,6.69,6.7,6.7,6.7,6.7,6.7,6.7,6.7,6.7,6.7,6.69,6.7,6.71,6.72,6.73,6.74,6.75,6.76,6.77,6.78,31150,53600,14900,25600,96100,73500,113400,22200,62900,99200,6.69,6.68,6.67,6.66,6.65,6.64,6.63,6.62,6.61,6.6,17400,60100,44000,43000,41100,36100,49600,14700,12900,25500,40,11,9,2,20,17,38,8,23,6,2,61,76,1,7,19,20,7,9,7,666343.3333333334,-1,-1,-1,-1,-1,-1,-1,-1,-1,14478.40579710145,12220.574712643678,48840.0,-1,-1,-1,-1,-1,-1,-1,321,292250,6.68022754491018,1952296.5,81,2602790,0,0,-1,0.0,0,-1,-1,43611.31014019436
20230621093521000,6.69,6.7,6.7,6.7,6.7,6.69,6.69,6.7,6.69,6.7,6.69,6.7,6.71,6.72,6.73,6.74,6.75,6.76,6.77,6.78,30950,53400,14900,25600,96100,73500,113400,22200,62900,99700,6.69,6.68,6.67,6.66,6.65,6.64,6.63,6.62,6.61,6.6,10000,60100,44000,43000,41100,36100,49600,14700,12900,25500,40,11,9,2,20,17,38,8,23,6,2,61,76,1,7,19,20,7,9,7,249878.75,-1,-1,-1,-1,-1,-1,-1,-1,-1,14478.40579710145,12220.574712643678,48840.0,-1,-1,-1,-1,-1,-1,-1,327,299850,6.68046888036042,2003142.5,81,2602790,6,7600,6.68046888036042,50846.0,0,-1,-1,40126.39696511073
20230621093524000,6.7,6.7,6.7,6.7,6.7,6.7,6.7,6.7,6.7,6.7,6.69,6.7,6.71,6.72,6.73,6.74,6.75,6.76,6.77,6.78,26150,48600,14900,26600,96100,73500,136400,22200,62900,99700,6.69,6.68,6.67,6.66,6.65,6.64,6.63,6.62,6.61,6.6,10000,70100,44000,43000,41100,36100,49600,14700,12900,25500,40,11,9,2,20,17,38,8,23,6,2,61,76,1,7,19,20,7,9,7,249878.75,-1,-1,-1,-1,-1,-1,-1,-1,-1,14478.40579710145,12220.574712643678,48840.0,-1,-1,-1,-1,-1,-1,-1,328,304650,6.680789430494009,2035302.5,81,2602790,1,4800,6.680789430494009,32160.0,0,-1,-1,42696.93026127131
20230621093527000,6.7,6.7,6.7,6.7,6.7,6.7,6.7,6.7,6.7,6.7,6.69,6.7,6.71,6.72,6.73,6.74,6.75,6.76,6.77,6.78,24550,47100,14900,26600,96100,173500,136400,22200,63100,99700,6.69,6.68,6.67,6.66,6.65,6.64,6.63,6.62,6.61,6.6,47100,70100,44000,43000,41100,36100,49600,14700,12900,25500,40,11,9,2,20,17,38,8,23,6,2,61,77,1,7,19,20,7,9,7,249878.75,-1,-1,-1,-1,-1,-1,-1,-1,-1,14478.40579710145,12220.574712643678,48840.0,-1,-1,-1,-1,-1,-1,-1,329,306250,6.680889795918367,2046022.5,81,2602790,1,1600,6.680889795918367,10720.0,0,-1,-1,50307.118249163614
20230621093530000,6.69,6.69,6.69,6.69,6.69,6.69,6.69,6.69,6.69,6.69,6.69,6.7,6.71,6.72,6.73,6.74,6.75,6.76,6.77,6.78,24550,53200,14900,26600,96100,173500,136400,22200,63100,99700,6.69,6.68,6.67,6.66,6.65,6.64,6.63,6.62,6.61,6.6,46600,70100,44000,43000,41100,36100,49600,14700,12900,25500,40,11,9,2,20,17,38,8,23,6,2,61,77,1,7,19,20,7,9,7,199903.0,-1,-1,-1,-1,-1,-1,-1,-1,-1,14478.40579710145,12220.574712643678,48840.0,-1,-1,-1,-1,-1,-1,-1,331,308150,6.680945967872789,2058733.5,81,2602790,2,1900,6.680945967872789,12711.0,0,-1,-1,50928.135454835116
20230621093533000,6.69,6.7,6.7,6.7,6.7,6.7,6.7,6.7,6.7,6.7,6.69,6.7,6.71,6.72,6.73,6.74,6.75,6.76,6.77,6.78,21750,50400,14900,26600,96100,173500,136400,22200,63100,99700,6.69,6.68,6.67,6.66,6.65,6.64,6.63,6.62,6.61,6.6,46600,70000,44000,43000,41100,36100,49600,14700,12900,25500,40,11,9,2,20,17,38,8,23,6,2,61,77,1,7,19,20,7,9,7,199903.0,-1,-1,-1,-1,-1,-1,-1,-1,-1,14478.40579710145,12220.574712643678,48840.0,-1,-1,-1,-1,-1,-1,-1,332,310950,6.681117543013346,2077493.5,81,2602790,1,2800,6.681117543013346,18760.0,0,-1,-1,47287.15250119484
20230621093536000,6.69,6.69,6.69,6.69,6.69,6.69,6.69,6.69,6.69,6.69,6.69,6.7,6.71,6.72,6.73,6.74,6.75,6.76,6.77,6.78,21750,52500,14900,26600,96100,178500,138400,22200,63100,99700,6.69,6.68,6.67,6.66,6.65,6.64,6.63,6.62,6.61,6.6,43900,70000,44000,43000,41100,36100,49600,14700,12900,25500,40,11,9,2,20,17,39,8,24,6,2,61,77,1,7,19,20,7,9,7,153771.53846153847,-1,-1,-1,-1,-1,-1,-1,-1,-1,14478.40579710145,12220.574712643678,48840.0,-1,-1,-1,-1,-1,-1,-1,335,313650,6.681194006057708,2095556.5,81,2602790,3,2700,6.681194006057708,18063.0,0,-1,-1,50511.166759598535
20230621093539000,6.69,6.69,6.69,6.69,6.69,6.69,6.69,6.69,6.69,6.69,6.69,6.7,6.71,6.72,6.73,6.74,6.75,6.76,6.77,6.78,21750,52500,14900,26600,96100,178500,138400,22200,63100,99700,6.69,6.68,6.67,6.66,6.65,6.64,6.63,6.62,6.61,6.6,45700,70500,44000,43000,41100,36100,49600,14700,12900,25500,40,11,9,2,20,17,39,8,24,6,2,61,78,1,7,19,20,7,9,7,142787.85714285713,-1,-1,-1,-1,-1,-1,-1,-1,-1,14478.40579710145,12220.574712643678,48840.0,-1,-1,-1,-1,-1,-1,-1,336,314350,6.68121361539685,2100239.5,81,2602790,1,700,6.68121361539685,4683.0,0,-1,-1,50435.26465668313
20230621093542000,6.69,6.69,6.69,6.69,6.69,6.69,6.69,6.69,6.69,6.69,6.69,6.7,6.71,6.72,6.73,6.74,6.75,6.76,6.77,6.78,21750,52800,14900,26600,96100,178500,138400,22200,63100,99700,6.69,6.68,6.67,6.66,6.65,6.64,6.63,6.62,6.61,6.6,45400,91100,44000,43000,41100,36100,49600,14700,12900,26200,40,11,9,2,20,17,40,8,24,6,2,61,80,1,7,19,20,7,9,7,133268.66666666666,-1,-1,-1,-1,-1,-1,-1,-1,-1,14478.40579710145,12220.574712643678,48840.0,-1,-1,-1,-1,-1,-1,-1,337,314650,6.681221992690291,2102246.5,81,2602790,1,300,6.681221992690291,2007.0,0,-1,-1,52086.710411024374
20230621093545000,6.69,6.69,6.69,6.69,6.69,6.69,6.69,6.69,6.69,6.69,6.69,6.7,6.71,6.72,6.73,6.74,6.75,6.76,6.77,6.78,21750,52800,14900,26600,96100,178500,138400,22200,63100,99700,6.69,6.68,6.67,6.66,6.65,6.64,6.63,6.62,6.61,6.6,32700,91100,44000,43000,41100,36600,49600,14700,12900,26200,40,11,9,2,20,17,40,8,24,6,2,61,80,1,7,19,21,7,9,7,111057.22222222222,-1,-1,-1,-1,-1,-1,-1,-1,-1,14869.577464788732,12220.574712643678,48840.0,-1,-1,-1,-1,-1,-1,-1,342,327350,6.681562547731786,2187209.5,83,2659520,5,12700,6.69,84963.0,2,56730,28365.0,51641.64808029313
20230621093548000,6.69,6.69,6.69,6.69,6.69,6.69,6.69,6.69,6.69,6.69,6.69,6.7,6.71,6.72,6.73,6.74,6.75,6.76,6.77,6.78,21750,52800,14900,26600,96100,179000,138400,22200,63100,99700,6.69,6.68,6.67,6.66,6.65,6.64,6.63,6.62,6.61,6.6,31400,91100,44000,43000,41100,36600,49600,14700,12900,26200,40,11,9,2,20,17,40,8,24,6,2,61,80,1,7,19,21,7,9,7,99951.5,-1,-1,-1,-1,-1,-1,-1,-1,-1,14869.577464788732,12220.574712643678,48840.0,-1,-1,-1,-1,-1,-1,-1,344,329950,6.681629034702228,2204603.5,83,2659520,2,2600,6.681629034702228,17394.0,0,-1,-1,50851.74048112156
20230621093551000,6.69,6.69,6.69,6.69,6.69,6.69,6.69,6.69,6.69,6.69,6.69,6.7,6.71,6.72,6.73,6.74,6.75,6.76,6.77,6.78,21750,56600,14900,26600,96100,179000,138400,22200,63100,99700,6.69,6.68,6.67,6.66,6.65,6.64,6.63,6.62,6.61,6.6,32400,91100,44000,43000,41100,36600,49600,14700,12900,26200,40,11,9,2,20,17,41,8,24,6,2,61,80,1,7,19,21,7,9,7,95191.90476190476,-1,-1,-1,-1,-1,-1,-1,-1,-1,14869.577464788732,12220.574712643678,48840.0,-1,-1,-1,-1,-1,-1,-1,345,331050,6.681656849418517,2211962.5,83,2659520,1,1100,6.681656849418517,7359.0,0,-1,-1,51293.352716265734
20230621093554000,6.69,6.69,6.69,6.69,6.69,6.69,6.69,6.69,6.69,6.69,6.69,6.7,6.71,6.72,6.73,6.74,6.75,6.76,6.77,6.78,21750,56600,14900,26600,96100,179000,138400,22200,63100,99700,6.69,6.68,6.67,6.66,6.65,6.64,6.63,6.62,6.61,6.6,32000,91100,44000,43000,41100,36600,49600,14700,12900,26200,40,11,9,2,20,17,41,8,24,6,2,61,80,1,7,19,21,7,9,7,90865.0,-1,-1,-1,-1,-1,-1,-1,-1,-1,14869.577464788732,12220.574712643678,48840.0,-1,-1,-1,-1,-1,-1,-1,346,331450,6.681666918087193,2214638.5,83,2659520,1,400,6.681666918087193,2676.0,0,-1,-1,51348.55424565876
20230621093557000,6.7,6.7,6.7,6.7,6.7,6.7,6.7,6.7,6.7,6.7,6.69,6.7,6.71,6.72,6.73,6.74,6.75,6.76,6.77,6.78,21550,56400,14900,26600,99100,179000,138400,22200,63100,99700,6.69,6.68,6.67,6.66,6.65,6.64,6.63,6.62,6.61,6.6,32400,91100,44000,43000,42100,36600,49600,14700,12900,26200,40,11,9,2,20,17,41,8,24,6,2,61,80,1,7,20,21,7,9,7,90865.0,-1,-1,-1,-1,-1,-1,-1,-1,-1,14869.577464788732,12220.574712643678,48840.0,-1,-1,-1,-1,-1,-1,-1,348,331650,6.681666918087193,2215978.5,83,2659520,2,200,6.681666918087193,1340.0,0,-1,-1,47600.771666401146
20230621093600000,6.7,6.7,6.7,6.7,6.7,6.69,6.69,6.7,6.69,6.7,6.69,6.7,6.71,6.72,6.73,6.74,6.75,6.76,6.77,6.78,21050,58800,14900,26600,99100,179000,138400,22200,63100,99700,6.69,6.68,6.67,6.66,6.65,6.64,6.63,6.62,6.61,6.6,38700,91300,44000,43000,42100,36600,49600,14700,12900,26200,40,11,9,2,20,17,42,8,24,6,2,61,82,1,7,20,21,7,9,7,79961.2,-1,-1,-1,-1,-1,-1,-1,-1,-1,14462.739726027397,12220.574712643678,48840.0,-1,-1,-1,-1,-1,-1,-1,358,332450,6.6816854948034345,2221335.5,85,2659560,10,800,6.69625,5357.0,2,40,20.0,48198.32822208061
20230621093603000,6.69,6.69,6.69,6.69,6.69,6.69,6.69,6.69,6.69,6.69,6.69,6.7,6.71,6.72,6.73,6.74,6.75,6.76,6.77,6.78,9350,58700,14900,26600,99100,179000,138400,22200,63100,99700,6.69,6.68,6.67,6.66,6.65,6.64,6.63,6.62,6.61,6.6,29900,97400,44000,43000,42100,36600,49600,14700,21900,26200,40,11,9,2,20,17,42,8,24,6,2,61,87,1,7,20,21,7,9,7,79961.2,-1,-1,-1,-1,-1,-1,-1,-1,-1,13535.641025641025,12220.574712643678,48840.0,-1,-1,-1,-1,-1,-1,-1,367,346650,6.6816854948034345,2316333.5,85,2659560,9,14200,6.6816854948034345,94998.0,0,-1,-1,49020.37099729169
20230621093606000,6.68,6.68,6.68,6.68,6.68,6.68,6.68,6.68,6.68,6.68,6.69,6.7,6.71,6.72,6.73,6.74,6.75,6.76,6.77,6.78,11450,63700,14900,26600,99100,180300,138400,22200,63100,99700,6.69,6.68,6.67,6.66,6.65,6.64,6.63,6.62,6.61,6.6,19200,86900,44000,43000,41300,36600,49600,14700,21900,26200,40,11,9,2,20,17,42,8,25,6,2,61,86,1,7,20,21,7,9,7,79961.2,-1,-1,-1,-1,-1,-1,-1,-1,-1,13535.641025641025,15760.337078651686,48840.0,-1,-1,-1,-1,-1,-1,-1,371,357350,6.681991045193787,2387809.5,87,2999040,4,10700,6.68,71476.0,2,339480,169740.0,42860.98952525092
20230621093609000,6.68,6.69,6.69,6.69,6.69,6.69,6.69,6.69,6.69,6.69,6.69,6.7,6.71,6.72,6.73,6.74,6.75,6.76,6.77,6.78,9350,63700,14900,26600,99100,180300,138400,22200,63100,99700,6.69,6.68,6.67,6.66,6.65,6.64,6.63,6.62,6.61,6.6,17000,87000,53600,43000,41300,36600,49600,14700,21900,26200,40,11,9,2,20,17,42,8,25,6,2,62,87,1,7,20,21,7,9,7,79961.2,-1,-1,-1,-1,-1,-1,-1,-1,-1,13535.641025641025,15760.337078651686,48840.0,-1,-1,-1,-1,-1,-1,-1,372,359550,6.681991045193787,2402527.5,87,2999040,1,2200,6.681991045193787,14718.0,0,-1,-1,46597.68101800222
20230621093612000,6.68,6.69,6.69,6.69,6.69,6.69,6.69,6.69,6.69,6.69,6.69,6.7,6.71,6.72,6.73,6.74,6.75,6.76,6.77,6.78,14350,63700,14900,26600,99100,180300,138400,22200,63100,99700,6.69,6.68,6.67,6.66,6.65,6.64,6.63,6.62,6.61,6.6,17000,88000,53600,43000,41300,36600,49600,14700,21900,26200,40,11,9,2,20,17,42,8,25,6,2,62,89,1,7,20,21,7,9,7,79961.2,-1,-1,-1,-1,-1,-1,-1,-1,-1,13535.641025641025,15760.337078651686,48840.0,-1,-1,-1,-1,-1,-1,-1,372,359550,6.681991045193787,2402527.5,87,2999040,0,0,-1,0.0,0,-1,-1,50240.60458817907
20230621093615000,6.69,6.69,6.69,6.69,6.69,6.69,6.69,6.69,6.69,6.69,6.69,6.7,6.71,6.72,6.73,6.74,6.75,6.76,6.77,6.78,14250,63700,14900,26600,99100,180300,138400,22200,63100,99700,6.69,6.68,6.67,6.66,6.65,6.64,6.63,6.62,6.61,6.6,17000,88500,53600,43000,41300,36600,49600,14700,21900,26200,40,11,9,2,20,17,42,8,25,6,2,62,91,1,7,20,21,7,9,7,79961.2,-1,-1,-1,-1,-1,-1,-1,-1,-1,13364.303797468354,15760.337078651686,48840.0,-1,-1,-1,-1,-1,-1,-1,373,359650,6.681991045193787,2403196.5,87,2999040,1,100,6.681991045193787,669.0,0,-1,-1,50268.205352875586
20230621093618000,6.68,6.69,6.69,6.69,6.69,6.68,6.68,6.69,6.68,6.69,6.69,6.7,6.71,6.72,6.73,6.74,6.75,6.76,6.77,6.78,10950,63700,14900,26600,99100,180300,138400,22200,63100,99700,6.69,6.68,6.67,6.66,6.65,6.64,6.63,6.62,6.61,6.6,10000,85500,57000,43000,41300,36600,49600,14700,21900,26200,41,11,9,2,20,17,42,8,25,6,2,63,91,1,7,20,21,7,9,7,79961.2,-1,-1,-1,-1,-1,-1,-1,-1,-1,13364.303797468354,15760.337078651686,48840.0,-1,-1,-1,-1,-1,-1,-1,375,366650,6.682025368812905,2449996.5,87,2999040,2,7000,6.682025368812905,46800.0,0,-1,-1,46947.290704158026
20230621093621000,6.68,6.69,6.69,6.69,6.69,6.69,6.69,6.69,6.69,6.69,6.69,6.7,6.71,6.72,6.73,6.74,6.75,6.76,6.77,6.78,10950,63700,14900,26600,99100,180300,138400,22200,63100,99700,6.69,6.68,6.67,6.66,6.65,6.64,6.63,6.62,6.61,6.6,10000,85500,57000,43000,41300,36600,49600,14700,21900,26200,41,11,9,2,20,17,42,8,25,6,2,63,91,1,7,20,21,7,9,7,79961.2,-1,-1,-1,-1,-1,-1,-1,-1,-1,13364.303797468354,15760.337078651686,48840.0,-1,-1,-1,-1,-1,-1,-1,375,366650,6.682025368812905,2449996.5,87,2999040,0,0,-1,0.0,0,-1,-1,46947.290704158026
20230621093624000,6.68,6.69,6.69,6.69,6.69,6.69,6.69,6.69,6.69,6.69,6.69,6.7,6.71,6.72,6.73,6.74,6.75,6.76,6.77,6.78,10950,63700,14900,26600,99100,180300,138400,22200,63100,99700,6.69,6.68,6.67,6.66,6.65,6.64,6.63,6.62,6.61,6.6,10000,97300,57000,43000,42300,36600,49600,14700,21900,26200,41,11,9,2,20,17,42,8,25,6,2,63,93,1,7,20,21,7,9,7,79961.2,-1,-1,-1,-1,-1,-1,-1,-1,-1,13364.303797468354,15760.337078651686,48840.0,-1,-1,-1,-1,-1,-1,-1,375,366650,6.682025368812905,2449996.5,87,2999040,0,0,-1,0.0,0,-1,-1,49963.67691572406
20230621093627000,6.69,6.68,6.68,6.68,6.68,6.68,6.68,6.68,6.68,6.68,6.69,6.7,6.71,6.72,6.73,6.74,6.75,6.76,6.77,6.78,11150,63700,14900,26600,99100,180300,138400,22200,63100,99700,6.69,6.68,6.67,6.66,6.65,6.64,6.63,6.62,6.61,6.6,9000,96300,57000,43000,42300,36600,49600,14700,21900,26200,41,11,9,2,20,17,42,8,25,6,2,63,93,1,7,21,21,7,9,7,79961.2,-1,-1,-1,-1,-1,-1,-1,-1,-1,13364.303797468354,15760.337078651686,48840.0,-1,-1,-1,-1,-1,-1,-1,376,367650,6.682106623147015,2456676.5,87,2999040,1,1000,6.682106623147015,6680.0,0,-1,-1,42941.820336147845
20230621093630000,6.69,6.68,6.68,6.68,6.68,6.68,6.68,6.68,6.68,6.68,6.69,6.7,6.71,6.72,6.73,6.74,6.75,6.76,6.77,6.78,11250,65500,14900,26600,99100,180300,138400,22200,63100,99700,6.69,6.68,6.67,6.66,6.65,6.64,6.63,6.62,6.61,6.6,9000,96400,57000,43600,42300,36600,49600,14700,21900,26200,41,11,9,2,20,17,42,8,25,6,2,63,93,1,7,21,21,7,9,7,79961.2,-1,-1,-1,-1,-1,-1,-1,-1,-1,13364.303797468354,15760.337078651686,48840.0,-1,-1,-1,-1,-1,-1,-1,376,367650,6.682106623147015,2456676.5,87,2999040,0,0,-1,0.0,0,-1,-1,50076.70861876693
20230621093633000,6.69,6.68,6.68,6.68,6.68,6.68,6.68,6.68,6.68,6.68,6.69,6.7,6.71,6.72,6.73,6.74,6.75,6.76,6.77,6.78,11350,65500,14900,26600,99100,180300,138400,22200,63100,99700,6.69,6.68,6.67,6.66,6.65,6.64,6.63,6.62,6.61,6.6,9000,96300,57000,43600,42300,36600,49600,14700,21900,26200,42,11,9,2,20,17,42,8,25,6,2,63,94,1,7,21,21,7,9,7,79961.2,-1,-1,-1,-1,-1,-1,-1,-1,-1,13364.303797468354,15760.337078651686,48840.0,-1,-1,-1,-1,-1,-1,-1,376,367650,6.682106623147015,2456676.5,87,2999040,0,0,-1,0.0,0,-1,-1,50076.70861876693
20230621093636000,6.68,6.69,6.69,6.69,6.69,6.69,6.69,6.69,6.69,6.69,6.69,6.7,6.71,6.72,6.73,6.74,6.75,6.76,6.77,6.78,13850,65500,14900,26600,99100,180300,138400,22200,63100,99700,6.69,6.68,6.67,6.66,6.65,6.64,6.63,6.62,6.61,6.6,9000,96000,57000,44100,42400,36600,49600,14700,21900,26200,42,12,9,2,20,17,42,8,25,6,2,63,94,1,7,22,21,7,9,7,79961.2,-1,-1,-1,-1,-1,-1,-1,-1,-1,13197.25,15760.337078651686,48840.0,-1,-1,-1,-1,-1,-1,-1,377,367750,6.682106623147015,2457345.5,87,2999040,1,100,6.682106623147015,669.0,0,-1,-1,50418.76095268441
20230621093639000,6.68,6.69,6.69,6.69,6.69,6.69,6.69,6.69,6.69,6.69,6.69,6.7,6.71,6.72,6.73,6.74,6.75,6.76,6.77,6.78,13850,65500,14900,26600,99100,180300,138400,22200,63100,101700,6.69,6.68,6.67,6.66,6.65,6.64,6.63,6.62,6.61,6.6,9000,96000,57000,44100,42400,36600,49600,14700,37200,26200,42,12,9,2,20,17,42,8,25,6,2,63,94,1,7,22,21,7,9,7,79961.2,-1,-1,-1,-1,-1,-1,-1,-1,-1,13197.25,15760.337078651686,48840.0,-1,-1,-1,-1,-1,-1,-1,377,367750,6.682106623147015,2457345.5,87,2999040,0,0,-1,0.0,0,-1,-1,50825.6631352557
20230621093642000,6.69,6.68,6.68,6.68,6.68,6.68,6.68,6.68,6.68,6.68,6.69,6.7,6.71,6.72,6.73,6.74,6.75,6.76,6.77,6.78,15850,65500,14900,26600,99100,180300,138400,22200,63100,101700,6.69,6.68,6.67,6.66,6.65,6.64,6.63,6.62,6.61,6.6,8900,95900,57000,44100,44400,36600,49600,14700,37200,26200,42,12,9,2,20,17,42,8,25,6,2,63,94,1,7,23,21,7,9,7,79961.2,-1,-1,-1,-1,-1,-1,-1,-1,-1,13197.25,15760.337078651686,48840.0,-1,-1,-1,-1,-1,-1,-1,378,367850,6.682108196275656,2458013.5,87,2999040,1,100,6.682108196275656,668.0,0,-1,-1,43709.83252349848
20230621093645000,6.68,6.68,6.68,6.68,6.68,6.68,6.68,6.68,6.68,6.68,6.69,6.7,6.71,6.72,6.73,6.74,6.75,6.76,6.77,6.78,15850,65500,15200,26700,99100,180300,138400,22200,63100,101700,6.69,6.68,6.67,6.66,6.65,6.64,6.63,6.62,6.61,6.6,8800,95800,57000,44100,44400,36600,49600,14700,37200,26200,42,12,9,2,20,17,42,8,25,6,2,63,94,1,7,23,21,7,9,7,79961.2,-1,-1,-1,-1,-1,-1,-1,-1,-1,13197.25,15760.337078651686,48840.0,-1,-1,-1,-1,-1,-1,-1,379,367950,6.682107623318386,2458681.5,87,2999040,1,100,6.682107623318386,668.0,0,-1,-1,51204.032579257604
20230621093648000,6.68,6.68,6.68,6.68,6.68,6.68,6.68,6.68,6.68,6.68,6.69,6.7,6.71,6.72,6.73,6.74,6.75,6.76,6.77,6.78,15850,65500,15200,26700,99100,180300,138400,22200,63100,101700,6.69,6.68,6.67,6.66,6.65,6.64,6.63,6.62,6.61,6.6,8800,96000,57200,44100,44400,36600,49600,14700,37200,26200,42,12,9,2,20,17,42,8,25,6,2,64,95,1,7,23,21,7,9,7,79961.2,-1,-1,-1,-1,-1,-1,-1,-1,-1,13197.25,15760.337078651686,48840.0,-1,-1,-1,-1,-1,-1,-1,379,367950,6.682107623318386,2458681.5,87,2999040,0,0,-1,0.0,0,-1,-1,51249.57384100685
20230621093651000,6.68,6.68,6.68,6.68,6.68,6.68,6.68,6.68,6.68,6.68,6.69,6.7,6.71,6.72,6.73,6.74,6.75,6.76,6.77,6.78,15850,65500,15200,26700,99100,180300,138400,22200,64100,101700,6.69,6.68,6.67,6.66,6.65,6.64,6.63,6.62,6.61,6.6,8800,96200,57200,44100,44400,37100,49600,14700,37200,26200,42,12,9,2,20,17,42,8,25,6,2,64,96,1,7,23,21,7,9,7,79961.2,-1,-1,-1,-1,-1,-1,-1,-1,-1,13197.25,15760.337078651686,48840.0,-1,-1,-1,-1,-1,-1,-1,379,367950,6.682107623318386,2458681.5,87,2999040,0,0,-1,0.0,0,-1,-1,51308.225465986936
20230621093654000,6.68,6.68,6.68,6.68,6.68,6.68,6.68,6.68,6.68,6.68,6.69,6.7,6.71,6.72,6.73,6.74,6.75,6.76,6.77,6.78,15850,65500,15200,31700,99100,180300,138400,22200,64100,101700,6.69,6.68,6.67,6.66,6.65,6.64,6.63,6.62,6.61,6.6,8800,96200,57200,44100,44400,37100,49600,14700,37200,26200,42,12,9,2,20,17,42,8,25,6,2,64,96,1,8,23,21,7,9,7,79961.2,-1,-1,-1,-1,-1,-1,-1,-1,-1,13197.25,15760.337078651686,48840.0,-1,-1,-1,-1,-1,-1,-1,379,367950,6.682107623318386,2458681.5,87,2999040,0,0,-1,0.0,0,-1,-1,51308.225465986936
20230621093657000,6.68,6.69,6.69,6.69,6.69,6.68,6.68,6.69,6.68,6.69,6.69,6.7,6.71,6.72,6.73,6.74,6.75,6.76,6.77,6.78,15650,65500,15200,31700,99100,180300,138400,23200,64200,101700,6.69,6.68,6.67,6.66,6.65,6.64,6.63,6.62,6.61,6.6,7900,95300,57200,44100,44400,37100,49600,14700,37200,26200,42,12,9,2,20,17,42,8,25,6,2,64,96,1,8,23,21,7,9,7,79961.2,-1,-1,-1,-1,-1,-1,-1,-1,-1,12720.240963855422,15760.337078651686,48840.0,-1,-1,-1,-1,-1,-1,-1,383,370450,6.682102480683205,2475397.5,87,2999040,4,2500,6.682102480683205,16716.0,0,-1,-1,51514.15783813923
20230621093700000,6.69,6.68,6.68,6.68,6.68,6.68,6.68,6.68,6.68,6.68,6.69,6.7,6.71,6.72,6.73,6.74,6.75,6.76,6.77,6.78,15650,65500,15200,31700,99100,180300,138400,23200,64200,101700,6.69,6.68,6.67,6.66,6.65,6.64,6.63,6.62,6.61,6.6,6900,96000,57200,44100,44400,37100,49600,14700,37200,26200,42,12,9,2,20,17,42,8,25,6,2,64,97,1,8,23,21,7,9,7,79961.2,-1,-1,-1,-1,-1,-1,-1,-1,-1,12720.240963855422,15760.337078651686,48840.0,-1,-1,-1,-1,-1,-1,-1,384,371450,6.682130838605465,2482077.5,87,2999040,1,1000,6.682130838605465,6680.0,0,-1,-1,51401.45471562848
20230621093703000,6.68,6.68,6.68,6.68,6.68,6.68,6.68,6.68,6.68,6.68,6.69,6.7,6.71,6.72,6.73,6.74,6.75,6.76,6.77,6.78,20650,65500,15200,31700,99100,180300,144100,23200,64200,102200,6.69,6.68,6.67,6.66,6.65,6.64,6.63,6.62,6.61,6.6,6500,95600,57200,44100,44400,37100,49600,14700,37200,26200,42,12,9,2,21,17,42,8,25,6,2,64,97,1,8,23,21,7,9,7,79961.2,-1,-1,-1,-1,-1,-1,-1,-1,-1,12720.240963855422,15760.337078651686,48840.0,-1,-1,-1,-1,-1,-1,-1,385,371850,6.682128546456904,2484749.5,87,2999040,1,400,6.682128546456904,2672.0,0,-1,-1,52223.72749721204
20230621093706000,6.69,6.68,6.68,6.68,6.68,6.69,6.69,6.69,6.68,6.68,6.69,6.7,6.71,6.72,6.73,6.74,6.75,6.76,6.77,6.78,21550,65500,15200,31700,99100,180300,144100,23200,64200,102200,6.69,6.68,6.67,6.66,6.65,6.64,6.63,6.62,6.61,6.6,6100,95500,57200,44100,44400,37100,49600,14700,37200,26200,42,12,9,2,21,17,42,8,25,6,2,64,97,1,8,23,21,7,9,7,79961.2,-1,-1,-1,-1,-1,-1,-1,-1,-1,12720.240963855422,15760.337078651686,48840.0,-1,-1,-1,-1,-1,-1,-1,387,372250,6.682134318334453,2487424.5,87,2999040,2,400,6.682134318334453,2675.0,0,-1,-1,52247.773617970364
20230621093709000,6.68,6.68,6.68,6.68,6.68,6.68,6.68,6.68,6.68,6.68,6.69,6.7,6.71,6.72,6.73,6.74,6.75,6.76,6.77,6.78,22050,65500,15200,31700,99100,180300,144100,23200,64200,102200,6.68,6.67,6.66,6.65,6.64,6.63,6.62,6.61,6.6,6.59,88600,57200,44100,44400,37100,49600,14700,37200,26200,8000,42,12,9,2,21,17,42,8,25,6,2,64,97,1,8,23,21,7,9,7,79961.2,-1,-1,-1,-1,-1,-1,-1,-1,-1,15760.337078651686,48840.0,-1,-1,-1,-1,-1,-1,-1,-1,388,382350,6.682077939061069,2554892.5,87,2999040,1,10100,6.682077939061069,67468.0,0,-1,-1,47873.23263501672
20230621093712000,6.69,6.69,6.69,6.69,6.69,6.69,6.69,6.69,6.69,6.69,6.69,6.7,6.71,6.72,6.73,6.74,6.75,6.76,6.77,6.78,20450,93900,15200,31700,99100,180300,144100,23200,64200,102200,6.68,6.67,6.66,6.65,6.64,6.63,6.62,6.61,6.6,6.59,88600,57200,44100,44400,37100,49600,14700,37200,26200,8000,42,12,9,2,21,17,42,8,26,6,2,64,97,1,8,23,21,7,9,7,80914.23076923077,-1,-1,-1,-1,-1,-1,-1,-1,-1,15760.337078651686,48840.0,-1,-1,-1,-1,-1,-1,-1,-1,392,386550,6.682164015004528,2582990.5,88,3103780,4,4200,6.69,28098.0,1,104740,104740.0,57808.46244224948
20230621093715000,6.69,6.69,6.69,6.69,6.69,6.69,6.69,6.69,6.69,6.69,6.69,6.7,6.71,6.72,6.73,6.74,6.75,6.76,6.77,6.78,21050,93900,15200,31700,99100,180300,154100,23200,64200,102200,6.68,6.67,6.66,6.65,6.64,6.63,6.62,6.61,6.6,6.59,88600,77200,44100,44400,37100,49600,14700,37200,26200,8000,42,12,9,2,21,17,42,8,26,6,2,65,97,1,8,23,21,7,9,7,80914.23076923077,-1,-1,-1,-1,-1,-1,-1,-1,-1,15760.337078651686,48840.0,-1,-1,-1,-1,-1,-1,-1,-1,392,386550,6.682164015004528,2582990.5,88,3103780,0,0,-1,0.0,0,-1,-1,59823.31826509479
20230621093718000,6.69,6.69,6.69,6.69,6.69,6.69,6.69,6.69,6.69,6.69,6.69,6.7,6.71,6.72,6.73,6.74,6.75,6.76,6.77,6.78,21050,93900,15200,31700,89100,180300,154100,23200,64200,102200,6.68,6.67,6.66,6.65,6.64,6.63,6.62,6.61,6.6,6.59,89000,77200,44100,44400,37100,49600,14700,37200,26200,8000,42,12,9,2,21,17,42,8,26,6,2,65,100,1,8,23,21,7,9,7,80914.23076923077,-1,-1,-1,-1,-1,-1,-1,-1,-1,15760.337078651686,48840.0,-1,-1,-1,-1,-1,-1,-1,-1,392,386550,6.682164015004528,2582990.5,88,3103780,0,0,-1,0.0,0,-1,-1,59860.11928469013
20230621093721000,6.69,6.68,6.68,6.68,6.68,6.68,6.68,6.68,6.68,6.68,6.69,6.7,6.71,6.72,6.73,6.74,6.75,6.76,6.77,6.78,21050,93900,15200,31700,89100,180300,157400,23200,64200,102200,6.68,6.67,6.66,6.65,6.64,6.63,6.62,6.61,6.6,6.59,88500,77200,44100,44400,37100,49600,14700,37200,26200,8000,42,12,9,2,21,17,42,8,26,6,2,65,101,1,8,23,21,7,9,7,80914.23076923077,-1,-1,-1,-1,-1,-1,-1,-1,-1,15760.337078651686,48840.0,-1,-1,-1,-1,-1,-1,-1,-1,393,388550,6.6821528760777245,2596350.5,88,3103780,1,2000,6.6821528760777245,13360.0,0,-1,-1,59467.958419627204
20230621093724000,6.68,6.69,6.69,6.69,6.69,6.68,6.68,6.69,6.68,6.69,6.69,6.7,6.71,6.72,6.73,6.74,6.75,6.76,6.77,6.78,22850,93900,15200,32700,90100,180300,157400,23200,64200,102200,6.68,6.67,6.66,6.65,6.64,6.63,6.62,6.61,6.6,6.59,85900,77200,44100,44400,37100,49600,14700,37200,26200,8000,42,12,9,2,21,17,42,8,26,6,2,65,101,1,8,23,21,7,9,7,80914.23076923077,-1,-1,-1,-1,-1,-1,-1,-1,-1,15760.337078651686,48840.0,-1,-1,-1,-1,-1,-1,-1,-1,396,391250,6.682140575079872,2614387.5,88,3103780,3,2700,6.682140575079872,18037.0,0,-1,-1,59523.159949020235
20230621093727000,6.68,6.69,6.69,6.69,6.69,6.69,6.69,6.69,6.69,6.69,6.68,6.69,6.7,6.71,6.72,6.73,6.74,6.75,6.76,6.77,2700,22850,93900,15200,32700,90100,180300,158600,23200,64200,6.68,6.67,6.66,6.65,6.64,6.63,6.62,6.61,6.6,6.59,85900,77200,44100,44400,37100,49600,14700,37200,26200,8000,42,12,9,2,21,17,42,8,26,6,2,65,101,1,8,23,21,7,9,7,19797.31343283582,80914.23076923077,-1,-1,-1,-1,-1,-1,-1,-1,15760.337078651686,48840.0,-1,-1,-1,-1,-1,-1,-1,-1,396,391250,6.682140575079872,2614387.5,88,3103780,0,0,-1,0.0,0,-1,-1,59619.762625458025
20230621093730000,6.67,6.68,6.68,6.68,6.68,6.68,6.68,6.68,6.67,6.68,6.68,6.69,6.7,6.71,6.72,6.73,6.74,6.75,6.76,6.77,14300,28450,93900,15200,32700,90100,180300,158600,23200,64200,6.68,6.67,6.66,6.65,6.64,6.63,6.62,6.61,6.6,6.59,85500,77200,44100,44400,37100,49600,14700,37200,26200,8000,42,12,9,2,21,17,42,8,26,6,2,66,101,1,8,23,21,7,9,7,19797.31343283582,80914.23076923077,-1,-1,-1,-1,-1,-1,-1,-1,15246.41304347826,48840.0,-1,-1,-1,-1,-1,-1,-1,-1,401,403050,6.682140575079872,2693207.5,88,3103780,5,11800,6.682140575079872,78820.0,0,-1,-1,53483.19758642663
20230621093733000,6.67,6.68,6.68,6.68,6.68,6.68,6.68,6.68,6.68,6.68,6.68,6.69,6.7,6.71,6.72,6.73,6.74,6.75,6.76,6.77,14600,28450,93900,15200,62300,90100,180300,163600,23200,64200,6.68,6.67,6.66,6.65,6.64,6.63,6.62,6.61,6.6,6.59,85500,77200,44100,44400,37100,49600,14700,37200,26200,8000,42,12,9,2,21,17,42,8,26,6,2,66,101,1,8,23,21,7,9,7,19797.31343283582,80914.23076923077,-1,-1,-1,-1,-1,-1,-1,-1,15246.41304347826,48840.0,-1,-1,-1,-1,-1,-1,-1,-1,401,403050,6.682140575079872,2693207.5,88,3103780,0,0,-1,0.0,0,-1,-1,54993.57276565238
20230621093736000,6.67,6.68,6.68,6.68,6.68,6.68,6.68,6.68,6.68,6.68,6.68,6.69,6.7,6.71,6.72,6.73,6.74,6.75,6.76,6.77,14400,28450,93900,15200,62300,90100,180300,163600,23200,64200,6.68,6.67,6.66,6.65,6.64,6.63,6.62,6.61,6.6,6.59,85500,77200,44100,44400,37100,49600,14700,37200,26200,8000,42,12,9,2,21,17,42,8,26,6,2,66,101,1,8,23,21,7,9,7,19797.31343283582,80914.23076923077,-1,-1,-1,-1,-1,-1,-1,-1,15246.41304347826,48840.0,-1,-1,-1,-1,-1,-1,-1,-1,401,403050,6.682140575079872,2693207.5,88,3103780,0,0,-1,0.0,0,-1,-1,54993.57276565238
20230621093739000,6.67,6.68,6.68,6.68,6.68,6.68,6.68,6.68,6.68,6.68,6.68,6.69,6.7,6.71,6.72,6.73,6.74,6.75,6.76,6.77,14600,28450,95900,15200,62300,90100,180300,163600,23200,64200,6.68,6.67,6.66,6.65,6.64,6.63,6.62,6.61,6.6,6.59,85500,77200,44100,44400,37100,49600,14700,37200,26200,8000,42,12,9,2,21,18,42,8,26,6,2,66,101,1,8,23,21,7,9,7,19797.31343283582,80914.23076923077,-1,-1,-1,-1,-1,-1,-1,-1,15246.41304347826,48840.0,-1,-1,-1,-1,-1,-1,-1,-1,401,403050,6.682140575079872,2693207.5,88,3103780,0,0,-1,0.0,0,-1,-1,55021.1735303489
20230621093742000,6.68,6.68,6.68,6.68,6.68,6.68,6.68,6.68,6.68,6.68,6.68,6.69,6.7,6.71,6.72,6.73,6.74,6.75,6.76,6.77,14500,28450,95900,15200,62300,90100,180300,164600,23200,64200,6.68,6.67,6.66,6.65,6.64,6.63,6.62,6.61,6.6,6.59,85500,78300,44100,42400,37100,49600,14700,37200,26200,8000,42,12,9,2,21,18,42,8,26,6,2,69,101,1,8,23,21,7,9,7,19633.043478260868,80914.23076923077,-1,-1,-1,-1,-1,-1,-1,-1,15082.47311827957,48840.0,-1,-1,-1,-1,-1,-1,-1,-1,404,404150,6.682062353086725,2700555.5,90,3132040,3,1100,6.68,7348.0,2,28260,14130.0,55205.94531623386
20230621093745000,6.68,6.68,6.68,6.68,6.68,6.68,6.68,6.68,6.68,6.68,6.68,6.69,6.7,6.71,6.72,6.73,6.74,6.75,6.76,6.77,14500,28450,95900,15200,62300,90100,180300,164600,23200,64200,6.68,6.67,6.66,6.65,6.64,6.63,6.62,6.61,6.6,6.59,85500,78400,44100,43900,37100,49600,14700,37200,26200,8000,42,12,9,2,21,18,42,8,26,6,2,70,101,1,8,23,21,7,9,7,19633.043478260868,80914.23076923077,-1,-1,-1,-1,-1,-1,-1,-1,15082.47311827957,48840.0,-1,-1,-1,-1,-1,-1,-1,-1,404,404150,6.682062353086725,2700555.5,90,3132040,0,0,-1,0.0,0,-1,-1,55166.844232913805
20230621093748000,6.68,6.67,6.67,6.67,6.67,6.67,6.67,6.67,6.67,6.67,6.68,6.69,6.7,6.71,6.72,6.73,6.74,6.75,6.76,6.77,15300,28450,95900,15200,62300,100100,180300,164600,23200,64200,6.68,6.67,6.66,6.65,6.64,6.63,6.62,6.61,6.6,6.59,84100,81500,44100,43900,37100,49600,14700,37200,26200,8000,42,12,9,2,21,18,42,8,26,6,2,68,101,1,8,24,21,7,9,7,19633.043478260868,80914.23076923077,-1,-1,-1,-1,-1,-1,-1,-1,15082.47311827957,125871.73913043478,-1,-1,-1,-1,-1,-1,-1,-1,408,405550,6.682020712612502,2709893.5,93,5050290,4,1400,6.67,9338.0,3,1918250,639416.6666666666,55825.64819977696
20230621093751000,6.68,6.67,6.67,6.67,6.67,6.67,6.67,6.67,6.67,6.67,6.68,6.69,6.7,6.71,6.72,6.73,6.74,6.75,6.76,6.77,19900,28450,95900,15200,62300,100100,180300,164600,23200,84200,6.68,6.67,6.66,6.65,6.64,6.63,6.62,6.61,6.6,6.59,84100,81500,44100,44900,37100,49600,14700,37200,26200,8000,42,12,9,2,21,18,42,8,26,6,2,68,101,1,8,24,21,7,9,7,19633.043478260868,80914.23076923077,-1,-1,-1,-1,-1,-1,-1,-1,15082.47311827957,125871.73913043478,-1,-1,-1,-1,-1,-1,-1,-1,408,405550,6.682020712612502,2709893.5,93,5050290,0,0,-1,0.0,0,-1,-1,56962.297873187825
20230621093754000,6.68,6.67,6.67,6.67,6.67,6.67,6.67,6.67,6.67,6.67,6.68,6.69,6.7,6.71,6.72,6.73,6.74,6.75,6.76,6.77,31900,28450,95900,15200,63200,100100,180300,164600,23200,84200,6.68,6.67,6.66,6.65,6.64,6.63,6.62,6.61,6.6,6.59,84100,81500,44100,44900,37100,49600,14700,37200,29400,8000,42,12,9,2,21,18,42,8,26,6,2,68,101,1,8,25,22,7,9,7,19633.043478260868,80914.23076923077,-1,-1,-1,-1,-1,-1,-1,-1,15082.47311827957,125871.73913043478,-1,-1,-1,-1,-1,-1,-1,-1,408,405550,6.682020712612502,2709893.5,93,5050290,0,0,-1,0.0,0,-1,-1,58744.638163135256
20230621093757000,6.67,6.67,6.67,6.67,6.67,6.67,6.67,6.67,6.67,6.67,6.68,6.69,6.7,6.71,6.72,6.73,6.74,6.75,6.76,6.77,29900,26850,95900,15800,63200,100100,180300,164600,23200,84200,6.68,6.67,6.66,6.65,6.64,6.63,6.62,6.61,6.6,6.59,83900,81400,44100,44900,37100,49600,14700,37200,29400,8000,42,12,9,2,21,18,42,8,26,6,2,68,101,1,8,25,22,7,9,7,19633.043478260868,80914.23076923077,-1,-1,-1,-1,-1,-1,-1,-1,15082.47311827957,125871.73913043478,-1,-1,-1,-1,-1,-1,-1,-1,409,405750,6.682014787430684,2711227.5,93,5050290,1,200,6.682014787430684,1334.0,0,-1,-1,58363.7476103234
20230621093800000,6.67,6.67,6.67,6.67,6.67,6.67,6.67,6.67,6.67,6.67,6.68,6.69,6.7,6.71,6.72,6.73,6.74,6.75,6.76,6.77,32900,46850,95900,15800,63200,100100,180300,165600,23900,84200,6.68,6.67,6.66,6.65,6.64,6.63,6.62,6.61,6.6,6.59,83900,81400,44100,44900,42600,49600,14700,37200,29400,8000,42,12,9,2,21,18,42,8,26,6,2,69,101,1,8,25,22,7,9,7,19633.043478260868,80914.23076923077,-1,-1,-1,-1,-1,-1,-1,-1,15082.47311827957,125871.73913043478,-1,-1,-1,-1,-1,-1,-1,-1,409,405750,6.682014787430684,2711227.5,93,5050290,0,0,-1,0.0,0,-1,-1,60891.56145451649
20230621093803000,6.67,6.67,6.67,6.67,6.67,6.67,6.67,6.67,6.67,6.67,6.68,6.69,6.7,6.71,6.72,6.73,6.74,6.75,6.76,6.77,36500,46850,95900,15800,63200,100100,180400,165600,23900,84200,6.68,6.67,6.66,6.65,6.64,6.63,6.62,6.61,6.6,6.59,83500,81000,44100,50300,42600,49600,14700,37200,29400,8000,42,12,9,2,21,18,42,8,26,6,2,69,101,1,8,25,22,7,9,7,19633.043478260868,80914.23076923077,-1,-1,-1,-1,-1,-1,-1,-1,15082.47311827957,125871.73913043478,-1,-1,-1,-1,-1,-1,-1,-1,410,406150,6.682002954573433,2713895.5,93,5050290,1,400,6.682002954573433,2668.0,0,-1,-1,61327.423530348904
20230621093806000,6.67,6.67,6.67,6.67,6.67,6.67,6.67,6.67,6.67,6.67,6.68,6.69,6.7,6.71,6.72,6.73,6.74,6.75,6.76,6.77,37500,46850,95900,15800,63200,100100,180400,165600,23900,84200,6.68,6.67,6.66,6.65,6.64,6.63,6.62,6.61,6.6,6.59,82200,79700,44100,50300,42600,49600,14700,37200,29400,8000,42,12,9,2,21,18,42,8,26,6,2,69,101,1,8,26,22,7,9,7,19633.043478260868,80914.23076923077,-1,-1,-1,-1,-1,-1,-1,-1,15082.47311827957,125871.73913043478,-1,-1,-1,-1,-1,-1,-1,-1,414,406950,6.681991145000615,2719231.5,93,5050290,4,800,6.681991145000615,5336.0,0,-1,-1,61504.52843715151
20230621093809000,6.67,6.67,6.67,6.67,6.67,6.67,6.67,6.67,6.67,6.67,6.68,6.69,6.7,6.71,6.72,6.73,6.74,6.75,6.76,6.77,39500,46850,95900,15900,63200,100100,180400,165600,23900,84200,6.68,6.67,6.66,6.65,6.64,6.63,6.62,6.61,6.6,6.59,82200,79700,44100,50500,42600,49600,14700,37200,29400,8000,42,12,9,2,21,18,42,8,26,6,2,69,101,1,9,26,22,7,9,7,19633.043478260868,80914.23076923077,-1,-1,-1,-1,-1,-1,-1,-1,15082.47311827957,125871.73913043478,-1,-1,-1,-1,-1,-1,-1,-1,414,406950,6.681991145000615,2719231.5,93,5050290,0,0,-1,0.0,0,-1,-1,61786.05623705592
20230621093812000,6.68,6.67,6.67,6.67,6.67,6.67,6.67,6.68,6.67,6.67,6.68,6.69,6.7,6.71,6.72,6.73,6.74,6.75,6.76,6.77,39900,46850,96900,15900,63200,100100,180400,165600,23900,84200,6.68,6.67,6.66,6.65,6.64,6.63,6.62,6.61,6.6,6.59,74100,71900,44100,50500,42600,49600,14700,37200,29400,8000,42,12,9,2,21,18,43,8,26,6,2,69,101,1,9,27,22,7,9,7,19633.043478260868,80914.23076923077,-1,-1,-1,-1,-1,-1,-1,-1,15082.47311827957,125871.73913043478,-1,-1,-1,-1,-1,-1,-1,-1,419,415050,6.68175563320882,2773261.5,93,5050290,5,8100,6.68175563320882,54030.0,0,-1,-1,60636.024374701294
20230621093815000,6.67,6.67,6.67,6.67,6.67,6.67,6.67,6.67,6.67,6.67,6.68,6.69,6.7,6.71,6.72,6.73,6.74,6.75,6.76,6.77,41400,46850,96900,15900,63200,100100,180400,165600,23900,84200,6.68,6.67,6.66,6.65,6.64,6.63,6.62,6.61,6.6,6.59,66800,64600,46100,50500,42600,49600,14700,37200,29400,8000,42,12,9,2,21,18,43,8,26,6,2,69,101,1,9,27,22,7,9,7,19633.043478260868,80914.23076923077,-1,-1,-1,-1,-1,-1,-1,-1,15082.47311827957,125871.73913043478,-1,-1,-1,-1,-1,-1,-1,-1,428,422350,6.68175563320882,2821952.5,93,5050290,9,7300,6.68175563320882,48691.0,0,-1,-1,51151.35215867453
20230621093818000,6.67,6.67,6.67,6.67,6.67,6.67,6.67,6.68,6.67,6.67,6.68,6.69,6.7,6.71,6.72,6.73,6.74,6.75,6.76,6.77,43200,46850,96900,15900,63200,100100,180400,165600,23900,84200,6.68,6.67,6.66,6.65,6.64,6.63,6.62,6.61,6.6,6.59,49000,46800,46100,50500,42600,49600,14700,37200,29400,8000,42,12,9,2,21,18,43,8,26,6,2,68,101,1,9,27,22,7,9,7,19633.043478260868,80914.23076923077,-1,-1,-1,-1,-1,-1,-1,-1,14922.021276595744,148710.83333333334,-1,-1,-1,-1,-1,-1,-1,-1,435,440250,6.681094940306993,2941346.5,94,5724300,7,17900,6.670055865921788,119394.0,1,674010,674010.0,48480.97817428708
20230621093821000,6.67,6.67,6.67,6.67,6.67,6.67,6.67,6.67,6.67,6.67,6.68,6.69,6.7,6.71,6.72,6.73,6.74,6.75,6.76,6.77,43200,46850,96900,15900,63200,100100,180400,173500,23900,84200,6.68,6.67,6.66,6.65,6.64,6.63,6.62,6.61,6.6,6.59,48100,45900,46100,50500,42600,49600,14700,37200,29400,8000,42,12,9,2,21,18,43,8,26,6,2,68,101,1,9,27,22,7,9,7,19633.043478260868,80914.23076923077,-1,-1,-1,-1,-1,-1,-1,-1,14922.021276595744,148710.83333333334,-1,-1,-1,-1,-1,-1,-1,-1,438,441150,6.681094940306993,2947349.5,94,5724300,3,900,6.681094940306993,6003.0,0,-1,-1,48464.41771546917
20230621093824000,6.67,6.67,6.67,6.67,6.67,6.67,6.67,6.67,6.67,6.67,6.68,6.69,6.7,6.71,6.72,6.73,6.74,6.75,6.76,6.77,43200,46850,96900,15900,63200,100100,180400,173500,23900,84200,6.68,6.67,6.66,6.65,6.64,6.63,6.62,6.61,6.6,6.59,43700,42000,46100,50500,42600,49600,14700,37200,29400,8000,42,12,9,2,21,18,43,8,26,6,2,68,101,1,9,27,22,7,9,7,19633.043478260868,80914.23076923077,-1,-1,-1,-1,-1,-1,-1,-1,14922.021276595744,148710.83333333334,-1,-1,-1,-1,-1,-1,-1,-1,444,445550,6.681094940306993,2976697.5,94,5724300,6,4400,6.681094940306993,29348.0,0,-1,-1,56549.57782380117
20230621093827000,6.67,6.67,6.67,6.67,6.67,6.67,6.67,6.67,6.67,6.67,6.68,6.69,6.7,6.71,6.72,6.73,6.74,6.75,6.76,6.77,43200,46850,96900,15900,63200,101100,180400,173500,23900,84200,6.68,6.67,6.66,6.65,6.64,6.63,6.62,6.61,6.6,6.59,40000,38900,46100,50500,42600,49600,14700,37200,29400,8000,42,12,9,2,21,18,43,8,26,6,2,69,101,1,9,27,22,7,9,7,19633.043478260868,80914.23076923077,-1,-1,-1,-1,-1,-1,-1,-1,14922.021276595744,148710.83333333334,-1,-1,-1,-1,-1,-1,-1,-1,445,449250,6.681094940306993,3001376.5,94,5724300,1,3700,6.681094940306993,24679.0,0,-1,-1,56027.79193882428
20230621093830000,6.67,6.67,6.67,6.67,6.67,6.67,6.67,6.67,6.67,6.67,6.68,6.69,6.7,6.71,6.72,6.73,6.74,6.75,6.76,6.77,43200,46850,96900,15900,63200,101100,180400,173500,23900,84200,6.68,6.67,6.66,6.65,6.64,6.63,6.62,6.61,6.6,6.59,40000,38900,46100,50500,42600,49600,14700,37200,29400,8000,42,12,9,2,21,18,43,8,26,6,2,69,101,1,9,27,22,7,9,7,19633.043478260868,80914.23076923077,-1,-1,-1,-1,-1,-1,-1,-1,14922.021276595744,148710.83333333334,-1,-1,-1,-1,-1,-1,-1,-1,445,449250,6.681094940306993,3001376.5,94,5724300,0,0,-1,0.0,0,-1,-1,56027.79193882428
20230621093833000,6.67,6.67,6.67,6.67,6.67,6.67,6.67,6.67,6.67,6.67,6.68,6.69,6.7,6.71,6.72,6.73,6.74,6.75,6.76,6.77,43200,46850,96900,15900,63200,101100,180400,173500,23900,84200,6.68,6.67,6.66,6.65,6.64,6.63,6.62,6.61,6.6,6.59,37100,36000,46100,50500,42600,49600,14700,37200,29400,8000,42,12,9,2,21,18,43,8,26,6,2,70,101,1,9,27,22,7,9,7,19633.043478260868,80914.23076923077,-1,-1,-1,-1,-1,-1,-1,-1,14922.021276595744,148710.83333333334,-1,-1,-1,-1,-1,-1,-1,-1,447,452150,6.680790666814111,3020719.5,94,5724300,2,2900,6.680790666814111,19343.0,0,-1,-1,46833.672534650315
20230621093836000,6.67,6.67,6.67,6.67,6.67,6.67,6.67,6.67,6.67,6.67,6.68,6.69,6.7,6.71,6.72,6.73,6.74,6.75,6.76,6.77,43200,46850,96900,15900,63200,101100,180400,173500,23900,84200,6.68,6.67,6.66,6.65,6.64,6.63,6.62,6.61,6.6,6.59,37100,36000,49100,50500,44300,49600,15200,37200,29400,8000,42,12,9,2,21,18,43,8,26,6,2,70,101,1,9,27,22,7,9,7,19633.043478260868,80914.23076923077,-1,-1,-1,-1,-1,-1,-1,-1,14922.021276595744,148710.83333333334,-1,-1,-1,-1,-1,-1,-1,-1,447,452150,6.680790666814111,3020719.5,94,5724300,0,0,-1,0.0,0,-1,-1,55834.915166480794
20230621093839000,6.67,6.67,6.67,6.67,6.67,6.67,6.67,6.67,6.67,6.67,6.68,6.69,6.7,6.71,6.72,6.73,6.74,6.75,6.76,6.77,43200,46850,96900,15900,70200,101100,180400,173500,23900,84200,6.68,6.67,6.66,6.65,6.64,6.63,6.62,6.61,6.6,6.59,37100,36500,49100,50500,44300,49600,15200,37200,29400,8000,42,12,9,2,21,18,43,8,26,6,2,71,101,1,9,27,22,7,9,7,19633.043478260868,80914.23076923077,-1,-1,-1,-1,-1,-1,-1,-1,14922.021276595744,148710.83333333334,-1,-1,-1,-1,-1,-1,-1,-1,447,452150,6.680790666814111,3020719.5,94,5724300,0,0,-1,0.0,0,-1,-1,56206.758801975455
20230621093842000,6.67,6.68,6.68,6.68,6.68,6.67,6.67,6.68,6.67,6.68,6.68,6.69,6.7,6.71,6.72,6.73,6.74,6.75,6.76,6.77,41800,46850,96900,15900,70200,101100,180400,173500,23900,84200,6.68,6.67,6.66,6.65,6.64,6.63,6.62,6.61,6.6,6.59,34700,40800,49100,50500,44300,49600,15200,37200,29400,8000,42,12,9,2,21,18,43,8,26,6,2,73,101,1,9,27,22,7,9,7,19633.043478260868,80914.23076923077,-1,-1,-1,-1,-1,-1,-1,-1,14922.021276595744,148710.83333333334,-1,-1,-1,-1,-1,-1,-1,-1,449,454550,6.680764492355077,3036741.5,94,5724300,2,2400,6.680764492355077,16022.0,0,-1,-1,56089.455552015286
20230621093845000,6.68,6.68,6.68,6.68,6.68,6.68,6.68,6.68,6.68,6.68,6.68,6.69,6.7,6.71,6.72,6.73,6.74,6.75,6.76,6.77,41700,46850,96900,15900,70200,101100,180400,174700,23900,84200,6.68,6.67,6.66,6.65,6.64,6.63,6.62,6.61,6.6,6.59,34700,40800,49100,50500,44300,49600,15200,37200,29400,8000,42,12,9,2,21,19,43,8,26,6,2,73,101,1,9,27,22,7,9,7,19633.043478260868,80914.23076923077,-1,-1,-1,-1,-1,-1,-1,-1,14764.947368421053,148710.83333333334,-1,-1,-1,-1,-1,-1,-1,-1,450,454650,6.680764324205433,3037409.5,94,5724300,1,100,6.680764324205433,668.0,0,-1,-1,56075.65516966703
20230621093848000,6.68,6.68,6.68,6.68,6.68,6.68,6.68,6.68,6.68,6.68,6.68,6.69,6.7,6.71,6.72,6.73,6.74,6.75,6.76,6.77,41200,46750,96900,15900,70200,101100,181400,174700,23900,84200,6.68,6.67,6.66,6.65,6.64,6.63,6.62,6.61,6.6,6.59,34700,96600,49100,50500,44300,49600,15200,37200,29400,8000,42,12,9,2,21,19,43,8,26,6,2,75,101,1,9,27,22,7,9,7,19633.043478260868,80914.23076923077,-1,-1,-1,-1,-1,-1,-1,-1,14460.515463917525,148710.83333333334,-1,-1,-1,-1,-1,-1,-1,-1,452,455050,6.680763652345896,3040081.5,94,5724300,2,400,6.680763652345896,2672.0,0,-1,-1,59884.56069778555
20230621093851000,6.68,6.68,6.68,6.68,6.68,6.68,6.68,6.68,6.68,6.68,6.68,6.69,6.7,6.71,6.72,6.73,6.74,6.75,6.76,6.77,46100,46750,97100,15900,70200,100100,181400,174700,23900,84700,6.68,6.67,6.66,6.65,6.64,6.63,6.62,6.61,6.6,6.59,34700,96600,49100,50500,44300,49600,15200,37200,29400,8000,42,12,9,2,21,19,43,8,26,6,2,75,101,1,9,27,22,7,9,7,19633.043478260868,80914.23076923077,-1,-1,-1,-1,-1,-1,-1,-1,14460.515463917525,148710.83333333334,-1,-1,-1,-1,-1,-1,-1,-1,452,455050,6.680763652345896,3040081.5,94,5724300,0,0,-1,0.0,0,-1,-1,60569.65110721681
20230621093854000,6.68,6.68,6.68,6.68,6.68,6.68,6.68,6.68,6.68,6.68,6.68,6.69,6.7,6.71,6.72,6.73,6.74,6.75,6.76,6.77,34200,46750,96900,15900,70200,100100,181400,174700,23900,84700,6.68,6.67,6.66,6.65,6.64,6.63,6.62,6.61,6.6,6.59,34700,113500,49100,50500,44300,49600,15200,37200,29400,8000,42,12,9,2,21,19,43,8,26,6,2,77,101,1,9,27,22,7,9,7,24049.22077922078,80914.23076923077,-1,-1,-1,-1,-1,-1,-1,-1,14312.959183673469,148710.83333333334,-1,-1,-1,-1,-1,-1,-1,-1,461,466950,6.680744191026877,3119573.5,102,6221410,9,11900,6.68,79492.0,8,497110,62138.75,60207.28652222398
20230621093857000,6.68,6.68,6.68,6.68,6.68,6.68,6.68,6.68,6.68,6.68,6.68,6.69,6.7,6.71,6.72,6.73,6.74,6.75,6.76,6.77,22400,46750,96900,15900,70200,100100,181400,174700,23900,84700,6.68,6.67,6.66,6.65,6.64,6.63,6.62,6.61,6.6,6.59,41500,113600,49500,50500,44300,49600,15200,37200,29400,8000,42,12,9,2,21,19,43,8,26,6,2,78,103,1,9,27,22,7,9,7,25934.494382022473,80914.23076923077,-1,-1,-1,-1,-1,-1,-1,-1,12636.666666666666,148710.83333333334,-1,-1,-1,-1,-1,-1,-1,-1,486,478750,6.680725848563968,3198397.5,114,6677790,25,11800,6.68,78824.0,12,456380,38031.666666666664,59118.436354946614
20230621093900000,6.68,6.68,6.68,6.68,6.68,6.68,6.68,6.68,6.68,6.68,6.68,6.69,6.7,6.71,6.72,6.73,6.74,6.75,6.76,6.77,22400,46750,96900,15900,70200,100100,181400,176700,23900,84700,6.68,6.67,6.66,6.65,6.64,6.63,6.62,6.61,6.6,6.59,41500,113600,49500,50500,44300,49600,15200,37200,29400,8000,42,12,9,2,21,19,44,8,26,6,2,78,103,1,9,27,22,7,9,7,25934.494382022473,80914.23076923077,-1,-1,-1,-1,-1,-1,-1,-1,12636.666666666666,148710.83333333334,-1,-1,-1,-1,-1,-1,-1,-1,486,478750,6.680725848563968,3198397.5,114,6677790,0,0,-1,0.0,0,-1,-1,59118.436354946614
20230621093903000,6.68,6.68,6.68,6.68,6.68,6.68,6.68,6.68,6.68,6.68,6.68,6.69,6.7,6.71,6.72,6.73,6.74,6.75,6.76,6.77,22300,46750,96900,15900,70200,100100,181400,177700,23900,84700,6.68,6.67,6.66,6.65,6.64,6.63,6.62,6.61,6.6,6.59,35400,113600,49500,50500,44300,49600,15200,37200,29400,8000,42,12,9,2,21,19,44,8,26,6,2,78,103,1,9,27,22,7,9,7,25364.505494505494,80914.23076923077,-1,-1,-1,-1,-1,-1,-1,-1,12636.666666666666,148710.83333333334,-1,-1,-1,-1,-1,-1,-1,-1,489,484850,6.680725848563968,3239145.5,114,6677790,3,6100,6.680725848563968,40748.0,0,-1,-1,58727.42552174604
20230621093906000,6.68,6.68,6.68,6.68,6.68,6.68,6.68,6.68,6.68,6.68,6.68,6.69,6.7,6.71,6.72,6.73,6.74,6.75,6.76,6.77,22300,46950,96900,15900,70200,100100,181400,177700,23900,84700,6.68,6.67,6.66,6.65,6.64,6.63,6.62,6.61,6.6,6.59,35000,113600,49500,50500,44300,49600,15200,37200,29400,8000,42,12,9,2,21,19,44,8,26,6,2,78,104,1,9,27,22,7,9,7,24043.4375,80914.23076923077,-1,-1,-1,-1,-1,-1,-1,-1,12636.666666666666,148710.83333333334,-1,-1,-1,-1,-1,-1,-1,-1,494,486150,6.68071479995886,3247829.5,114,6677790,5,1300,6.68071479995886,8684.0,0,-1,-1,58598.621953162314
20230621093909000,6.68,6.68,6.68,6.68,6.68,6.68,6.68,6.68,6.68,6.68,6.68,6.69,6.7,6.71,6.72,6.73,6.74,6.75,6.76,6.77,26400,47150,96900,15900,94900,100100,181400,177700,23900,84700,6.68,6.67,6.66,6.65,6.64,6.63,6.62,6.61,6.6,6.59,35000,113600,49500,50500,44300,49600,15200,37200,29400,8000,42,12,9,2,21,19,44,8,26,6,2,78,104,1,9,27,22,7,9,7,24043.4375,80914.23076923077,-1,-1,-1,-1,-1,-1,-1,-1,12304.122807017544,148710.83333333334,-1,-1,-1,-1,-1,-1,-1,-1,497,492950,6.68071479995886,3293253.5,114,6677790,3,6800,6.68071479995886,45424.0,0,-1,-1,60319.06961924485
