timestamp,preclose,open,high,low,close,preclose_range,open_range,high_range,low_range,close_range,ask_price_0,ask_price_1,ask_price_2,ask_price_3,ask_price_4,ask_price_5,ask_price_6,ask_price_7,ask_price_8,ask_price_9,ask_volume_0,ask_volume_1,ask_volume_2,ask_volume_3,ask_volume_4,ask_volume_5,ask_volume_6,ask_volume_7,ask_volume_8,ask_volume_9,bid_price_0,bid_price_1,bid_price_2,bid_price_3,bid_price_4,bid_price_5,bid_price_6,bid_price_7,bid_price_8,bid_price_9,bid_volume_0,bid_volume_1,bid_volume_2,bid_volume_3,bid_volume_4,bid_volume_5,bid_volume_6,bid_volume_7,bid_volume_8,bid_volume_9,ask_order_num_0,ask_order_num_1,ask_order_num_2,ask_order_num_3,ask_order_num_4,ask_order_num_5,ask_order_num_6,ask_order_num_7,ask_order_num_8,ask_order_num_9,bid_order_num_0,bid_order_num_1,bid_order_num_2,bid_order_num_3,bid_order_num_4,bid_order_num_5,bid_order_num_6,bid_order_num_7,bid_order_num_8,bid_order_num_9,ask_order_stale_0,ask_order_stale_1,ask_order_stale_2,ask_order_stale_3,ask_order_stale_4,ask_order_stale_5,ask_order_stale_6,ask_order_stale_7,ask_order_stale_8,ask_order_stale_9,bid_order_stale_0,bid_order_stale_1,bid_order_stale_2,bid_order_stale_3,bid_order_stale_4,bid_order_stale_5,bid_order_stale_6,bid_order_stale_7,bid_order_stale_8,bid_order_stale_9,order_num,volume,VWAP,amount,passive_num,passive_stale_total,order_num_range,volume_range,VWAP_range,amount_range,passive_num_range,passive_stale_total_range,passive_stale_avg_range,depth
20230718093003000,7.0,7.01,7.01,7.01,7.01,7.01,7.01,7.01,6.99,7.01,7.01,7.02,7.03,7.04,7.05,7.06,7.07,7.08,7.09,7.1,25100,6200,1800,25700,36200,6000,13500,27100,41800,53200,7.0,6.99,6.98,6.97,6.96,6.95,6.94,6.93,6.92,6.91,37200,17350,13900,12100,34400,50500,3100,17900,35300,6800,6,11,16,5,4,131,12,3,15,4,27,12,3,2,4,5,3,1,15,6,666030.0,-1,-1,-1,-1,-1,-1,-1,-1,-1,366778.51851851854,569180.0,-1,-1,-1,-1,-1,-1,-1,-1,106,226550,7.000019951230326,1585864.5,39,13922850,49,105800,7.000137051039697,740614.5,19,1811860,95361.05263157895,21845.988330412616
20230718093006000,7.0,7.0,7.0,7.0,7.0,7.01,7.01,7.01,7.0,7.0,7.0,7.01,7.02,7.03,7.04,7.05,7.06,7.07,7.08,7.09,31860,26400,6200,1800,27100,41500,6000,17100,27100,43800,7.0,6.99,6.98,6.97,6.96,6.95,6.94,6.93,6.92,6.91,23360,17350,13900,12100,35200,50500,3100,18600,35300,6800,6,12,19,5,4,136,12,3,15,4,28,12,3,2,4,5,3,1,15,6,174000.0,666030.0,-1,-1,-1,-1,-1,-1,-1,-1,309529.0625,569180.0,-1,-1,-1,-1,-1,-1,-1,-1,114,247190,7.00009911404183,1730354.5,40,13924760,8,20640,7.000484496124031,144490.0,1,1910,1910.0,22219.304604110246
20230718093009000,6.99,7.0,7.0,7.0,7.0,6.99,6.99,7.0,6.99,7.0,7.0,7.01,7.02,7.03,7.04,7.05,7.06,7.07,7.08,7.09,33460,27410,6200,1800,27100,41500,6000,17100,27100,43800,7.0,6.99,6.98,6.97,6.96,6.95,6.94,6.93,6.92,6.91,23060,17250,13900,12100,36700,50500,3100,18600,35300,6800,7,12,19,5,4,137,12,3,15,4,28,12,4,2,4,5,3,1,15,6,174000.0,666030.0,-1,-1,-1,-1,-1,-1,-1,-1,300149.3939393939,569180.0,-1,-1,-1,-1,-1,-1,-1,-1,116,247690,7.000086802050951,1733851.5,40,13924760,2,500,7.000086802050951,3497.0,0,-1,-1,22369.071610642026
20230718093012000,6.99,7.0,7.0,7.0,7.0,7.0,7.0,7.0,7.0,7.0,6.99,7.0,7.01,7.02,7.03,7.04,7.05,7.06,7.07,7.08,100,33560,27410,6200,1800,27100,41500,6000,17100,27100,7.0,6.99,6.98,6.97,6.96,6.95,6.94,6.93,6.92,6.91,23060,17250,13900,12100,36700,50500,3100,18600,35300,6800,7,12,19,5,4,137,12,3,15,4,28,12,4,2,4,5,3,1,15,6,70497.05882352941,174000.0,666030.0,-1,-1,-1,-1,-1,-1,-1,300149.3939393939,569180.0,-1,-1,-1,-1,-1,-1,-1,-1,116,247690,7.000086802050951,1733851.5,40,13924760,0,0,-1,0.0,0,-1,-1,22617.478492910624
20230718093015000,6.99,6.98,6.98,6.98,6.98,6.99,6.99,6.99,6.98,6.98,6.99,7.0,7.01,7.02,7.03,7.04,7.05,7.06,7.07,7.08,8500,33660,27410,6200,1800,27100,41500,6000,17100,27100,7.0,6.99,6.98,6.97,6.96,6.95,6.94,6.93,6.92,6.91,21960,16250,12900,12100,36700,50500,3100,18600,35300,6800,7,12,19,5,4,137,12,3,15,4,28,12,4,2,4,5,3,1,15,6,66608.33333333333,174000.0,666030.0,-1,-1,-1,-1,-1,-1,-1,300149.3939393939,284590.0,-1,-1,-1,-1,-1,-1,-1,-1,120,248790,7.00008273134509,1741530.5,41,13925260,4,1100,6.9809090909090905,7679.0,1,500,500.0,19672.84729966545
20230718093018000,6.99,6.98,6.98,6.98,6.98,6.98,6.98,6.98,6.98,6.98,6.98,6.99,7.0,7.01,7.02,7.03,7.04,7.05,7.06,7.07,2500,8500,33560,27410,6200,2300,27100,41500,6000,17100,7.0,6.99,6.98,6.97,6.96,6.95,6.94,6.93,6.92,6.91,21960,16250,12900,12100,36700,50500,3100,18600,35300,6800,7,12,19,5,4,137,12,3,15,4,28,12,4,2,4,5,3,1,15,6,29422.85714285714,66608.33333333333,174000.0,666030.0,-1,-1,-1,-1,-1,-1,300149.3939393939,284590.0,-1,-1,-1,-1,-1,-1,-1,-1,120,248790,7.00008273134509,1741530.5,41,13925260,0,0,-1,0.0,0,-1,-1,17384.37490043014
20230718093021000,6.98,6.98,6.98,6.98,6.98,6.98,6.98,6.98,6.98,6.98,6.99,7.0,7.01,7.02,7.03,7.04,7.05,7.06,7.07,7.08,8500,33560,27410,6200,2300,27100,41500,6000,17100,27100,7.0,6.99,6.98,6.97,6.96,6.95,6.94,6.93,6.92,6.91,21660,11350,8300,12200,36700,50500,3100,18600,35300,6800,7,12,19,5,4,137,12,3,15,4,29,12,4,2,4,5,3,1,15,6,66608.33333333333,174000.0,666030.0,-1,-1,-1,-1,-1,-1,-1,291321.4705882353,284590.0,0.0,-1,-1,-1,-1,-1,-1,-1,123,253690,6.9996156726713705,1775732.5,42,13928100,3,4900,6.98,34202.0,1,2840,2840.0,19093.231241038717
20230718093024000,6.98,6.98,6.98,6.98,6.98,6.98,6.98,6.98,6.98,6.98,6.98,6.99,7.0,7.01,7.02,7.03,7.04,7.05,7.06,7.07,4700,8500,33560,27410,6200,2300,27100,41500,6000,17100,7.0,6.99,6.98,6.97,6.96,6.95,6.94,6.93,6.92,6.91,21660,11350,8300,12300,36700,50500,3100,18600,35800,6800,7,12,19,5,4,137,12,3,15,4,29,12,4,2,4,5,3,1,15,6,26100.0,66608.33333333333,174000.0,666030.0,-1,-1,-1,-1,-1,-1,291321.4705882353,284590.0,0.0,-1,-1,-1,-1,-1,-1,-1,123,253690,6.9996156726713705,1775732.5,42,13928100,0,0,-1,0.0,0,-1,-1,17077.546399553925
20230718093027000,6.98,6.98,6.98,6.98,6.98,6.98,6.98,6.98,6.98,6.98,6.98,6.99,7.0,7.01,7.02,7.03,7.04,7.05,7.06,7.07,4700,8500,33560,27410,6200,2300,27100,41500,6000,17100,7.0,6.99,6.98,6.97,6.96,6.95,6.94,6.93,6.92,6.91,21660,11350,8300,12300,36700,50500,3100,18600,35800,6800,7,12,19,5,4,137,12,3,15,4,30,12,4,2,4,5,3,1,15,6,26100.0,66608.33333333333,174000.0,666030.0,-1,-1,-1,-1,-1,-1,291321.4705882353,284590.0,0.0,-1,-1,-1,-1,-1,-1,-1,123,253690,6.9996156726713705,1775732.5,42,13928100,0,0,-1,0.0,0,-1,-1,17090.092201688705
20230718093030000,6.97,6.96,6.96,6.96,6.96,6.97,6.97,6.97,6.96,6.96,6.97,6.98,6.99,7.0,7.01,7.02,7.03,7.04,7.05,7.06,1500,5300,8500,33560,27410,6200,2300,27100,41500,6000,6.96,6.95,6.94,6.93,6.92,6.91,6.9,6.89,6.88,6.87,27870,50500,3100,18600,35800,6800,86800,8500,5200,11000,7,12,19,5,4,138,12,3,15,4,30,12,4,2,4,5,3,1,15,6,480010.0,26100.0,66608.33333333333,174000.0,666030.0,-1,-1,-1,-1,-1,26363.333333333332,-1,-1,-1,-1,-1,-1,-1,-1,-1,128,279290,6.996095456335708,1953939.5,45,14007190,5,25600,6.9612109375,178207.0,3,79090,26363.333333333332,18755.153138441932
20230718093033000,6.97,6.97,6.97,6.97,6.97,6.95,6.95,6.97,6.95,6.97,6.97,6.98,6.99,7.0,7.01,7.02,7.03,7.04,7.05,7.06,2800,5300,7100,33560,27410,6200,2300,27100,41500,6000,6.96,6.95,6.94,6.93,6.92,6.91,6.9,6.89,6.88,6.87,28770,53300,3100,18600,35800,6800,86800,8500,5200,11000,7,12,19,5,4,138,12,3,15,4,31,12,4,2,4,5,3,1,15,6,480010.0,26100.0,66608.33333333333,174000.0,666030.0,-1,-1,-1,-1,-1,19772.5,-1,-1,-1,-1,-1,-1,-1,-1,-1,133,286790,6.996095456335708,2006188.5,45,14007190,5,7500,6.996095456335708,52249.0,0,-1,-1,16970.708937390475
20230718093036000,6.96,6.96,6.96,6.96,6.96,6.96,6.96,6.96,6.96,6.96,6.97,6.98,6.99,7.0,7.01,7.02,7.03,7.04,7.05,7.06,3000,5200,7100,33560,27210,6200,2300,27100,41500,6000,6.96,6.95,6.94,6.93,6.92,6.91,6.9,6.89,6.88,6.87,29670,53300,3100,18600,35800,6800,86800,8500,5200,11000,7,12,19,5,4,138,12,3,15,4,31,12,4,2,4,5,3,1,15,6,480010.0,26100.0,66608.33333333333,174000.0,666030.0,-1,-1,-1,-1,-1,19772.5,-1,-1,-1,-1,-1,-1,-1,-1,-1,136,287890,6.9951873979645,2013844.5,45,14007190,3,1100,6.9951873979645,7656.0,0,-1,-1,18100.64122988689
20230718093039000,6.99,6.98,6.98,6.97,6.97,6.99,6.99,6.99,6.97,6.97,6.99,7.0,7.01,7.02,7.03,7.04,7.05,7.06,7.07,7.08,5100,33560,27210,6200,2300,27100,41500,6000,17100,27100,6.98,6.97,6.96,6.95,6.94,6.93,6.92,6.91,6.9,6.89,6800,700,51670,53300,3100,18600,35800,6800,86800,8500,7,12,19,5,4,138,12,3,15,4,31,12,4,2,4,5,3,1,15,6,64375.78947368421,174000.0,666030.0,-1,-1,-1,-1,-1,-1,-1,171.66666666666666,0.0,19772.5,-1,-1,-1,-1,-1,-1,-1,141,297290,6.994889657276518,2079453.5,48,14032410,5,9400,6.97968085106383,65609.0,3,25220,8406.666666666666,19139.918352716264
20230718093042000,6.97,6.97,6.97,6.97,6.97,6.98,6.98,6.98,6.97,6.97,6.99,7.0,7.01,7.02,7.03,7.04,7.05,7.06,7.07,7.08,5400,33560,27210,6200,2300,27100,41500,6000,17100,27200,6.96,6.95,6.94,6.93,6.92,6.91,6.9,6.89,6.88,6.87,51670,53300,3100,18600,35800,6800,86800,8500,5200,11000,7,12,19,5,4,138,13,3,15,4,31,12,4,2,4,5,3,1,15,6,64375.78947368421,174000.0,666030.0,-1,-1,-1,-1,-1,-1,-1,19772.5,-1,-1,-1,-1,-1,-1,-1,-1,-1,144,304990,6.994692155082552,2133126.5,48,14032410,3,7700,6.994692155082552,53673.0,0,-1,-1,21918.738449896446
20230718093045000,6.97,6.97,6.97,6.97,6.97,6.97,6.97,6.97,6.97,6.97,6.99,7.0,7.01,7.02,7.03,7.04,7.05,7.06,7.07,7.08,5400,33560,27210,6200,2300,27100,41500,6000,17100,27200,6.96,6.95,6.94,6.93,6.92,6.91,6.9,6.89,6.88,6.87,51670,53300,3100,18600,35800,6800,86800,8500,5200,11000,7,12,19,5,4,138,13,3,15,4,31,12,4,2,4,5,3,1,15,6,64375.78947368421,174000.0,666030.0,-1,-1,-1,-1,-1,-1,-1,19772.5,-1,-1,-1,-1,-1,-1,-1,-1,-1,146,309190,6.994692155082552,2162400.5,48,14032410,2,4200,6.994692155082552,29274.0,0,-1,-1,22194.746096861556
20230718093048000,6.97,6.97,6.97,6.96,6.96,6.97,6.97,6.97,6.96,6.96,6.98,6.99,7.0,7.01,7.02,7.03,7.04,7.05,7.06,7.07,48000,5600,33560,18910,6200,2300,29100,41500,6000,17100,6.96,6.95,6.94,6.93,6.92,6.91,6.9,6.89,6.88,6.87,53270,53300,3100,18600,35800,6800,87800,8500,5200,11000,7,12,19,5,4,138,13,3,15,4,32,12,4,2,4,5,3,1,15,6,26100.0,64375.78947368421,174000.0,666030.0,-1,-1,-1,-1,-1,-1,19772.5,-1,-1,-1,-1,-1,-1,-1,-1,-1,155,323690,6.992682813803331,2263461.5,51,14049950,9,14500,6.969724137931035,101061.0,3,17540,5846.666666666667,28299.421897403223
20230718093051000,6.96,6.96,6.96,6.96,6.96,6.98,6.98,6.98,6.96,6.96,6.98,6.99,7.0,7.01,7.02,7.03,7.04,7.05,7.06,7.07,27700,14400,33560,18910,6200,2300,29100,41500,6000,17100,6.97,6.96,6.95,6.94,6.93,6.92,6.91,6.9,6.89,6.88,3400,160670,54300,3100,18600,35800,6800,89800,8500,5700,7,12,19,5,4,138,13,3,15,4,33,12,4,2,4,5,3,1,15,6,13060.555555555555,64375.78947368421,174000.0,666030.0,-1,-1,-1,-1,-1,-1,3430.0,5088.823529411765,-1,-1,-1,-1,-1,-1,-1,-1,196,411590,6.9880062683738675,2876193.5,67,14090140,41,87900,6.970784982935154,612732.0,16,40190,2511.875,31238.541898996344
20230718093054000,6.98,6.98,6.98,6.98,6.98,6.97,6.97,6.98,6.97,6.98,6.98,6.99,7.0,7.01,7.02,7.03,7.04,7.05,7.06,7.07,19400,14400,34060,8910,6200,3300,29100,41500,6000,17100,6.97,6.96,6.95,6.94,6.93,6.92,6.91,6.9,6.89,6.88,5500,202570,54900,3100,18600,35800,6800,94800,8500,5700,7,12,19,5,4,138,13,3,15,4,34,12,4,2,4,5,3,1,15,6,13060.555555555555,64375.78947368421,174000.0,666030.0,-1,-1,-1,-1,-1,-1,3430.0,5088.823529411765,-1,-1,-1,-1,-1,-1,-1,-1,199,416890,6.987875973853686,2913157.5,67,14090140,3,5300,6.987875973853686,36964.0,0,-1,-1,32967.13836227498
20230718093057000,6.97,6.98,6.98,6.98,6.98,6.98,6.98,6.98,6.97,6.98,6.98,6.99,7.0,7.01,7.02,7.03,7.04,7.05,7.06,7.07,13600,14400,34060,8910,6200,3300,29100,41500,6000,17100,6.97,6.96,6.95,6.94,6.93,6.92,6.91,6.9,6.89,6.88,10600,202570,56900,3100,18600,37400,7800,95100,8500,5700,7,12,19,5,4,138,13,3,15,4,35,12,4,2,4,5,3,1,15,6,13060.555555555555,64375.78947368421,174000.0,666030.0,-1,-1,-1,-1,-1,-1,3280.0,5088.823529411765,-1,-1,-1,-1,-1,-1,-1,-1,220,425390,6.987630481396828,2972460.5,70,14098930,21,8500,6.976823529411765,59303.0,3,8790,2930.0,28615.40166480803
20230718093100000,6.98,6.98,6.98,6.98,6.98,6.98,6.98,6.98,6.98,6.98,6.98,6.99,7.0,7.01,7.02,7.03,7.04,7.05,7.06,7.07,11100,14400,34860,8910,6200,3300,29100,41500,6000,17100,6.97,6.96,6.95,6.94,6.93,6.92,6.91,6.9,6.89,6.88,10600,203870,56900,3100,18600,37900,7800,95100,8500,5700,7,12,19,5,4,138,13,3,15,4,35,12,4,2,4,5,3,1,15,6,13060.555555555555,64375.78947368421,174000.0,666030.0,-1,-1,-1,-1,-1,-1,3280.0,5088.823529411765,-1,-1,-1,-1,-1,-1,-1,-1,222,428290,6.987630481396828,2992702.5,70,14098930,2,2900,6.987630481396828,20242.0,0,-1,-1,28389.688744623225
20230718093103000,6.98,6.98,6.98,6.98,6.98,6.98,6.98,6.98,6.98,6.98,6.98,6.99,7.0,7.01,7.02,7.03,7.04,7.05,7.06,7.07,8900,14400,34860,8910,6200,3300,29100,41500,6000,17100,6.97,6.96,6.95,6.94,6.93,6.92,6.91,6.9,6.89,6.88,12700,206070,56900,3800,18600,42900,7800,95100,8500,5700,7,13,19,5,4,138,13,3,15,4,35,12,4,2,5,5,3,1,15,6,13060.555555555555,64375.78947368421,174000.0,666030.0,-1,-1,-1,-1,-1,-1,3280.0,5088.823529411765,-1,-1,-1,-1,-1,-1,-1,-1,233,430590,6.987630481396828,3008756.5,70,14098930,11,2300,6.987630481396828,16054.0,0,-1,-1,32820.930978174285
20230718093106000,6.98,6.98,6.98,6.98,6.98,6.98,6.98,6.98,6.98,6.98,6.98,6.99,7.0,7.01,7.02,7.03,7.04,7.05,7.06,7.07,24300,14400,34860,8910,6200,3300,29100,41500,6000,17100,6.97,6.96,6.95,6.94,6.93,6.92,6.91,6.9,6.89,6.88,15700,195070,56900,3800,18600,42900,7800,96600,8500,5700,7,13,19,5,4,139,13,3,15,4,35,12,4,2,5,5,3,1,15,6,13060.555555555555,64375.78947368421,174000.0,666030.0,-1,-1,-1,-1,-1,-1,3280.0,5088.823529411765,-1,-1,-1,-1,-1,-1,-1,-1,234,430690,6.987630481396828,3009454.5,70,14098930,1,100,6.987630481396828,698.0,0,-1,-1,34504.57762466146
20230718093109000,6.98,6.97,6.97,6.97,6.97,6.97,6.97,6.97,6.97,6.97,6.98,6.99,7.0,7.01,7.02,7.03,7.04,7.05,7.06,7.07,24400,14300,36660,9510,6200,3300,29600,41500,6000,17100,6.97,6.96,6.95,6.94,6.93,6.92,6.91,6.9,6.89,6.88,17200,195070,56900,3800,18600,42900,7800,96600,8500,5700,7,13,19,5,4,139,13,3,15,4,36,12,4,2,5,5,3,1,15,6,13060.555555555555,64375.78947368421,174000.0,666030.0,-1,-1,-1,-1,-1,-1,3280.0,5088.823529411765,-1,-1,-1,-1,-1,-1,-1,-1,235,433390,6.987486384388978,3028273.5,70,14098930,1,2700,6.987486384388978,18819.0,0,-1,-1,34771.155010355265
20230718093112000,6.98,6.97,6.97,6.97,6.97,6.97,6.97,6.97,6.97,6.97,6.98,6.99,7.0,7.01,7.02,7.03,7.04,7.05,7.06,7.07,40000,19500,36660,9510,6200,3300,29600,41900,6000,17100,6.97,6.96,6.95,6.94,6.93,6.92,6.91,6.9,6.89,6.88,20200,195070,57900,3800,18600,42900,9100,96600,8500,6200,7,13,20,5,4,139,13,3,15,4,36,12,4,2,5,5,3,1,15,6,13060.555555555555,64375.78947368421,174000.0,666030.0,-1,-1,-1,-1,-1,-1,3280.0,5088.823529411765,-1,-1,-1,-1,-1,-1,-1,-1,235,433390,6.987486384388978,3028273.5,70,14098930,0,0,-1,0.0,0,-1,-1,37834.07320375974
20230718093115000,6.97,6.97,6.97,6.97,6.97,6.97,6.97,6.97,6.97,6.97,6.98,6.99,7.0,7.01,7.02,7.03,7.04,7.05,7.06,7.07,40000,19500,36660,9510,6200,3300,29600,41900,6000,17100,6.97,6.96,6.95,6.94,6.93,6.92,6.91,6.9,6.89,6.88,21400,195070,57900,3800,21100,42900,9100,96600,8500,6200,7,13,20,5,4,139,13,3,15,4,36,12,4,2,5,5,3,1,15,6,13060.555555555555,64375.78947368421,174000.0,666030.0,-1,-1,-1,-1,-1,-1,3280.0,5088.823529411765,-1,-1,-1,-1,-1,-1,-1,-1,236,434390,6.987486384388978,3035243.5,70,14098930,1,1000,6.987486384388978,6970.0,0,-1,-1,37999.67779193881
20230718093118000,6.98,6.98,6.98,6.98,6.98,6.98,6.98,6.98,6.98,6.98,6.98,6.99,7.0,7.01,7.02,7.03,7.04,7.05,7.06,7.07,38400,19500,36660,9510,6200,3300,29600,41900,6000,17100,6.97,6.96,6.95,6.94,6.93,6.92,6.91,6.9,6.89,6.88,21400,195070,58700,3800,21100,42900,9100,101600,8500,6200,7,13,20,5,4,140,13,3,15,4,38,12,4,2,5,5,3,1,15,6,13060.555555555555,64375.78947368421,174000.0,666030.0,-1,-1,-1,-1,-1,-1,3280.0,5088.823529411765,-1,-1,-1,-1,-1,-1,-1,-1,240,435990,6.987486384388978,3046411.5,70,14098930,4,1600,6.987486384388978,11168.0,0,-1,-1,38015.44965747968
20230718093121000,6.98,6.98,6.98,6.98,6.98,6.98,6.98,6.98,6.98,6.98,6.98,6.99,7.0,7.01,7.02,7.03,7.04,7.05,7.06,7.07,38400,19500,36660,9510,6200,3300,29600,41900,6000,17100,6.97,6.96,6.95,6.94,6.93,6.92,6.91,6.9,6.89,6.88,33900,195070,58700,3800,21100,42900,9100,102800,8500,8200,7,13,20,5,4,140,14,3,15,4,40,12,4,2,5,5,3,1,15,6,13060.555555555555,64375.78947368421,174000.0,666030.0,-1,-1,-1,-1,-1,-1,3280.0,5088.823529411765,-1,-1,-1,-1,-1,-1,-1,-1,240,435990,6.987486384388978,3046411.5,70,14098930,0,0,-1,0.0,0,-1,-1,39242.76366098454
20230718093124000,6.98,6.98,6.98,6.98,6.98,6.97,6.97,6.98,6.97,6.98,6.98,6.99,7.0,7.01,7.02,7.03,7.04,7.05,7.06,7.07,24200,19500,46660,9510,8200,3300,29600,41900,6000,17100,6.97,6.96,6.95,6.94,6.93,6.92,6.91,6.9,6.89,6.88,38600,200070,58700,3800,21100,42900,9100,102800,15500,8200,7,13,20,5,4,141,14,3,15,4,40,12,4,2,5,5,3,1,15,7,16037.0,64375.78947368421,174000.0,666030.0,-1,-1,-1,-1,-1,-1,3280.0,5088.823529411765,-1,-1,-1,-1,-1,-1,-1,-1,245,450590,6.98719966673422,3148315.5,72,14184580,5,14600,6.97972602739726,101904.0,2,85650,42825.0,38374.175959853426
20230718093127000,6.98,6.98,6.98,6.98,6.98,6.98,6.98,6.98,6.97,6.98,6.98,6.99,7.0,7.01,7.02,7.03,7.04,7.05,7.06,7.07,40100,19500,46660,9510,8200,3300,20200,41900,6000,17100,6.97,6.96,6.95,6.94,6.93,6.92,6.91,6.9,6.89,6.88,34900,200070,68700,3800,21100,42900,9100,102800,15500,8200,7,13,20,5,4,141,14,3,15,4,40,12,4,2,5,5,3,1,15,7,16878.695652173912,64375.78947368421,174000.0,666030.0,-1,-1,-1,-1,-1,-1,3280.0,5088.823529411765,-1,-1,-1,-1,-1,-1,-1,-1,253,454890,6.986947393875442,3178292.5,75,14252050,8,4300,6.971395348837209,29977.0,3,67470,22490.0,36172.64437629441
20230718093130000,6.98,6.97,6.97,6.97,6.97,6.97,6.97,6.97,6.97,6.97,6.98,6.99,7.0,7.01,7.02,7.03,7.04,7.05,7.06,7.07,40400,19500,46660,9510,8200,3300,20200,41900,6000,17100,6.97,6.96,6.95,6.94,6.93,6.92,6.91,6.9,6.89,6.88,35700,200070,68700,3800,21100,42900,9100,102800,15500,18200,7,13,20,5,4,141,14,3,15,4,40,12,4,2,5,5,3,1,15,7,16878.695652173912,64375.78947368421,174000.0,666030.0,-1,-1,-1,-1,-1,-1,3280.0,5088.823529411765,-1,-1,-1,-1,-1,-1,-1,-1,254,455090,6.9869399459447585,3179686.5,75,14252050,1,200,6.9869399459447585,1394.0,0,-1,-1,37778.17368966066
20230718093133000,6.98,6.97,6.97,6.97,6.97,6.97,6.97,6.97,6.97,6.97,6.98,6.99,7.0,7.01,7.02,7.03,7.04,7.05,7.06,7.07,47000,19500,46660,9510,8200,3300,20200,41900,6000,17100,6.97,6.96,6.95,6.94,6.93,6.92,6.91,6.9,6.89,6.88,39000,200070,68700,2800,21100,42900,9100,102800,15500,18200,7,13,20,5,4,141,14,3,15,4,40,12,4,2,5,5,3,1,15,7,16878.695652173912,64375.78947368421,174000.0,666030.0,-1,-1,-1,-1,-1,-1,3280.0,5088.823529411765,-1,-1,-1,-1,-1,-1,-1,-1,254,455090,6.9869399459447585,3179686.5,75,14252050,0,0,-1,0.0,0,-1,-1,42659.19467898677
20230718093136000,6.97,6.98,6.98,6.98,6.98,6.98,6.98,6.98,6.98,6.98,6.98,6.99,7.0,7.01,7.02,7.03,7.04,7.05,7.06,7.07,42000,19500,46660,9510,8200,13300,20200,41900,6000,17100,6.97,6.96,6.95,6.94,6.93,6.92,6.91,6.9,6.89,6.88,29000,200070,68700,2800,21100,42900,9100,102800,15500,19500,7,13,20,5,4,143,14,3,15,4,40,12,4,2,5,5,3,1,15,7,22093.684210526317,64375.78947368421,174000.0,666030.0,-1,-1,-1,-1,-1,-1,3280.0,5088.823529411765,-1,-1,-1,-1,-1,-1,-1,-1,270,460090,6.986864526505683,3214586.5,90,14703400,16,5000,6.98,34900.0,15,451350,30090.0,41473.347538633105
20230718093139000,6.98,6.98,6.98,6.98,6.98,6.98,6.98,6.98,6.98,6.98,6.98,6.99,7.0,7.01,7.02,7.03,7.04,7.05,7.06,7.07,60500,19500,46660,9510,8200,13300,20200,45900,6000,17100,6.97,6.96,6.95,6.94,6.93,6.92,6.91,6.9,6.89,6.88,36600,200070,72200,5800,21100,42900,9100,102700,15500,19500,7,13,23,5,4,144,14,3,15,4,40,12,4,2,6,5,3,1,15,7,22618.5,64375.78947368421,174000.0,666030.0,-1,-1,-1,-1,-1,-1,3280.0,5088.823529411765,-1,-1,-1,-1,-1,-1,-1,-1,273,462090,6.9868437019220355,3228546.5,92,14768580,3,2000,6.98,13960.0,2,65180,32590.0,44735.144575434126
20230718093142000,6.98,6.98,6.98,6.98,6.98,6.98,6.98,6.98,6.98,6.98,6.98,6.99,7.0,7.01,7.02,7.03,7.04,7.05,7.06,7.07,80100,19500,46660,9510,8200,13300,20200,45900,6000,17100,6.97,6.96,6.95,6.94,6.93,6.92,6.91,6.9,6.89,6.88,36600,200070,72200,6800,21100,42900,9800,102700,15500,19500,7,13,23,5,4,145,14,3,15,4,40,12,4,2,6,5,3,1,15,7,22618.5,64375.78947368421,174000.0,666030.0,-1,-1,-1,-1,-1,-1,3280.0,5088.823529411765,-1,-1,-1,-1,-1,-1,-1,-1,273,462090,6.9868437019220355,3228546.5,92,14768580,0,0,-1,0.0,0,-1,-1,47903.099012267005
20230718093145000,6.97,6.97,6.97,6.97,6.97,6.98,6.98,6.98,6.97,6.97,6.98,6.99,7.0,7.01,7.02,7.03,7.04,7.05,7.06,7.07,80000,19500,46660,9510,8200,13300,20200,45900,6000,17100,6.97,6.96,6.95,6.94,6.93,6.92,6.91,6.9,6.89,6.88,26200,202070,72200,6800,21100,42900,11800,102700,15500,19500,7,13,23,5,4,145,14,3,15,4,40,12,4,2,7,5,3,1,15,7,22618.5,64375.78947368421,174000.0,666030.0,-1,-1,-1,-1,-1,-1,3280.0,5088.823529411765,-1,-1,-1,-1,-1,-1,-1,-1,277,472790,6.9868437019220355,3303126.5,92,14768580,4,10700,6.9868437019220355,74580.0,0,-1,-1,47039.80842759281
20230718093148000,6.98,6.97,6.97,6.97,6.97,6.98,6.98,6.98,6.97,6.97,6.98,6.99,7.0,7.01,7.02,7.03,7.04,7.05,7.06,7.07,78800,19500,46660,9510,8200,13300,20200,45900,6000,17100,6.97,6.96,6.95,6.94,6.93,6.92,6.91,6.9,6.89,6.88,26100,203170,77200,6800,21100,42900,11800,102700,15500,19500,7,13,23,5,4,145,14,3,15,4,40,12,4,2,7,5,3,1,15,7,23390.47619047619,64375.78947368421,174000.0,666030.0,-1,-1,-1,-1,-1,-1,3280.0,5088.823529411765,-1,-1,-1,-1,-1,-1,-1,-1,281,474190,6.9864436656885305,3312896.5,94,14846240,4,1400,6.978571428571429,9770.0,2,77660,38830.0,47279.01505496257
20230718093151000,6.97,6.97,6.97,6.97,6.97,6.97,6.97,6.97,6.97,6.97,6.98,6.99,7.0,7.01,7.02,7.03,7.04,7.05,7.06,7.07,80500,19500,46660,9510,8200,13300,20200,45900,6000,17100,6.97,6.96,6.95,6.94,6.93,6.92,6.91,6.9,6.89,6.88,29100,203170,77200,6800,21100,42900,12000,112700,15500,19500,7,13,23,5,4,146,14,3,15,4,41,12,4,2,7,6,3,1,15,7,23390.47619047619,64375.78947368421,174000.0,666030.0,-1,-1,-1,-1,-1,-1,3280.0,5088.823529411765,-1,-1,-1,-1,-1,-1,-1,-1,282,475590,6.9864436656885305,3322654.5,94,14846240,1,1400,6.9864436656885305,9758.0,0,-1,-1,48202.87398438745
20230718093154000,6.98,6.97,6.97,6.97,6.97,6.97,6.97,6.98,6.97,6.97,6.98,6.99,7.0,7.01,7.02,7.03,7.04,7.05,7.06,7.07,74600,19500,46660,9510,8200,13300,20200,45900,6000,17100,6.97,6.96,6.95,6.94,6.93,6.92,6.91,6.9,6.89,6.88,18900,204170,78400,6800,21100,42900,12000,112700,15500,19500,7,13,23,5,4,146,14,3,15,4,41,12,4,2,7,6,3,1,15,7,24297.5,64375.78947368421,174000.0,666030.0,-1,-1,-1,-1,-1,-1,3280.0,5088.823529411765,-1,-1,-1,-1,-1,-1,-1,-1,288,487890,6.986235508070016,3408449.5,96,14932930,6,12300,6.975203252032521,85795.0,2,86690,43345.0,41642.89409749881
20230718093157000,6.97,6.97,6.97,6.97,6.97,6.97,6.97,6.97,6.97,6.97,6.98,6.99,7.0,7.01,7.02,7.03,7.04,7.05,7.06,7.07,86000,19500,46660,9510,8200,13300,20200,45900,6000,17100,6.97,6.96,6.95,6.94,6.93,6.92,6.91,6.9,6.89,6.88,16100,202470,81200,6800,23100,42900,12000,112700,15500,19500,7,13,23,5,4,146,14,3,15,4,41,12,4,2,7,6,3,1,15,7,24297.5,64375.78947368421,174000.0,666030.0,-1,-1,-1,-1,-1,-1,3280.0,5088.823529411765,-1,-1,-1,-1,-1,-1,-1,-1,294,490690,6.986235508070016,3427965.5,96,14932930,6,2800,6.986235508070016,19516.0,0,-1,-1,47699.81718974033
20230718093200000,6.97,6.97,6.97,6.97,6.97,6.97,6.97,6.97,6.97,6.97,6.98,6.99,7.0,7.01,7.02,7.03,7.04,7.05,7.06,7.07,86000,19500,46660,9510,8200,13300,20200,45900,6000,17100,6.97,6.96,6.95,6.94,6.93,6.92,6.91,6.9,6.89,6.88,13600,202570,81200,6800,23100,42900,12000,114200,15500,19500,7,13,23,5,4,146,15,3,15,4,41,12,4,2,7,6,3,1,15,7,24297.5,64375.78947368421,174000.0,666030.0,-1,-1,-1,-1,-1,-1,3280.0,5088.823529411765,-1,-1,-1,-1,-1,-1,-1,-1,296,493190,6.986235508070016,3445390.5,96,14932930,2,2500,6.986235508070016,17425.0,0,-1,-1,47738.918273060386
20230718093203000,6.97,6.97,6.97,6.97,6.97,6.97,6.97,6.97,6.97,6.97,6.98,6.99,7.0,7.01,7.02,7.03,7.04,7.05,7.06,7.07,82200,19500,46660,9510,8200,13300,20200,45900,6000,17100,6.97,6.96,6.95,6.94,6.93,6.92,6.91,6.9,6.89,6.88,11700,202570,81200,6800,23100,42900,12000,114200,15500,19500,7,13,23,5,4,146,15,3,15,4,42,12,4,2,7,6,4,1,15,7,24297.5,64375.78947368421,174000.0,666030.0,-1,-1,-1,-1,-1,-1,8873.636363636364,5088.823529411765,-1,-1,-1,-1,-1,-1,-1,-1,302,497290,6.98579802529711,3473967.5,97,14997740,6,4100,6.97,28577.0,1,64810,64810.0,46878.69444001912
20230718093206000,6.97,6.97,6.97,6.97,6.97,6.97,6.97,6.97,6.97,6.97,6.98,6.99,7.0,7.01,7.02,7.03,7.04,7.05,7.06,7.07,82200,19500,46660,9510,8200,13300,20200,45900,6000,17100,6.97,6.96,6.95,6.94,6.93,6.92,6.91,6.9,6.89,6.88,11700,202570,81200,6800,23100,42900,15500,114200,15500,19500,7,13,23,5,4,146,15,3,15,4,42,12,4,2,7,6,4,1,15,7,24297.5,64375.78947368421,174000.0,666030.0,-1,-1,-1,-1,-1,-1,8873.636363636364,5088.823529411765,-1,-1,-1,-1,-1,-1,-1,-1,302,497290,6.98579802529711,3473967.5,97,14997740,0,0,-1,0.0,0,-1,-1,47081.10004779354
20230718093209000,6.97,6.97,6.97,6.97,6.97,6.97,6.97,6.97,6.97,6.97,6.98,6.99,7.0,7.01,7.02,7.03,7.04,7.05,7.06,7.07,82200,19500,46660,9510,8200,13300,20200,45900,6000,17100,6.97,6.96,6.95,6.94,6.93,6.92,6.91,6.9,6.89,6.88,19400,202570,81200,6800,23100,42900,15500,114200,15500,19500,7,13,23,5,4,148,15,3,15,4,42,13,4,2,7,6,4,1,15,7,24297.5,64375.78947368421,174000.0,666030.0,-1,-1,-1,-1,-1,-1,8873.636363636364,5088.823529411765,-1,-1,-1,-1,-1,-1,-1,-1,303,497890,6.98579802529711,3478149.5,97,14997740,1,600,6.98579802529711,4182.0,0,-1,-1,47133.23482555361
20230718093212000,6.97,6.97,6.97,6.97,6.97,6.97,6.97,6.97,6.97,6.97,6.98,6.99,7.0,7.01,7.02,7.03,7.04,7.05,7.06,7.07,92200,19500,46660,9510,8200,13300,20200,47800,6000,17100,6.97,6.96,6.95,6.94,6.93,6.92,6.91,6.9,6.89,6.88,3700,202570,81200,6800,24100,43400,15500,114200,15500,19500,7,13,24,5,4,148,15,3,15,4,42,13,4,2,7,6,4,1,15,7,24297.5,64375.78947368421,174000.0,666030.0,-1,-1,-1,-1,-1,-1,8762.5,5088.823529411765,-1,-1,-1,-1,-1,-1,-1,-1,308,514690,6.985263945287454,3595245.5,98,15005280,5,16800,6.97,117096.0,1,7540,7540.0,41784.56707025649
20230718093215000,6.97,6.97,6.97,6.97,6.97,6.97,6.97,6.97,6.97,6.97,6.97,6.98,6.99,7.0,7.01,7.02,7.03,7.04,7.05,7.06,600,92200,19500,46660,9510,8200,13300,19200,47800,6000,6.96,6.95,6.94,6.93,6.92,6.91,6.9,6.89,6.88,6.87,202570,81500,6800,24100,43400,15500,114200,15500,19500,11000,7,13,24,5,4,148,15,3,15,4,42,13,4,2,7,6,4,1,15,7,11428.809523809523,24297.5,64375.78947368421,174000.0,666030.0,-1,-1,-1,-1,-1,5088.823529411765,-1,-1,-1,-1,-1,-1,-1,-1,-1,310,518990,6.98524913138842,3625216.5,98,15005280,2,4300,6.98524913138842,29971.0,0,-1,-1,48427.979528437136
20230718093218000,6.98,6.97,6.97,6.97,6.97,6.98,6.98,6.98,6.97,6.97,6.98,6.99,7.0,7.01,7.02,7.03,7.04,7.05,7.06,7.07,91300,19500,46660,9510,8200,13300,19200,47800,6000,17200,6.97,6.96,6.95,6.94,6.93,6.92,6.91,6.9,6.89,6.88,6700,202570,81500,6800,24100,43400,15500,114200,15500,19500,7,13,24,5,4,149,15,3,15,4,42,13,4,2,7,6,4,1,15,7,24297.5,64375.78947368421,174000.0,666030.0,-1,-1,-1,-1,-1,-1,8762.5,5088.823529411765,-1,-1,-1,-1,-1,-1,-1,-1,313,520790,6.98524913138842,3637777.5,98,15005280,3,1800,6.98524913138842,12561.0,0,-1,-1,41986.666002867605
20230718093221000,6.97,6.97,6.97,6.97,6.97,6.97,6.97,6.97,6.97,6.97,6.98,6.99,7.0,7.01,7.02,7.03,7.04,7.05,7.06,7.07,92200,19500,46660,9510,8200,13300,19200,47800,6000,17200,6.97,6.96,6.95,6.94,6.93,6.92,6.91,6.9,6.89,6.88,5600,203270,81500,6800,24100,43400,15500,114200,15500,19500,7,13,24,5,4,150,15,3,15,4,42,13,4,2,7,6,4,1,15,7,24297.5,64375.78947368421,174000.0,666030.0,-1,-1,-1,-1,-1,-1,8762.5,5088.823529411765,-1,-1,-1,-1,-1,-1,-1,-1,314,522790,6.98524913138842,3651717.5,98,15005280,1,2000,6.98524913138842,13940.0,0,-1,-1,48030.87402421538
20230718093224000,6.97,6.97,6.97,6.97,6.97,6.97,6.97,6.97,6.97,6.97,6.98,6.99,7.0,7.01,7.02,7.03,7.04,7.05,7.06,7.07,91700,19500,46660,9510,8200,13300,19200,47800,6000,17200,6.97,6.96,6.95,6.94,6.93,6.92,6.91,6.9,6.89,6.88,4800,203270,81500,6800,24100,43400,15500,114200,15500,19500,7,13,24,5,4,150,15,3,15,4,42,13,4,2,7,6,4,1,15,7,24297.5,64375.78947368421,174000.0,666030.0,-1,-1,-1,-1,-1,-1,8762.5,5088.823529411765,-1,-1,-1,-1,-1,-1,-1,-1,315,523590,6.98524913138842,3657293.5,98,15005280,1,800,6.98524913138842,5576.0,0,-1,-1,42011.96670383942
20230718093227000,6.97,6.97,6.97,6.97,6.97,6.97,6.97,6.97,6.97,6.97,6.97,6.98,6.99,7.0,7.01,7.02,7.03,7.04,7.05,7.06,11100,95500,19500,46660,9510,8200,13300,19200,47800,6000,6.97,6.96,6.95,6.94,6.93,6.92,6.91,6.9,6.89,6.88,3500,203270,81500,6800,24100,43400,15500,114200,15500,19500,7,13,24,5,4,151,15,3,15,4,42,13,4,2,7,6,4,1,15,7,10435.0,24297.5,64375.78947368421,174000.0,666030.0,-1,-1,-1,-1,-1,6830.0,5088.823529411765,-1,-1,-1,-1,-1,-1,-1,-1,320,527090,6.984933313096435,3681688.5,102,15009410,5,3500,6.97,24395.0,4,4130,1032.5,43635.811693484146
20230718093230000,6.97,6.97,6.97,6.97,6.97,6.97,6.97,6.97,6.97,6.97,6.97,6.98,6.99,7.0,7.01,7.02,7.03,7.04,7.05,7.06,1600,95500,19500,46660,9510,8200,13300,19200,47800,6000,6.97,6.96,6.95,6.94,6.93,6.92,6.91,6.9,6.89,6.88,13000,203270,81700,6800,30100,43400,15500,115200,15500,19500,7,13,24,5,4,151,15,3,15,4,43,13,4,2,7,6,4,1,15,7,10212.978723404256,24297.5,64375.78947368421,174000.0,666030.0,-1,-1,-1,-1,-1,4047.4074074074074,5088.823529411765,-1,-1,-1,-1,-1,-1,-1,-1,332,536890,6.9846607312484865,3749994.5,102,15009410,12,9800,6.9846607312484865,68306.0,0,-1,-1,43418.817110084434
20230718093233000,6.97,6.97,6.97,6.97,6.97,6.97,6.97,6.97,6.97,6.97,6.97,6.98,6.99,7.0,7.01,7.02,7.03,7.04,7.05,7.06,1600,95500,19500,46660,9510,8200,13300,19200,47800,6000,6.97,6.96,6.95,6.94,6.93,6.92,6.91,6.9,6.89,6.88,13700,210170,81700,6800,32200,43400,15500,115200,15500,19500,7,13,24,5,4,151,15,3,15,4,43,13,4,2,7,6,4,1,15,7,9796.122448979591,24297.5,64375.78947368421,174000.0,666030.0,-1,-1,-1,-1,-1,4047.4074074074074,5088.823529411765,-1,-1,-1,-1,-1,-1,-1,-1,334,537990,6.9846307552184985,3757661.5,102,15009410,2,1100,6.9846307552184985,7667.0,0,-1,-1,44051.334634379484
20230718093236000,6.97,6.97,6.97,6.97,6.97,6.97,6.97,6.97,6.97,6.97,6.98,6.99,7.0,7.01,7.02,7.03,7.04,7.05,7.06,7.07,101700,19500,46660,9510,8200,13300,19200,47800,6000,17200,6.97,6.96,6.95,6.94,6.93,6.92,6.91,6.9,6.89,6.88,6700,202270,81700,6800,32200,43400,15500,115200,15500,19500,7,13,24,5,4,152,15,3,15,4,43,13,4,2,7,6,4,1,15,7,24297.5,64375.78947368421,174000.0,666030.0,-1,-1,-1,-1,-1,-1,4018.5416666666665,5088.823529411765,-1,-1,-1,-1,-1,-1,-1,-1,358,565090,6.983929108637562,3946548.5,123,15093030,24,27100,6.97,188887.0,21,83620,3981.904761904762,49755.133224470286
20230718093239000,6.97,6.98,6.98,6.98,6.98,6.98,6.98,6.98,6.98,6.98,6.98,6.99,7.0,7.01,7.02,7.03,7.04,7.05,7.06,7.07,91800,19500,46660,9510,8200,13300,19200,47800,6000,17200,6.97,6.96,6.95,6.94,6.93,6.92,6.91,6.9,6.89,6.88,21300,202270,81700,6800,37800,43400,15500,115200,15500,19500,7,13,24,5,4,152,15,3,15,4,43,13,4,2,7,6,4,1,15,7,27583.91304347826,64375.78947368421,174000.0,666030.0,-1,-1,-1,-1,-1,-1,4018.5416666666665,5088.823529411765,-1,-1,-1,-1,-1,-1,-1,-1,361,571590,6.983884427649189,3991918.5,125,15292800,3,6500,6.98,45370.0,2,199770,99885.0,50523.35450852318
20230718093242000,6.97,6.98,6.98,6.98,6.98,6.98,6.98,6.98,6.98,6.98,6.98,6.99,7.0,7.01,7.02,7.03,7.04,7.05,7.06,7.07,91800,19500,46660,9510,8200,13300,16300,47800,6000,17200,6.97,6.96,6.95,6.94,6.93,6.92,6.91,6.9,6.89,6.88,21300,211270,81700,6800,37800,43400,15500,135200,15500,19500,7,13,24,5,4,152,15,3,15,4,44,13,4,2,7,6,4,1,15,7,27583.91304347826,64375.78947368421,174000.0,666030.0,-1,-1,-1,-1,-1,-1,4018.5416666666665,5088.823529411765,-1,-1,-1,-1,-1,-1,-1,-1,361,571590,6.983884427649189,3991918.5,125,15292800,0,0,-1,0.0,0,-1,-1,50506.10403058786
20230718093245000,6.97,6.98,6.98,6.98,6.98,6.98,6.98,6.98,6.98,6.98,6.98,6.99,7.0,7.01,7.02,7.03,7.04,7.05,7.06,7.07,95900,19500,46660,9510,8200,13300,16300,47800,6000,17200,6.97,6.96,6.95,6.94,6.93,6.92,6.91,6.9,6.89,6.88,29000,211270,79800,7800,37800,43400,15500,135200,15500,19500,7,13,24,5,4,152,16,3,15,4,44,13,4,2,8,6,4,1,15,7,27583.91304347826,64375.78947368421,174000.0,666030.0,-1,-1,-1,-1,-1,-1,4018.5416666666665,5088.823529411765,-1,-1,-1,-1,-1,-1,-1,-1,361,571590,6.983884427649189,3991918.5,125,15292800,0,0,-1,0.0,0,-1,-1,52245.87223195794
20230718093248000,6.99,6.99,6.99,6.99,6.99,6.98,6.98,6.99,6.98,6.99,6.99,7.0,7.01,7.02,7.03,7.04,7.05,7.06,7.07,7.08,14600,46660,9510,8200,13300,16300,47800,6000,17200,30600,6.98,6.97,6.96,6.95,6.94,6.93,6.92,6.91,6.9,6.89,35200,31500,211270,79800,7800,38800,43400,15500,135200,15500,7,13,24,5,4,152,16,3,15,4,44,13,4,2,8,6,4,1,15,7,71481.0,174000.0,666030.0,-1,-1,-1,-1,-1,-1,-1,17.166666666666668,4018.5416666666665,5088.823529411765,-1,-1,-1,-1,-1,-1,-1,399,703390,6.983226232957534,4911931.5,158,18524150,38,131800,6.980371775417299,920013.0,33,3231350,97919.69696969698,35257.15011151824
20230718093251000,6.99,6.99,6.99,6.99,6.99,6.99,6.99,6.99,6.98,6.99,7.0,7.01,7.02,7.03,7.04,7.05,7.06,7.07,7.08,7.09,46660,9510,8200,13300,16300,47800,6000,17200,30600,86000,6.98,6.97,6.96,6.95,6.94,6.93,6.92,6.91,6.9,6.89,31600,31500,227670,79800,7800,38800,43400,15500,135200,15500,7,14,24,5,4,152,16,3,15,4,44,13,4,2,8,6,4,1,15,7,174000.0,666030.0,-1,-1,-1,-1,-1,-1,-1,-1,64.91803278688525,4018.5416666666665,5088.823529411765,-1,-1,-1,-1,-1,-1,-1,409,727290,6.9832966159595085,5078949.5,159,18527080,10,23900,6.988200836820083,167018.0,1,2930,2930.0,43401.3350326589
20230718093254000,6.98,6.98,6.98,6.98,6.98,6.98,6.98,6.99,6.98,6.98,6.99,7.0,7.01,7.02,7.03,7.04,7.05,7.06,7.07,7.08,16500,46660,9510,8200,14300,16300,47800,6000,17200,30600,6.98,6.97,6.96,6.95,6.94,6.93,6.92,6.91,6.9,6.89,41300,31500,237670,79800,7800,38800,43400,15500,140200,15500,7,14,24,5,4,152,16,3,15,4,45,13,4,2,8,6,4,1,15,7,71481.0,174000.0,666030.0,-1,-1,-1,-1,-1,-1,-1,266.1904761904762,4018.5416666666665,5088.823529411765,-1,-1,-1,-1,-1,-1,-1,419,742590,6.9833871988580505,5185793.5,161,18539890,10,15300,6.98326797385621,106844.0,2,12810,6405.0,39079.389238489726
20230718093257000,6.98,6.98,6.98,6.98,6.98,6.98,6.98,6.98,6.98,6.98,6.99,7.0,7.01,7.02,7.03,7.04,7.05,7.06,7.07,7.08,37900,46660,9510,8200,14300,16300,48000,6000,17200,30600,6.98,6.97,6.96,6.95,6.94,6.93,6.92,6.91,6.9,6.89,51300,31500,237670,80300,7800,38800,43400,15500,139200,15500,7,14,25,5,4,152,16,3,15,4,45,13,4,2,8,6,4,1,15,7,71481.0,174000.0,666030.0,-1,-1,-1,-1,-1,-1,-1,266.1904761904762,4018.5416666666665,5088.823529411765,-1,-1,-1,-1,-1,-1,-1,419,742590,6.9833871988580505,5185793.5,161,18539890,0,0,-1,0.0,0,-1,-1,45953.32543412457
20230718093300000,6.98,6.99,6.99,6.99,6.99,6.99,6.99,6.99,6.99,6.99,6.99,7.0,7.01,7.02,7.03,7.04,7.05,7.06,7.07,7.08,36300,46660,9510,8200,14400,16300,48000,6000,17200,30600,6.98,6.97,6.96,6.95,6.94,6.93,6.92,6.91,6.9,6.89,51400,31500,237670,80300,7800,38800,43400,15500,139200,15500,7,14,25,5,4,153,16,3,15,4,45,13,4,2,8,6,4,1,15,7,71481.0,174000.0,666030.0,-1,-1,-1,-1,-1,-1,-1,266.1904761904762,4018.5416666666665,5088.823529411765,-1,-1,-1,-1,-1,-1,-1,420,744190,6.9833871988580505,5196977.5,161,18539890,1,1600,6.9833871988580505,11184.0,0,-1,-1,45764.72020869841
20230718093303000,6.98,6.99,6.99,6.99,6.99,6.98,6.98,6.99,6.98,6.99,6.99,7.0,7.01,7.02,7.03,7.04,7.05,7.06,7.07,7.08,14800,46660,9510,8200,14400,16300,48000,6000,17200,30600,6.98,6.97,6.96,6.95,6.94,6.93,6.92,6.91,6.9,6.89,62000,31500,241670,80300,109400,38800,43400,15500,141300,15500,7,14,25,5,4,153,16,3,15,4,46,13,4,2,9,6,4,1,15,7,71481.0,174000.0,666030.0,-1,-1,-1,-1,-1,-1,-1,1061.09375,4018.5416666666665,5088.823529411765,-1,-1,-1,-1,-1,-1,-1,424,748690,6.983399671426091,5228401.5,162,18591030,4,4500,6.9831111111111115,31424.0,1,51140,51140.0,47794.810219850246
20230718093306000,6.99,6.98,6.98,6.98,6.98,6.99,6.99,6.99,6.98,6.98,6.99,7.0,7.01,7.02,7.03,7.04,7.05,7.06,7.07,7.08,11100,56960,9510,8200,14400,16300,48000,6000,17200,30600,6.99,6.98,6.97,6.96,6.95,6.94,6.93,6.92,6.91,6.9,500,61100,38500,241670,80300,109400,38800,43400,15500,141300,7,14,25,5,4,154,16,3,15,4,46,13,4,2,9,6,4,1,15,7,59860.416666666664,174000.0,666030.0,-1,-1,-1,-1,-1,-1,-1,19626.896551724138,1061.09375,4018.5416666666665,5088.823529411765,-1,-1,-1,-1,-1,-1,437,753690,6.983431516936672,5263342.5,166,18598060,13,5000,6.9882,34941.0,4,7030,1757.5,42712.97096542934
20230718093309000,6.99,6.98,6.98,6.98,6.98,6.98,6.98,6.98,6.98,6.98,6.99,7.0,7.01,7.02,7.03,7.04,7.05,7.06,7.07,7.08,11100,56960,9510,8200,14400,16300,48000,6000,17200,30600,6.99,6.98,6.97,6.96,6.95,6.94,6.93,6.92,6.91,6.9,500,61100,41300,241670,80300,109400,38800,43400,15500,141300,7,14,25,5,4,155,16,3,15,4,46,13,4,2,9,6,4,1,15,7,59860.416666666664,174000.0,666030.0,-1,-1,-1,-1,-1,-1,-1,19626.896551724138,1061.09375,4018.5416666666665,5088.823529411765,-1,-1,-1,-1,-1,-1,437,753690,6.983431516936672,5263342.5,166,18598060,0,0,-1,0.0,0,-1,-1,42895.136012426316
20230718093312000,6.99,6.99,6.99,6.99,6.99,6.99,6.99,6.99,6.99,6.99,6.99,7.0,7.01,7.02,7.03,7.04,7.05,7.06,7.07,7.08,10600,56960,9510,8200,14900,16300,48000,6000,17200,30600,6.99,6.98,6.97,6.96,6.95,6.94,6.93,6.92,6.91,6.9,3900,61100,41300,241670,80300,109400,38800,43400,15500,141300,7,14,25,5,4,155,16,3,15,4,46,13,4,2,9,6,4,1,15,7,57466.0,174000.0,666030.0,-1,-1,-1,-1,-1,-1,-1,19626.896551724138,1061.09375,4018.5416666666665,5088.823529411765,-1,-1,-1,-1,-1,-1,439,754390,6.983431516936672,5268235.5,166,18598060,2,700,6.983431516936672,4893.0,0,-1,-1,40126.91313525569
20230718093315000,6.99,6.99,6.99,6.99,6.99,6.99,6.99,6.99,6.99,6.99,6.99,7.0,7.01,7.02,7.03,7.04,7.05,7.06,7.07,7.08,10600,56960,9510,8200,14900,16400,48000,6000,17200,30600,6.99,6.98,6.97,6.96,6.95,6.94,6.93,6.92,6.91,6.9,3900,61100,42300,241670,80300,109400,38800,43400,15500,141300,7,14,25,5,4,155,16,3,15,4,46,13,4,2,9,6,4,1,15,7,57466.0,174000.0,666030.0,-1,-1,-1,-1,-1,-1,-1,19626.896551724138,1061.09375,4018.5416666666665,5088.823529411765,-1,-1,-1,-1,-1,-1,439,754390,6.983431516936672,5268235.5,166,18598060,0,0,-1,0.0,0,-1,-1,43221.08790027083
20230718093318000,6.99,6.99,6.99,6.99,6.99,6.99,6.99,6.99,6.99,6.99,6.99,7.0,7.01,7.02,7.03,7.04,7.05,7.06,7.07,7.08,10600,56960,9510,8200,14900,16400,48000,6000,17200,31400,6.99,6.98,6.97,6.96,6.95,6.94,6.93,6.92,6.91,6.9,8400,61100,42300,242670,81300,109400,38800,43400,15500,141300,7,14,25,5,4,155,16,3,16,4,46,13,4,2,9,6,4,1,15,7,57466.0,174000.0,666030.0,-1,-1,-1,-1,-1,-1,-1,19626.896551724138,1061.09375,4018.5416666666665,5088.823529411765,-1,-1,-1,-1,-1,-1,439,754390,6.983431516936672,5268235.5,166,18598060,0,0,-1,0.0,0,-1,-1,43720.530309064845
20230718093321000,6.99,7.0,7.0,7.0,7.0,6.99,6.99,7.0,6.99,7.0,7.0,7.01,7.02,7.03,7.04,7.05,7.06,7.07,7.08,7.09,42260,9510,8200,14900,16400,48000,6000,17200,31400,97000,6.99,6.98,6.97,6.96,6.95,6.94,6.93,6.92,6.91,6.9,6800,61100,42300,242670,81300,109400,38800,43400,15500,141300,7,14,25,5,4,155,17,3,16,4,46,13,4,2,9,6,4,1,15,7,191273.33333333334,666030.0,-1,-1,-1,-1,-1,-1,-1,-1,19626.896551724138,1061.09375,4018.5416666666665,5088.823529411765,-1,-1,-1,-1,-1,-1,444,774290,6.9835722443193005,5407515.5,169,19534620,5,19900,6.998994974874372,139280.0,3,936560,312186.6666666667,39592.033415644415
20230718093324000,6.99,7.0,7.0,7.0,7.0,7.0,7.0,7.0,7.0,7.0,7.0,7.01,7.02,7.03,7.04,7.05,7.06,7.07,7.08,7.09,42260,12510,8200,14900,16400,48000,6000,17200,31400,97000,6.99,6.98,6.97,6.96,6.95,6.94,6.93,6.92,6.91,6.9,13300,61100,42300,243670,81300,109400,38800,43400,15500,141300,7,14,25,5,4,155,17,3,16,4,46,13,4,2,9,6,4,1,15,7,191273.33333333334,666030.0,-1,-1,-1,-1,-1,-1,-1,-1,19626.896551724138,1061.09375,4018.5416666666665,5088.823529411765,-1,-1,-1,-1,-1,-1,444,774290,6.9835722443193005,5407515.5,169,19534620,0,0,-1,0.0,0,-1,-1,46767.91062609527
20230718093327000,7.0,7.0,7.0,7.0,7.0,7.0,7.0,7.0,7.0,7.0,7.0,7.01,7.02,7.03,7.04,7.05,7.06,7.07,7.08,7.09,70560,12510,8200,14900,16400,48000,7400,17200,31400,97000,6.99,6.98,6.97,6.96,6.95,6.94,6.93,6.92,6.91,6.9,6500,61100,42300,243870,81300,109400,38800,43400,15500,141300,7,14,25,5,4,155,17,3,16,4,46,13,4,2,9,6,4,1,15,7,191273.33333333334,666030.0,-1,-1,-1,-1,-1,-1,-1,-1,19626.896551724138,1061.09375,4018.5416666666665,5088.823529411765,-1,-1,-1,-1,-1,-1,449,791490,6.9835722443193005,5527915.5,169,19534620,5,17200,6.9835722443193005,120400.0,0,-1,-1,50408.911502310024
20230718093330000,6.99,6.99,6.99,6.99,6.99,6.99,6.99,6.99,6.99,6.99,7.0,7.01,7.02,7.03,7.04,7.05,7.06,7.07,7.08,7.09,102860,13010,8200,14900,16400,48000,7400,17200,31400,97000,6.99,6.98,6.97,6.96,6.95,6.94,6.93,6.92,6.91,6.9,2200,61100,42300,243870,81300,109700,38800,43400,15500,141300,7,14,25,5,4,155,17,3,16,4,46,13,4,2,10,6,4,1,15,7,191273.33333333334,666030.0,-1,-1,-1,-1,-1,-1,-1,-1,19626.896551724138,1061.09375,4018.5416666666665,5088.823529411765,-1,-1,-1,-1,-1,-1,451,795890,6.9835722443193005,5558671.5,169,19534620,2,4400,6.9835722443193005,30756.0,0,-1,-1,54453.57356221125
20230718093333000,6.99,6.99,6.99,6.99,6.99,6.99,6.99,6.99,6.99,6.99,7.0,7.01,7.02,7.03,7.04,7.05,7.06,7.07,7.08,7.09,102860,13010,8200,14900,16400,48500,7400,17200,60300,97000,7.01,6.99,6.98,6.97,6.96,6.95,6.94,6.93,6.92,6.91,300,3700,61100,42300,243870,81300,109700,38800,43400,15500,7,14,26,5,4,155,18,3,16,4,46,13,4,2,10,6,4,2,15,7,191273.33333333334,666030.0,-1,-1,-1,-1,-1,-1,-1,-1,382371.25,19626.896551724138,1061.09375,4018.5416666666665,5088.823529411765,-1,-1,-1,-1,-1,451,795890,6.9835722443193005,5558671.5,169,19534620,0,0,-1,0.0,0,-1,-1,48230.941333439536
20230718093336000,6.99,7.0,7.0,7.0,7.0,7.0,7.0,7.0,7.0,7.0,7.0,7.01,7.02,7.03,7.04,7.05,7.06,7.07,7.08,7.09,101560,13010,8200,14900,16900,48500,7400,17200,60300,97000,7.0,6.99,6.98,6.97,6.96,6.95,6.94,6.93,6.92,6.91,300,3700,61100,52300,243870,81300,109700,38800,43400,15500,7,14,26,5,4,155,18,3,16,4,46,13,4,2,10,6,4,2,15,7,191273.33333333334,666030.0,-1,-1,-1,-1,-1,-1,-1,-1,230347.2093023256,19626.896551724138,1061.09375,4018.5416666666665,5088.823529411765,-1,-1,-1,-1,-1,452,797390,6.984250492230903,5569171.5,169,19534620,1,1500,6.984250492230903,10500.0,0,-1,-1,48506.948980404646
20230718093339000,6.99,7.0,7.0,7.0,7.0,7.0,7.0,7.0,6.99,7.0,7.0,7.01,7.02,7.03,7.04,7.05,7.06,7.07,7.08,7.09,76460,13010,8200,14900,22300,48500,7400,17200,61300,97000,6.99,6.98,6.97,6.96,6.95,6.94,6.93,6.92,6.91,6.9,9900,61100,52300,243870,81300,109700,40800,43400,15500,139800,7,14,26,5,4,155,19,3,16,4,46,13,4,2,10,6,4,2,15,7,171314.44444444444,666030.0,-1,-1,-1,-1,-1,-1,-1,-1,18981.612903225807,1061.09375,4018.5416666666665,5088.823529411765,-1,-1,-1,-1,-1,-1,460,827390,6.984760483022882,5779122.5,174,19588800,8,30000,6.998366666666667,209951.0,5,54180,10836.0,53591.1372869205
20230718093342000,6.99,7.0,7.0,7.0,7.0,7.0,7.0,7.0,7.0,7.0,7.0,7.01,7.02,7.03,7.04,7.05,7.06,7.07,7.08,7.09,79760,13010,8200,14900,22300,48500,7400,17700,61300,98000,6.99,6.98,6.97,6.96,6.95,6.94,6.93,6.92,6.91,6.9,10200,61100,62300,243870,94400,109700,40800,43400,15500,139800,7,14,26,5,4,155,19,3,16,4,46,13,4,2,10,6,4,2,15,7,171314.44444444444,666030.0,-1,-1,-1,-1,-1,-1,-1,-1,18981.612903225807,1061.09375,4018.5416666666665,5088.823529411765,-1,-1,-1,-1,-1,-1,460,827390,6.984760483022882,5779122.5,174,19588800,0,0,-1,0.0,0,-1,-1,54836.57698741437
20230718093345000,6.99,7.0,7.0,7.0,7.0,7.0,7.0,7.0,7.0,7.0,7.0,7.01,7.02,7.03,7.04,7.05,7.06,7.07,7.08,7.09,79760,13010,8200,15200,22300,51000,7400,17700,61300,99000,6.99,6.98,6.97,6.96,6.95,6.94,6.93,6.92,6.91,6.9,15700,61100,62300,243870,94400,109700,40800,43400,15500,140800,7,14,27,5,4,155,19,3,16,4,47,13,4,2,10,6,4,2,15,7,171314.44444444444,666030.0,-1,-1,-1,-1,-1,-1,-1,-1,18981.612903225807,1061.09375,4018.5416666666665,5088.823529411765,-1,-1,-1,-1,-1,-1,460,827390,6.984760483022882,5779122.5,174,19588800,0,0,-1,0.0,0,-1,-1,55521.1516249801
20230718093348000,6.99,7.0,7.0,7.0,7.0,7.0,7.0,7.0,7.0,7.0,7.0,7.01,7.02,7.03,7.04,7.05,7.06,7.07,7.08,7.09,80660,13010,8200,15200,22300,51000,7400,17700,61300,99100,6.99,6.98,6.97,6.96,6.95,6.94,6.93,6.92,6.91,6.9,17400,61100,62300,243870,94400,109700,40800,43400,15500,140800,7,14,27,5,4,156,19,3,16,4,47,13,4,2,10,6,4,2,15,7,171314.44444444444,666030.0,-1,-1,-1,-1,-1,-1,-1,-1,18981.612903225807,1061.09375,4018.5416666666665,5088.823529411765,-1,-1,-1,-1,-1,-1,460,827390,6.984760483022882,5779122.5,174,19588800,0,0,-1,0.0,0,-1,-1,55804.268559821576
20230718093351000,6.99,7.0,7.0,7.0,7.0,7.0,7.0,7.0,7.0,7.0,7.0,7.01,7.02,7.03,7.04,7.05,7.06,7.07,7.08,7.09,80660,13010,8200,15200,22300,51000,7400,17700,61300,99100,6.99,6.98,6.97,6.96,6.95,6.94,6.93,6.92,6.91,6.9,17400,61100,62300,245370,100400,109700,40800,43400,15500,140800,7,14,27,5,4,156,19,3,16,4,47,13,4,2,10,6,4,2,15,7,171314.44444444444,666030.0,-1,-1,-1,-1,-1,-1,-1,-1,18981.612903225807,1061.09375,4018.5416666666665,5088.823529411765,-1,-1,-1,-1,-1,-1,460,827390,6.984760483022882,5779122.5,174,19588800,0,0,-1,0.0,0,-1,-1,56040.84654293452
20230718093354000,7.0,7.0,7.0,7.0,7.0,7.0,7.0,7.0,7.0,7.0,7.0,7.01,7.02,7.03,7.04,7.05,7.06,7.07,7.08,7.09,77960,13010,8200,15200,22300,51000,7400,17700,61300,99100,6.99,6.98,6.97,6.96,6.95,6.94,6.93,6.92,6.91,6.9,21300,61100,62300,245370,100400,109700,40800,43400,15500,140800,7,14,27,5,4,156,19,3,16,4,47,13,4,2,10,6,4,2,15,7,171314.44444444444,666030.0,-1,-1,-1,-1,-1,-1,-1,-1,18981.612903225807,1061.09375,4018.5416666666665,5088.823529411765,-1,-1,-1,-1,-1,-1,464,830390,6.984760483022882,5800122.5,174,19588800,4,3000,6.984760483022882,21000.0,0,-1,-1,55829.24068026127
20230718093357000,7.0,7.0,7.0,7.0,7.0,7.0,7.0,7.0,6.99,7.0,7.0,7.01,7.02,7.03,7.04,7.05,7.06,7.07,7.08,7.09,59260,21610,8200,15200,22300,51000,7400,17700,61300,99100,7.0,6.99,6.98,6.97,6.96,6.95,6.94,6.93,6.92,6.91,2800,27300,61100,62300,245370,101800,109700,40800,43400,15500,7,14,27,5,4,157,19,3,16,4,47,13,4,2,10,6,4,2,15,7,160306.55172413794,666030.0,-1,-1,-1,-1,-1,-1,-1,-1,170774.6551724138,18981.612903225807,1061.09375,4018.5416666666665,5088.823529411765,-1,-1,-1,-1,-1,477,850790,6.985161438192739,5942905.5,176,19612200,13,20400,6.9991666666666665,142783.0,2,23400,11700.0,47039.15684244064
20230718093400000,7.0,7.0,7.0,7.0,7.0,7.0,7.0,7.0,7.0,7.0,7.0,7.01,7.02,7.03,7.04,7.05,7.06,7.07,7.08,7.09,59260,21610,8200,15200,22600,51300,7400,17700,61300,99100,7.0,6.99,6.98,6.97,6.96,6.95,6.94,6.93,6.92,6.91,1800,33300,61100,61600,245370,101800,109700,42100,43400,15500,7,14,28,5,4,157,19,3,16,4,47,13,4,2,10,6,4,2,15,7,154963.0,666030.0,-1,-1,-1,-1,-1,-1,-1,-1,167928.13559322033,18981.612903225807,1061.09375,4018.5416666666665,5088.823529411765,-1,-1,-1,-1,-1,479,852790,6.985184076799399,5956905.5,177,19615030,2,2000,7.0,14000.0,1,2830,2830.0,47093.7669268759
20230718093403000,7.0,7.0,7.0,7.0,7.0,7.0,7.0,7.0,7.0,7.0,7.0,7.01,7.02,7.03,7.04,7.05,7.06,7.07,7.08,7.09,59260,21610,8200,15200,22600,51300,7400,17700,61300,99100,7.0,6.99,6.98,6.97,6.96,6.95,6.94,6.93,6.92,6.91,5300,33300,61200,103300,245370,103800,109700,42100,43400,15500,7,14,28,5,4,157,19,3,16,4,47,13,4,2,10,6,4,2,15,7,154963.0,666030.0,-1,-1,-1,-1,-1,-1,-1,-1,167928.13559322033,18981.612903225807,1061.09375,4018.5416666666665,5088.823529411765,-1,-1,-1,-1,-1,479,852790,6.985184076799399,5956905.5,177,19615030,0,0,-1,0.0,0,-1,-1,47835.30747172216
20230718093406000,7.0,7.0,7.0,7.0,7.0,7.0,7.0,7.0,7.0,7.0,7.0,7.01,7.02,7.03,7.04,7.05,7.06,7.07,7.08,7.09,59260,21610,8200,15200,22600,61300,7400,17700,61300,99100,7.0,6.99,6.98,6.97,6.96,6.95,6.94,6.93,6.92,6.91,5300,33300,61300,103300,245370,133800,109700,42100,43400,15500,7,14,29,5,4,157,19,3,16,4,47,13,4,2,10,6,4,2,15,7,154963.0,666030.0,-1,-1,-1,-1,-1,-1,-1,-1,167928.13559322033,18981.612903225807,1061.09375,4018.5416666666665,5088.823529411765,-1,-1,-1,-1,-1,479,852790,6.985184076799399,5956905.5,177,19615030,0,0,-1,0.0,0,-1,-1,50153.37740959057
20230718093409000,7.0,7.0,7.0,7.0,7.0,7.0,7.0,7.0,7.0,7.0,7.0,7.01,7.02,7.03,7.04,7.05,7.06,7.07,7.08,7.09,59260,21310,8200,15200,17200,61300,7400,17700,61300,99100,7.0,6.99,6.98,6.97,6.96,6.95,6.94,6.93,6.92,6.91,17900,33300,61300,103300,245370,133800,109700,42100,43400,15500,7,14,29,5,4,157,19,3,16,4,47,13,4,2,10,6,4,2,15,7,154963.0,666030.0,-1,-1,-1,-1,-1,-1,-1,-1,167928.13559322033,18981.612903225807,1061.09375,4018.5416666666665,5088.823529411765,-1,-1,-1,-1,-1,479,852790,6.985184076799399,5956905.5,177,19615030,0,0,-1,0.0,0,-1,-1,52099.2313206946
20230718093412000,7.0,7.0,7.0,7.0,7.0,7.0,7.0,7.0,7.0,7.0,7.0,7.01,7.02,7.03,7.04,7.05,7.06,7.07,7.08,7.09,59260,13010,8200,15200,17200,61300,8200,17700,61300,99100,7.0,6.99,6.98,6.97,6.96,6.95,6.94,6.93,6.92,6.91,20700,33300,61300,103300,245370,133800,109700,42100,43400,16500,7,14,29,5,4,158,19,3,16,4,47,13,4,2,10,6,4,2,15,7,149964.1935483871,666030.0,-1,-1,-1,-1,-1,-1,-1,-1,167928.13559322033,18981.612903225807,1061.09375,4018.5416666666665,5088.823529411765,-1,-1,-1,-1,-1,480,852890,6.985184076799399,5957605.5,177,19615030,1,100,6.985184076799399,700.0,0,-1,-1,51639.21857575274
20230718093415000,7.0,7.0,7.0,7.0,7.0,7.0,7.0,7.0,7.0,7.0,7.0,7.01,7.02,7.03,7.04,7.05,7.06,7.07,7.08,7.09,59260,24810,8200,15200,17200,61300,8200,17700,61300,99100,7.0,6.99,6.98,6.97,6.96,6.95,6.94,6.93,6.92,6.91,17100,35300,63300,103300,245370,133800,110500,42100,43400,16500,7,14,29,5,4,158,19,3,16,4,47,13,4,2,11,6,4,2,15,7,149964.1935483871,666030.0,-1,-1,-1,-1,-1,-1,-1,-1,167928.13559322033,18981.612903225807,1061.09375,4018.5416666666665,5088.823529411765,-1,-1,-1,-1,-1,480,852890,6.985184076799399,5957605.5,177,19615030,0,0,-1,0.0,0,-1,-1,52533.17667675641
20230718093418000,7.0,7.0,7.0,7.0,7.0,7.0,7.0,7.0,7.0,7.0,7.0,7.01,7.02,7.03,7.04,7.05,7.06,7.07,7.08,7.09,59260,24810,8200,15200,17200,61300,6800,17700,61300,99100,7.0,6.99,6.98,6.97,6.96,6.95,6.94,6.93,6.92,6.91,16100,34500,63300,103500,245370,135700,110500,42100,43400,16500,7,14,29,5,4,158,19,3,16,4,47,13,4,2,11,6,4,2,15,7,145277.8125,666030.0,-1,-1,-1,-1,-1,-1,-1,-1,167928.13559322033,18981.612903225807,1061.09375,4018.5416666666665,5088.823529411765,-1,-1,-1,-1,-1,481,853890,6.985215308763424,5964605.5,177,19615030,1,1000,6.985215308763424,7000.0,0,-1,-1,52467.624860602205
20230718093421000,7.01,7.0,7.0,7.0,7.0,7.01,7.01,7.01,7.0,7.0,7.0,7.01,7.02,7.03,7.04,7.05,7.06,7.07,7.08,7.09,58360,23910,8200,15200,17200,61500,6800,17700,61300,99100,7.0,6.99,6.98,6.97,6.96,6.95,6.94,6.93,6.92,6.91,15800,34500,63300,103500,245370,135700,110500,42100,43400,16500,7,14,30,5,4,158,19,3,16,4,47,13,4,2,11,6,4,2,15,7,140875.45454545456,666030.0,-1,-1,-1,-1,-1,-1,-1,-1,167928.13559322033,18981.612903225807,1061.09375,4018.5416666666665,5088.823529411765,-1,-1,-1,-1,-1,483,855190,6.985248307393679,5973714.5,177,19615030,2,1300,6.985248307393679,9109.0,0,-1,-1,52388.10837183368
20230718093424000,7.01,7.0,7.0,7.0,7.0,7.0,7.0,7.0,7.0,7.0,7.0,7.01,7.02,7.03,7.04,7.05,7.06,7.07,7.08,7.09,58360,23910,8200,15200,22600,61500,6800,17700,61300,99100,7.0,6.99,6.98,6.97,6.96,6.95,6.94,6.93,6.92,6.91,15800,34500,63300,103500,245370,135700,110500,42100,43400,16500,7,14,30,5,4,158,19,3,17,4,47,13,4,2,11,6,4,2,15,7,140875.45454545456,666030.0,-1,-1,-1,-1,-1,-1,-1,-1,167928.13559322033,18981.612903225807,1061.09375,4018.5416666666665,5088.823529411765,-1,-1,-1,-1,-1,483,855190,6.985248307393679,5973714.5,177,19615030,0,0,-1,0.0,0,-1,-1,52544.51270511391
20230718093427000,7.01,7.0,7.0,7.0,7.0,7.0,7.0,7.0,7.0,7.0,7.0,7.01,7.02,7.03,7.04,7.05,7.06,7.07,7.08,7.09,58360,23910,8200,15200,22600,61500,6800,17700,61300,100100,7.0,6.99,6.98,6.97,6.96,6.95,6.94,6.93,6.92,6.91,17800,34500,65100,103500,245370,135700,110500,42100,43400,16500,7,14,30,5,4,158,19,3,17,4,47,13,4,2,11,6,4,2,15,7,140875.45454545456,666030.0,-1,-1,-1,-1,-1,-1,-1,-1,167928.13559322033,18981.612903225807,1061.09375,4018.5416666666665,5088.823529411765,-1,-1,-1,-1,-1,483,855190,6.985248307393679,5973714.5,177,19615030,0,0,-1,0.0,0,-1,-1,52827.88055599809
20230718093430000,7.01,7.0,7.0,7.0,7.0,7.0,7.0,7.0,7.0,7.0,7.0,7.01,7.02,7.03,7.04,7.05,7.06,7.07,7.08,7.09,58360,23910,8200,15200,23600,62200,6800,17700,61300,100100,7.0,6.99,6.98,6.97,6.96,6.95,6.94,6.93,6.92,6.91,17900,34500,66400,103500,245370,135700,110500,42100,43400,16500,7,14,31,5,4,159,19,3,17,4,47,13,4,2,11,6,4,2,15,7,140875.45454545456,666030.0,-1,-1,-1,-1,-1,-1,-1,-1,167928.13559322033,18981.612903225807,1061.09375,4018.5416666666665,5088.823529411765,-1,-1,-1,-1,-1,483,855190,6.985248307393679,5973714.5,177,19615030,0,0,-1,0.0,0,-1,-1,53007.53644256811
20230718093433000,7.0,7.01,7.01,7.01,7.01,7.01,7.01,7.01,7.01,7.01,7.0,7.01,7.02,7.03,7.04,7.05,7.06,7.07,7.08,7.09,56360,47710,27500,15200,26600,62200,6800,17700,61300,100100,7.0,6.99,6.98,6.97,6.96,6.95,6.94,6.93,6.92,6.91,22900,34500,66400,103500,245770,137700,110500,42100,43400,16500,7,14,31,5,4,159,19,3,17,4,47,13,4,2,11,6,4,2,15,7,140875.45454545456,666030.0,-1,-1,-1,-1,-1,-1,-1,-1,167928.13559322033,18981.612903225807,1061.09375,4018.5416666666665,5088.823529411765,-1,-1,-1,-1,-1,484,857190,6.985306058166801,5987734.5,177,19615030,1,2000,6.985306058166801,14020.0,0,-1,-1,52631.88475784611
20230718093436000,7.01,7.01,7.01,7.01,7.01,7.01,7.01,7.01,7.01,7.01,7.0,7.01,7.02,7.03,7.04,7.05,7.06,7.07,7.08,7.09,56260,47610,27500,15200,26600,62200,6800,17700,61300,100100,7.0,6.99,6.98,6.97,6.96,6.95,6.94,6.93,6.92,6.91,22900,34500,66400,103500,245770,137700,111000,42100,43400,16500,7,14,31,5,4,159,19,3,17,4,47,13,4,2,12,6,4,2,15,7,140875.45454545456,666030.0,-1,-1,-1,-1,-1,-1,-1,-1,167928.13559322033,18981.612903225807,1061.09375,4018.5416666666665,5088.823529411765,-1,-1,-1,-1,-1,485,857290,6.985308938632201,5988435.5,177,19615030,1,100,6.985308938632201,701.0,0,-1,-1,52010.867552174604
20230718093439000,7.0,7.0,7.0,7.0,7.0,7.0,7.0,7.0,7.0,7.0,7.0,7.01,7.02,7.03,7.04,7.05,7.06,7.07,7.08,7.09,56260,47610,27500,14900,26600,62200,6800,17700,61300,100100,7.0,6.99,6.98,6.97,6.96,6.95,6.94,6.93,6.92,6.91,23300,34500,67400,103500,245770,141700,111000,42100,43400,16500,7,14,31,5,4,159,19,3,17,4,47,13,4,2,12,6,4,2,15,7,132825.42857142858,666030.0,-1,-1,-1,-1,-1,-1,-1,-1,167928.13559322033,18981.612903225807,1061.09375,4018.5416666666665,5088.823529411765,-1,-1,-1,-1,-1,487,858490,6.985308938632201,5996835.5,177,19615030,2,1200,6.985308938632201,8400.0,0,-1,-1,57158.056197227976
20230718093442000,7.0,7.0,7.0,7.0,7.0,7.0,7.0,7.0,7.0,7.0,7.0,7.01,7.02,7.03,7.04,7.05,7.06,7.07,7.08,7.09,33660,47410,27500,14900,26600,62200,6800,17700,61300,100100,7.0,6.99,6.98,6.97,6.96,6.95,6.94,6.93,6.92,6.91,23300,41600,67400,103500,245770,141700,111000,42100,43400,16500,7,14,31,5,4,159,19,3,17,4,47,13,4,2,12,6,4,2,15,7,132825.42857142858,666030.0,-1,-1,-1,-1,-1,-1,-1,-1,80550.89430894308,18981.612903225807,1061.09375,4018.5416666666665,5088.823529411765,-1,-1,-1,-1,-1,551,881290,6.985308938632201,6156435.5,177,19615030,64,22800,6.985308938632201,159600.0,0,-1,-1,54494.122391269724
20230718093445000,7.0,7.0,7.0,7.0,7.0,7.0,7.0,7.0,7.0,7.0,7.0,7.01,7.02,7.03,7.04,7.05,7.06,7.07,7.08,7.09,39260,47410,27500,14900,26600,62200,6800,17700,61300,100100,7.0,6.99,6.98,6.97,6.96,6.95,6.94,6.93,6.92,6.91,22500,41600,69400,103500,245770,141700,111000,42100,43400,16500,7,14,31,5,4,160,19,3,17,4,47,13,4,2,12,6,4,2,15,7,125645.67567567568,666030.0,-1,-1,-1,-1,-1,-1,-1,-1,79907.66129032258,18981.612903225807,1061.09375,4018.5416666666665,5088.823529411765,-1,-1,-1,-1,-1,555,885390,6.985775195111759,6185135.5,178,19615820,4,4100,7.0,28700.0,1,790,790.0,55303.744822367385
20230718093448000,7.0,6.99,6.99,6.99,6.99,7.0,7.0,7.0,6.99,6.99,7.0,7.01,7.02,7.03,7.04,7.05,7.06,7.07,7.08,7.09,41360,50110,27500,14900,26600,72200,6800,17700,61300,100100,7.0,6.99,6.98,6.97,6.96,6.95,6.94,6.93,6.92,6.91,21300,41200,69500,103500,245770,141700,111000,42100,43400,16500,7,14,32,5,4,160,19,3,17,4,47,13,4,2,12,6,4,2,15,7,125645.67567567568,666030.0,-1,-1,-1,-1,-1,-1,-1,-1,79907.66129032258,18981.612903225807,1061.09375,4018.5416666666665,5088.823529411765,-1,-1,-1,-1,-1,557,886590,6.985789936723852,6193531.5,178,19615820,2,1200,6.985789936723852,8396.0,0,-1,-1,55717.36199617652
20230718093451000,6.99,7.0,7.0,7.0,7.0,7.0,7.0,7.0,7.0,7.0,7.0,7.01,7.02,7.03,7.04,7.05,7.06,7.07,7.08,7.09,45260,83910,27600,14900,26600,75200,6800,17700,61300,100300,7.0,6.99,6.98,6.97,6.96,6.95,6.94,6.93,6.92,6.91,21300,41200,69500,103500,245770,141700,111000,42100,43400,16500,7,14,34,5,4,160,19,3,17,4,47,13,4,2,12,6,4,2,15,7,125645.67567567568,666030.0,-1,-1,-1,-1,-1,-1,-1,-1,79268.4,18981.612903225807,1061.09375,4018.5416666666665,5088.823529411765,-1,-1,-1,-1,-1,558,887590,6.985789936723852,6200531.5,178,19615820,1,1000,6.985789936723852,7000.0,0,-1,-1,59876.862952047166
20230718093454000,7.0,7.0,7.0,7.0,7.0,7.0,7.0,7.0,7.0,7.0,7.0,7.01,7.02,7.03,7.04,7.05,7.06,7.07,7.08,7.09,42160,83910,27600,14900,26600,75200,6800,17700,61300,100300,7.0,6.99,6.98,6.97,6.96,6.95,6.94,6.93,6.92,6.91,18600,42200,69700,103500,245770,141700,111000,42100,43400,16500,7,14,34,5,4,160,19,3,17,4,47,13,5,2,12,6,4,2,15,7,122461.84210526316,666030.0,-1,-1,-1,-1,-1,-1,-1,-1,78020.07874015748,18981.612903225807,1061.09375,4018.5416666666665,5088.823529411765,-1,-1,-1,-1,-1,562,890690,6.98583148708375,6222231.5,179,19620480,4,3100,7.0,21700.0,1,4660,4660.0,59280.18460251713
20230718093457000,7.0,7.0,7.0,7.0,7.0,7.0,7.0,7.0,7.0,7.0,7.0,7.01,7.02,7.03,7.04,7.05,7.06,7.07,7.08,7.09,55260,83910,27600,15200,26600,76700,6800,17700,61300,100300,7.0,6.99,6.98,6.97,6.96,6.95,6.94,6.93,6.92,6.91,18600,42200,72900,103500,245770,141700,111000,42100,43400,16500,7,14,34,5,4,160,19,3,17,4,48,13,5,2,12,6,4,2,15,7,122461.84210526316,666030.0,-1,-1,-1,-1,-1,-1,-1,-1,78020.07874015748,18981.612903225807,1061.09375,4018.5416666666665,5088.823529411765,-1,-1,-1,-1,-1,562,890690,6.98583148708375,6222231.5,179,19620480,0,0,-1,0.0,0,-1,-1,61286.76019595349
20230718093500000,7.0,7.0,7.0,7.0,7.0,7.0,7.0,7.0,7.0,7.0,7.0,7.01,7.02,7.03,7.04,7.05,7.06,7.07,7.08,7.09,49760,89910,27600,15200,28600,90700,6800,17700,61300,100300,7.0,6.99,6.98,6.97,6.96,6.95,6.94,6.93,6.92,6.91,18100,42200,72900,103500,245770,143700,111000,42100,43400,16500,7,14,36,5,4,160,19,3,17,4,49,13,5,2,12,6,4,2,15,7,122461.84210526316,666030.0,-1,-1,-1,-1,-1,-1,-1,-1,75637.78625954199,18981.612903225807,1061.09375,4018.5416666666665,5088.823529411765,-1,-1,-1,-1,-1,567,897290,6.98583148708375,6268431.5,179,19620480,5,6600,6.98583148708375,46200.0,0,-1,-1,61989.922534650315
20230718093503000,6.99,7.0,7.0,7.0,7.0,6.99,6.99,7.0,6.99,7.0,7.0,7.01,7.02,7.03,7.04,7.05,7.06,7.07,7.08,7.09,40760,89910,27600,15200,28600,90700,6800,17700,61300,100300,7.0,6.99,6.98,6.97,6.96,6.95,6.94,6.93,6.92,6.91,17400,41500,72900,103500,245770,143700,111000,42100,43400,16500,7,14,36,5,4,160,19,3,17,4,49,13,5,2,12,6,4,2,15,7,118886.5,666030.0,-1,-1,-1,-1,-1,-1,-1,-1,75064.77272727272,18981.612903225807,1061.09375,4018.5416666666665,5088.823529411765,-1,-1,-1,-1,-1,572,906990,6.986101831332209,6336324.5,181,19722390,5,9700,6.999278350515464,67893.0,2,101910,50955.0,60842.19073602039
20230718093506000,7.0,7.0,7.0,7.0,7.0,7.0,7.0,7.0,7.0,7.0,7.0,7.01,7.02,7.03,7.04,7.05,7.06,7.07,7.08,7.09,40260,89910,27900,15200,28600,90700,6800,17700,61300,100300,7.0,6.99,6.98,6.97,6.96,6.95,6.94,6.93,6.92,6.91,17400,41500,72900,103500,245770,146200,111000,42100,43400,16500,7,14,36,5,4,160,19,3,17,4,49,13,5,2,12,6,4,2,15,7,118886.5,666030.0,-1,-1,-1,-1,-1,-1,-1,-1,74500.37593984962,18981.612903225807,1061.09375,4018.5416666666665,5088.823529411765,-1,-1,-1,-1,-1,573,907490,6.986109488809794,6339824.5,181,19722390,1,500,6.986109488809794,3500.0,0,-1,-1,60402.87856460093
20230718093509000,7.0,7.0,7.0,7.0,7.0,7.0,7.0,7.0,7.0,7.0,7.0,7.01,7.02,7.03,7.04,7.05,7.06,7.07,7.08,7.09,39760,89910,27900,15200,28600,90700,6800,17700,61300,100300,7.0,6.99,6.98,6.97,6.96,6.95,6.94,6.93,6.92,6.91,17400,45100,72900,103500,245770,146200,111000,42100,48500,16500,7,14,36,5,4,161,19,3,17,4,49,13,5,2,12,6,4,2,15,7,118886.5,666030.0,-1,-1,-1,-1,-1,-1,-1,-1,73944.40298507463,18981.612903225807,1061.09375,4018.5416666666665,5088.823529411765,-1,-1,-1,-1,-1,574,908190,6.986120195113357,6344724.5,181,19722390,1,700,6.986120195113357,4900.0,0,-1,-1,60668.53592480485
20230718093512000,7.0,6.99,6.99,6.99,6.99,7.0,7.0,7.0,6.99,6.99,7.0,7.01,7.02,7.03,7.04,7.05,7.06,7.07,7.08,7.09,69960,89910,27900,15200,28600,90700,6800,17700,61300,100300,7.0,6.99,6.98,6.97,6.96,6.95,6.94,6.93,6.92,6.91,7400,49600,70800,103500,245770,146200,112000,42100,48500,16500,7,14,36,5,4,161,19,3,17,4,49,13,5,2,13,6,4,2,15,7,118886.5,666030.0,-1,-1,-1,-1,-1,-1,-1,-1,73396.66666666667,18981.612903225807,1061.09375,4018.5416666666665,5088.823529411765,-1,-1,-1,-1,-1,576,918390,6.986120195113357,6416024.5,181,19722390,2,10200,6.986120195113357,71300.0,0,-1,-1,64247.36538155169
20230718093515000,7.0,6.99,6.99,6.99,6.99,6.99,6.99,6.99,6.99,6.99,7.0,7.01,7.02,7.03,7.04,7.05,7.06,7.07,7.08,7.09,76160,89910,27900,15200,28600,90700,6800,17700,61300,100300,7.0,6.99,6.98,6.97,6.96,6.95,6.94,6.93,6.92,6.91,7400,51600,71800,103500,245770,146200,112000,42100,48500,16500,7,14,36,5,4,161,19,3,17,4,49,13,5,2,13,6,4,2,15,7,118886.5,666030.0,-1,-1,-1,-1,-1,-1,-1,-1,73396.66666666667,18981.612903225807,1061.09375,4018.5416666666665,5088.823529411765,-1,-1,-1,-1,-1,576,918390,6.986120195113357,6416024.5,181,19722390,0,0,-1,0.0,0,-1,-1,65221.67237533853
20230718093518000,7.0,6.99,6.99,6.99,6.99,6.99,6.99,6.99,6.99,6.99,7.0,7.01,7.02,7.03,7.04,7.05,7.06,7.07,7.08,7.09,70160,89910,28100,15200,28600,90700,6800,17700,61300,100300,7.0,6.99,6.98,6.97,6.96,6.95,6.94,6.93,6.92,6.91,7400,59700,71800,103500,247270,140200,112000,42100,48500,16500,7,14,36,5,4,161,19,3,17,4,49,13,5,2,13,6,4,2,15,7,118886.5,666030.0,-1,-1,-1,-1,-1,-1,-1,-1,73396.66666666667,18981.612903225807,1061.09375,4018.5416666666665,5088.823529411765,-1,-1,-1,-1,-1,576,918390,6.986120195113357,6416024.5,181,19722390,0,0,-1,0.0,0,-1,-1,64915.106738888
20230718093521000,7.0,6.99,6.99,6.99,6.99,7.0,7.0,7.0,6.99,6.99,7.0,7.01,7.02,7.03,7.04,7.05,7.06,7.07,7.08,7.09,76460,119010,28100,15200,28600,90700,6800,17700,61300,100300,6.99,6.98,6.97,6.96,6.95,6.94,6.93,6.92,6.91,6.9,26700,72100,103500,247270,140200,112000,53300,48500,16500,143300,7,14,36,5,4,162,19,3,17,4,49,13,5,2,13,6,4,2,15,7,118886.5,666030.0,-1,-1,-1,-1,-1,-1,-1,-1,35571.42857142857,1061.09375,4018.5416666666665,5088.823529411765,-1,-1,-1,-1,-1,-1,584,946490,6.986272726305599,6612461.5,185,20378960,8,28100,6.990640569395018,196437.0,4,656570,164142.5,74731.21913334394
20230718093524000,6.99,7.0,7.0,7.0,7.0,7.0,7.0,7.0,7.0,7.0,7.0,7.01,7.02,7.03,7.04,7.05,7.06,7.07,7.08,7.09,76360,119010,28100,15200,28600,90700,6800,17700,61300,100300,6.99,6.98,6.97,6.96,6.95,6.94,6.93,6.92,6.91,6.9,34700,111500,103500,257270,141200,112000,53300,48500,16500,143300,7,14,36,5,4,162,19,3,17,4,49,13,5,2,13,6,4,2,15,7,118886.5,666030.0,-1,-1,-1,-1,-1,-1,-1,-1,35571.42857142857,1061.09375,4018.5416666666665,5088.823529411765,-1,-1,-1,-1,-1,-1,585,946690,6.986272726305599,6613861.5,185,20378960,1,200,6.986272726305599,1400.0,0,-1,-1,78232.24470288354
20230718093527000,7.0,7.0,7.0,7.0,7.0,7.0,7.0,7.0,7.0,7.0,7.0,7.01,7.02,7.03,7.04,7.05,7.06,7.07,7.08,7.09,77160,119010,28100,15200,28600,90700,8600,17700,61300,100300,6.99,6.98,6.97,6.96,6.95,6.94,6.93,6.92,6.91,6.9,35700,111500,103500,257270,141200,112000,53300,48500,16500,143300,7,14,36,5,4,162,19,3,17,4,49,13,5,2,13,6,4,2,15,7,118886.5,666030.0,-1,-1,-1,-1,-1,-1,-1,-1,35571.42857142857,1061.09375,4018.5416666666665,5088.823529411765,-1,-1,-1,-1,-1,-1,586,946790,6.986272726305599,6614561.5,185,20378960,1,100,6.986272726305599,700.0,0,-1,-1,78818.76095268442
20230718093530000,7.0,7.0,7.0,7.0,7.0,7.0,7.0,7.0,7.0,7.0,7.0,7.01,7.02,7.03,7.04,7.05,7.06,7.07,7.08,7.09,80760,119010,28100,15200,30100,90700,8600,17700,61300,100300,6.99,6.98,6.97,6.96,6.95,6.94,6.93,6.92,6.91,6.9,37100,110500,103500,257270,141200,112000,53300,48500,16500,143300,7,14,36,5,4,162,19,3,17,4,49,13,5,2,13,6,4,2,15,7,111762.32558139534,666030.0,-1,-1,-1,-1,-1,-1,-1,-1,35571.42857142857,1061.09375,4018.5416666666665,5088.823529411765,-1,-1,-1,-1,-1,-1,591,947390,6.986311339575043,6618761.5,188,20429280,5,600,7.0,4200.0,3,50320,16773.333333333332,79540.98096224312
20230718093533000,7.0,7.0,7.0,7.0,7.0,7.0,7.0,7.0,7.0,7.0,7.0,7.01,7.02,7.03,7.04,7.05,7.06,7.07,7.08,7.09,69460,119010,28000,15200,30100,91700,8600,17700,61300,100300,6.99,6.98,6.97,6.96,6.95,6.94,6.93,6.92,6.91,6.9,37200,110500,103500,257270,141200,112000,53300,48500,16500,143300,7,14,37,5,4,163,19,3,18,4,49,13,5,2,13,6,4,2,15,7,103267.02127659574,666030.0,-1,-1,-1,-1,-1,-1,-1,-1,35571.42857142857,1061.09375,4018.5416666666665,5088.823529411765,-1,-1,-1,-1,-1,-1,598,958690,6.986440155166825,6697861.5,192,20477050,7,11300,7.0,79100.0,4,47770,11942.5,68829.28946949179
20230718093536000,7.0,6.99,6.99,6.99,6.99,7.0,7.0,7.0,6.99,6.99,7.0,7.01,7.02,7.03,7.04,7.05,7.06,7.07,7.08,7.09,62660,119010,28000,15200,30100,91700,8600,17700,61300,100300,6.99,6.98,6.97,6.96,6.95,6.94,6.93,6.92,6.91,6.9,23900,110500,103500,257270,141200,112300,53300,48500,16500,143300,7,14,37,5,4,163,19,3,18,4,49,13,5,2,13,6,4,2,15,7,103267.02127659574,666030.0,-1,-1,-1,-1,-1,-1,-1,-1,34969.72972972973,1061.09375,4018.5416666666665,5088.823529411765,-1,-1,-1,-1,-1,-1,612,978790,6.9866145955720835,6838428.5,194,20525930,14,20100,6.993383084577115,140567.0,2,48880,24440.0,75902.60873028517
20230718093539000,7.0,7.0,7.0,7.0,7.0,7.0,7.0,7.0,7.0,7.0,7.0,7.01,7.02,7.03,7.04,7.05,7.06,7.07,7.08,7.09,56760,119010,28000,15200,30600,91700,8600,17700,61300,100300,6.99,6.98,6.97,6.96,6.95,6.94,6.93,6.92,6.91,6.9,24200,110500,103500,257270,141200,112300,53300,48500,16500,143300,7,14,37,5,4,163,19,3,18,4,49,13,5,2,14,6,4,2,15,7,99355.71428571429,666030.0,-1,-1,-1,-1,-1,-1,-1,-1,34969.72972972973,1061.09375,4018.5416666666665,5088.823529411765,-1,-1,-1,-1,-1,-1,618,985890,6.986663646820509,6888128.5,196,20540810,6,7100,7.0,49700.0,2,14880,7440.0,75126.33722319579
20230718093542000,7.0,7.0,7.0,7.0,7.0,7.0,7.0,7.0,7.0,7.0,7.0,7.01,7.02,7.03,7.04,7.05,7.06,7.07,7.08,7.09,56560,121410,28000,15200,30600,91700,8600,17700,61300,100300,6.99,6.98,6.97,6.96,6.95,6.94,6.93,6.92,6.91,6.9,24900,110500,103500,257270,141200,112300,53300,48500,16500,145300,7,14,37,5,4,163,19,3,18,4,50,13,5,2,14,6,4,2,15,7,97368.6,666030.0,-1,-1,-1,-1,-1,-1,-1,-1,34969.72972972973,1061.09375,4018.5416666666665,5088.823529411765,-1,-1,-1,-1,-1,-1,620,987090,6.986663646820509,6896528.5,196,20540810,2,1200,6.986663646820509,8400.0,0,-1,-1,75577.14971323882
20230718093545000,7.0,7.0,7.0,7.0,7.0,7.0,7.0,7.0,7.0,7.0,7.0,7.01,7.02,7.03,7.04,7.05,7.06,7.07,7.08,7.09,56560,151010,47200,15200,30600,91700,8600,17700,61300,100300,7.0,6.99,6.98,6.97,6.96,6.95,6.94,6.93,6.92,6.91,100,24900,110500,103500,257270,143400,112300,53300,48500,16500,7,14,37,5,4,164,19,3,18,4,50,13,5,2,14,6,4,2,15,7,97368.6,666030.0,-1,-1,-1,-1,-1,-1,-1,-1,62712.3417721519,34969.72972972973,1061.09375,4018.5416666666665,5088.823529411765,-1,-1,-1,-1,-1,620,987090,6.986663646820509,6896528.5,196,20540810,0,0,-1,0.0,0,-1,-1,70057.52349848652
20230718093548000,7.0,7.0,7.0,7.0,7.0,7.0,7.0,7.0,7.0,7.0,7.0,7.01,7.02,7.03,7.04,7.05,7.06,7.07,7.08,7.09,56460,151010,47200,15200,31600,94800,8600,17700,61300,100300,7.0,6.99,6.98,6.97,6.96,6.95,6.94,6.93,6.92,6.91,3000,25200,110500,103500,257270,143400,112300,53300,48500,16500,7,14,38,5,4,164,19,3,18,4,51,13,5,2,14,6,4,2,15,7,97368.6,666030.0,-1,-1,-1,-1,-1,-1,-1,-1,62712.3417721519,34969.72972972973,1061.09375,4018.5416666666665,5088.823529411765,-1,-1,-1,-1,-1,620,987190,6.986663646820509,6897228.5,196,20540810,0,100,6.986663646820509,700.0,0,-1,-1,70495.5213477776
20230718093551000,7.0,7.0,7.0,7.0,7.0,7.0,7.0,7.0,7.0,7.0,7.0,7.01,7.02,7.03,7.04,7.05,7.06,7.07,7.08,7.09,57960,118810,28000,15200,31600,95300,8600,17700,61300,100300,7.0,6.99,6.98,6.97,6.96,6.95,6.94,6.93,6.92,6.91,2500,25200,111500,103500,257270,143400,112300,53300,48500,16500,7,14,40,5,4,164,19,3,18,4,51,13,5,2,14,6,4,2,15,7,97368.6,666030.0,-1,-1,-1,-1,-1,-1,-1,-1,62712.3417721519,34969.72972972973,1061.09375,4018.5416666666665,5088.823529411765,-1,-1,-1,-1,-1,621,987690,6.986663646820509,6900728.5,196,20540810,1,500,6.986663646820509,3500.0,0,-1,-1,66448.0663533535
20230718093554000,7.0,6.99,6.99,6.99,6.99,6.99,6.99,6.99,6.99,6.99,7.0,7.01,7.02,7.03,7.04,7.05,7.06,7.07,7.08,7.09,61960,118810,28000,15200,32900,95300,8600,17700,71300,100300,7.0,6.99,6.98,6.97,6.96,6.95,6.94,6.93,6.92,6.91,500,23300,111500,103500,257270,148400,112300,53300,48500,16500,7,14,40,6,4,164,20,3,18,4,51,13,5,2,14,6,4,2,15,7,97368.6,666030.0,-1,-1,-1,-1,-1,-1,-1,-1,62712.3417721519,34969.72972972973,1061.09375,4018.5416666666665,5088.823529411765,-1,-1,-1,-1,-1,622,989690,6.986741808040902,6914708.5,196,20540810,1,2000,6.986741808040902,13980.0,0,-1,-1,67186.38680898517
20230718093557000,6.99,6.99,6.99,6.99,6.99,6.99,6.99,6.99,6.99,6.99,7.0,7.01,7.02,7.03,7.04,7.05,7.06,7.07,7.08,7.09,62360,118810,28000,15200,32900,95300,8600,17700,71300,100300,7.0,6.99,6.98,6.97,6.96,6.95,6.94,6.93,6.92,6.91,100,37300,114100,103500,257270,148500,112300,53300,48500,16500,7,14,40,6,4,164,20,3,18,4,51,13,5,2,14,6,4,2,15,7,97368.6,666030.0,-1,-1,-1,-1,-1,-1,-1,-1,62712.3417721519,34969.72972972973,1061.09375,4018.5416666666665,5088.823529411765,-1,-1,-1,-1,-1,623,990090,6.986743124362432,6917504.5,196,20540810,1,400,6.986743124362432,2796.0,0,-1,-1,68310.88796399554
20230718093600000,6.99,6.99,6.99,6.99,6.99,6.99,6.99,6.99,6.99,6.99,7.0,7.01,7.02,7.03,7.04,7.05,7.06,7.07,7.08,7.09,62360,118810,28000,15200,32900,95300,8600,17700,71300,100300,7.0,6.99,6.98,6.97,6.96,6.95,6.94,6.93,6.92,6.91,100,37300,114100,103500,257270,148500,112300,53300,48500,16500,7,14,40,6,4,164,20,3,18,4,51,13,5,2,14,6,4,2,15,7,97368.6,666030.0,-1,-1,-1,-1,-1,-1,-1,-1,62712.3417721519,34969.72972972973,1061.09375,4018.5416666666665,5088.823529411765,-1,-1,-1,-1,-1,623,990090,6.986743124362432,6917504.5,196,20540810,0,0,-1,0.0,0,-1,-1,68310.88796399554
20230718093603000,6.99,6.99,6.99,6.99,6.99,6.99,6.99,6.99,6.99,6.99,7.0,7.01,7.02,7.03,7.04,7.05,7.06,7.07,7.08,7.09,66360,118610,28000,15200,33400,95300,8600,17700,71300,100300,6.99,6.98,6.97,6.96,6.95,6.94,6.93,6.92,6.91,6.9,33200,114100,103500,257270,148500,112300,53300,48500,16500,145800,7,14,40,6,4,164,20,3,18,4,51,13,5,2,14,6,4,2,15,7,97368.6,666030.0,-1,-1,-1,-1,-1,-1,-1,-1,35502.10526315789,1061.09375,4018.5416666666665,5088.823529411765,-1,-1,-1,-1,-1,-1,626,994190,6.986754596966556,6946163.5,197,20596010,3,4100,6.99,28659.0,1,55200,55200.0,78336.8976023578
20230718093606000,6.99,6.99,6.99,6.99,6.99,6.99,6.99,6.99,6.99,6.99,6.99,7.0,7.01,7.02,7.03,7.04,7.05,7.06,7.07,7.08,12800,66360,118610,28000,15200,33400,95300,8600,17700,71300,6.99,6.98,6.97,6.96,6.95,6.94,6.93,6.92,6.91,6.9,14100,119700,103500,262270,148500,112300,53300,48500,16500,145800,7,14,40,6,4,164,20,3,18,4,51,13,5,2,14,6,4,2,15,7,31231.521739130436,97368.6,666030.0,-1,-1,-1,-1,-1,-1,-1,36478.29268292683,1061.09375,4018.5416666666665,5088.823529411765,-1,-1,-1,-1,-1,-1,638,1013290,6.986812029777853,7079672.5,200,20742540,12,19100,6.99,133509.0,3,146530,48843.333333333336,69252.47431097657
20230718093609000,6.98,6.99,6.99,6.99,6.99,6.99,6.99,6.99,6.98,6.99,6.99,7.0,7.01,7.02,7.03,7.04,7.05,7.06,7.07,7.08,89520,64360,89510,28000,15200,33400,95300,8600,17700,71300,6.99,6.98,6.97,6.96,6.95,6.94,6.93,6.92,6.91,6.9,9300,120700,103500,262270,148500,118100,53300,48500,16500,145800,7,14,40,6,4,164,20,3,18,4,51,13,5,2,15,6,4,2,15,7,31231.521739130436,97368.6,666030.0,-1,-1,-1,-1,-1,-1,-1,33991.13636363636,1061.09375,4018.5416666666665,5088.823529411765,-1,-1,-1,-1,-1,-1,643,1014990,6.986822037655544,7091554.5,200,20742540,5,1700,6.986822037655544,11882.0,0,-1,-1,78441.68890393499
20230718093612000,6.99,6.99,6.99,6.99,6.99,6.99,6.99,6.99,6.99,6.99,6.99,7.0,7.01,7.02,7.03,7.04,7.05,7.06,7.07,7.08,142890,64360,89510,28000,15200,33400,97300,8600,17700,71300,6.99,6.98,6.97,6.96,6.95,6.94,6.93,6.92,6.91,6.9,8300,121200,103500,262270,148500,118100,53300,48500,16500,145800,7,14,41,6,4,164,20,3,18,4,51,13,5,2,15,6,4,2,15,7,31231.521739130436,97368.6,666030.0,-1,-1,-1,-1,-1,-1,-1,33991.13636363636,1061.09375,4018.5416666666665,5088.823529411765,-1,-1,-1,-1,-1,-1,644,1015990,6.986825165602023,7098544.5,200,20742540,1,1000,6.986825165602023,6990.0,0,-1,-1,84852.42651744463
20230718093615000,6.99,6.99,6.99,6.99,6.99,6.99,6.99,6.99,6.99,6.99,6.99,7.0,7.01,7.02,7.03,7.04,7.05,7.06,7.07,7.08,138890,64860,89510,28000,15200,33400,97300,8600,17700,71300,6.99,6.98,6.97,6.96,6.95,6.94,6.93,6.92,6.91,6.9,8300,121300,103500,263270,148500,118100,53300,48500,16500,147800,7,14,41,6,4,164,20,3,18,4,52,13,5,2,15,6,4,2,15,7,31231.521739130436,97368.6,666030.0,-1,-1,-1,-1,-1,-1,-1,27696.48148148148,1061.09375,4018.5416666666665,5088.823529411765,-1,-1,-1,-1,-1,-1,654,1019990,6.986837616055059,7126504.5,200,20742540,10,4000,6.986837616055059,27960.0,0,-1,-1,84578.71893420425
20230718093618000,6.99,6.99,6.99,6.99,6.99,6.99,6.99,6.99,6.99,6.99,6.99,7.0,7.01,7.02,7.03,7.04,7.05,7.06,7.07,7.08,130990,64860,89510,28000,15200,33400,97300,8600,17700,71300,6.99,6.98,6.97,6.96,6.95,6.94,6.93,6.92,6.91,6.9,8300,158900,103500,263270,148500,118100,53300,48500,16500,147800,7,14,41,6,4,164,20,3,18,4,52,13,5,2,15,6,4,2,15,7,31231.521739130436,97368.6,666030.0,-1,-1,-1,-1,-1,-1,-1,25349.322033898305,1061.09375,4018.5416666666665,5088.823529411765,-1,-1,-1,-1,-1,-1,659,1027890,6.986861921022678,7181725.5,200,20742540,5,7900,6.986861921022678,55221.0,0,-1,-1,86662.57666879083
20230718093621000,6.99,6.99,6.99,6.99,6.99,6.99,6.99,6.99,6.99,6.99,6.99,7.0,7.01,7.02,7.03,7.04,7.05,7.06,7.07,7.08,116490,66860,89510,28000,15200,53400,97300,8600,17700,71300,6.99,6.98,6.97,6.96,6.95,6.94,6.93,6.92,6.91,6.9,8300,159900,103500,263270,248900,118100,53300,48500,16500,147800,7,14,41,6,4,164,20,3,18,4,52,13,5,2,15,6,4,2,15,7,30733.82978723404,97368.6,666030.0,-1,-1,-1,-1,-1,-1,-1,20487.80821917808,1061.09375,4018.5416666666665,5088.823529411765,-1,-1,-1,-1,-1,-1,674,1042390,6.986879830526509,7283080.5,201,20750380,15,14500,6.99,101355.0,1,7840,7840.0,88160.24673410866
20230718093624000,6.99,6.99,6.99,6.99,6.99,6.99,6.99,6.99,6.99,6.99,6.99,7.0,7.01,7.02,7.03,7.04,7.05,7.06,7.07,7.08,104990,66860,89510,28000,15200,53400,97300,8600,17700,71300,6.99,6.98,6.97,6.96,6.95,6.94,6.93,6.92,6.91,6.9,8300,169700,103500,263270,248900,118100,53300,48500,16500,147800,7,14,41,6,4,164,20,3,18,4,52,13,5,2,15,6,4,2,15,7,30733.82978723404,97368.6,666030.0,-1,-1,-1,-1,-1,-1,-1,19941.466666666667,1061.09375,4018.5416666666665,5088.823529411765,-1,-1,-1,-1,-1,-1,676,1053890,6.986879830526509,7363465.5,201,20750380,2,11500,6.986879830526509,80385.0,0,-1,-1,89211.04727576868
20230718093627000,6.99,6.98,6.98,6.98,6.98,6.98,6.98,6.98,6.98,6.98,6.99,7.0,7.01,7.02,7.03,7.04,7.05,7.06,7.07,7.08,105090,66860,89510,28000,15200,53400,97300,8600,17700,71300,6.99,6.98,6.97,6.96,6.95,6.94,6.93,6.92,6.91,6.9,7800,169200,106500,263270,248900,118100,53300,48500,16500,147800,7,14,41,6,4,164,20,3,18,4,52,13,5,2,15,6,4,2,15,7,30733.82978723404,97368.6,666030.0,-1,-1,-1,-1,-1,-1,-1,19941.466666666667,1061.09375,4018.5416666666665,5088.823529411765,-1,-1,-1,-1,-1,-1,677,1054390,6.986879830526509,7366955.5,201,20750380,1,500,6.986879830526509,3490.0,0,-1,-1,88136.91751632946
20230718093630000,6.99,6.98,6.98,6.98,6.98,6.98,6.98,6.98,6.98,6.98,6.99,7.0,7.01,7.02,7.03,7.04,7.05,7.06,7.07,7.08,105090,68460,89510,28000,15200,53400,97300,8600,17700,71300,6.99,6.98,6.97,6.96,6.95,6.94,6.93,6.92,6.91,6.9,7800,169200,106500,263270,248900,118100,53300,48500,16500,147800,7,15,41,6,4,165,20,3,18,4,52,13,5,2,15,6,4,2,15,7,30733.82978723404,97368.6,666030.0,-1,-1,-1,-1,-1,-1,-1,19941.466666666667,1061.09375,4018.5416666666665,5088.823529411765,-1,-1,-1,-1,-1,-1,677,1054390,6.986879830526509,7366955.5,201,20750380,0,0,-1,0.0,0,-1,-1,88136.91751632946
20230718093633000,6.99,6.98,6.98,6.98,6.98,6.98,6.98,6.98,6.98,6.98,6.99,7.0,7.01,7.02,7.03,7.04,7.05,7.06,7.07,7.08,116900,82160,89510,28000,15200,53400,97400,8600,17700,71300,6.99,6.98,6.97,6.96,6.95,6.94,6.93,6.92,6.91,6.9,7800,169200,106500,263270,248900,118100,53300,48500,16500,147800,7,15,41,6,4,165,20,3,19,4,52,13,5,2,15,6,4,2,15,7,30733.82978723404,97368.6,666030.0,-1,-1,-1,-1,-1,-1,-1,19941.466666666667,1061.09375,4018.5416666666665,5088.823529411765,-1,-1,-1,-1,-1,-1,677,1054390,6.986879830526509,7366955.5,201,20750380,0,0,-1,0.0,0,-1,-1,91174.3816711805
20230718093636000,6.99,6.99,6.99,6.99,6.99,6.99,6.99,6.99,6.99,6.99,6.99,7.0,7.01,7.02,7.03,7.04,7.05,7.06,7.07,7.08,72900,82160,89510,28000,15200,53400,97400,8600,17700,71300,6.99,6.98,6.97,6.96,6.95,6.94,6.93,6.92,6.91,6.9,7800,169200,106500,263270,249400,118100,53300,48500,16500,147800,7,15,42,6,4,166,20,3,19,4,52,13,5,2,15,6,4,2,15,7,30733.82978723404,97368.6,666030.0,-1,-1,-1,-1,-1,-1,-1,19174.48717948718,1061.09375,4018.5416666666665,5088.823529411765,-1,-1,-1,-1,-1,-1,680,1098790,6.986879830526509,7677311.5,201,20750380,3,44400,6.986879830526509,310356.0,0,-1,-1,85173.6797036801
20230718093639000,6.99,6.99,6.99,6.99,6.99,6.99,6.99,6.99,6.99,6.99,6.99,7.0,7.01,7.02,7.03,7.04,7.05,7.06,7.07,7.08,112790,82160,89510,28000,15200,53400,97400,8600,17700,71300,6.99,6.98,6.97,6.96,6.95,6.94,6.93,6.92,6.91,6.9,7800,169200,106500,263270,249400,118100,53300,48500,16500,147800,7,15,42,6,4,166,20,3,19,4,52,13,5,2,15,6,4,2,15,7,30733.82978723404,97368.6,666030.0,-1,-1,-1,-1,-1,-1,-1,16804.606741573032,1061.09375,4018.5416666666665,5088.823529411765,-1,-1,-1,-1,-1,-1,691,1107990,6.986879830526509,7741619.5,201,20750380,11,9200,6.986879830526509,64308.0,0,-1,-1,90791.35534491
20230718093642000,6.99,6.99,6.99,6.99,6.99,6.99,6.99,6.99,6.99,6.99,6.99,7.0,7.01,7.02,7.03,7.04,7.05,7.06,7.07,7.08,112490,82160,89510,28000,15200,53400,102400,8600,17700,71300,6.99,6.98,6.97,6.96,6.95,6.94,6.93,6.92,6.91,6.9,7800,169200,106500,300270,249400,118100,53300,48500,16500,147800,7,15,43,6,4,166,20,3,19,4,52,13,5,2,15,6,4,2,15,7,30733.82978723404,97368.6,666030.0,-1,-1,-1,-1,-1,-1,-1,16617.88888888889,1061.09375,4018.5416666666665,5088.823529411765,-1,-1,-1,-1,-1,-1,692,1108290,6.986879830526509,7743716.5,201,20750380,1,300,6.986879830526509,2097.0,0,-1,-1,92463.50167277362
20230718093645000,6.98,6.99,6.99,6.99,6.99,6.99,6.99,6.99,6.98,6.99,6.99,7.0,7.01,7.02,7.03,7.04,7.05,7.06,7.07,7.08,112090,82460,89510,27900,15200,53400,102400,8600,17700,71300,6.99,6.98,6.97,6.96,6.95,6.94,6.93,6.92,6.91,6.9,2900,153000,99600,292770,249400,118100,53300,48500,16500,147800,7,15,43,6,4,166,20,3,19,4,52,13,5,2,15,6,4,2,15,7,30733.82978723404,97368.6,666030.0,-1,-1,-1,-1,-1,-1,-1,16435.274725274725,6782.388059701492,4018.5416666666665,5088.823529411765,-1,-1,-1,-1,-1,-1,699,1113490,6.987063018823805,7780016.5,204,21136890,7,5200,6.980769230769231,36300.0,3,386510,128836.66666666667,90108.23641867135
20230718093648000,6.98,6.99,6.99,6.99,6.99,6.99,6.99,6.99,6.99,6.99,6.99,7.0,7.01,7.02,7.03,7.04,7.05,7.06,7.07,7.08,112090,84260,89510,27900,15200,53400,102400,8600,17700,71300,6.99,6.98,6.97,6.96,6.95,6.94,6.93,6.92,6.91,6.9,2900,153100,99600,292770,251400,118100,53300,48500,16500,143800,7,15,43,6,4,166,20,3,19,4,52,13,5,2,15,6,4,2,15,7,30733.82978723404,97368.6,666030.0,-1,-1,-1,-1,-1,-1,-1,16435.274725274725,6782.388059701492,4018.5416666666665,5088.823529411765,-1,-1,-1,-1,-1,-1,699,1113490,6.987063018823805,7780016.5,204,21136890,0,0,-1,0.0,0,-1,-1,90272.1981041899
20230718093651000,6.98,6.99,6.99,6.99,6.99,6.99,6.99,6.99,6.99,6.99,6.99,7.0,7.01,7.02,7.03,7.04,7.05,7.06,7.07,7.08,174890,84260,89510,27900,15200,53400,102400,8600,17700,71300,6.99,6.98,6.97,6.96,6.95,6.94,6.93,6.92,6.91,6.9,2900,156500,99600,294870,251400,118100,53300,48500,16500,143800,7,15,43,6,4,166,20,3,19,4,53,13,5,2,15,6,4,2,15,7,30733.82978723404,97368.6,666030.0,-1,-1,-1,-1,-1,-1,-1,16435.274725274725,6782.388059701492,4018.5416666666665,5088.823529411765,-1,-1,-1,-1,-1,-1,699,1113490,6.987063018823805,7780016.5,204,21136890,0,0,-1,0.0,0,-1,-1,99293.0480324996
20230718093654000,6.99,6.98,6.98,6.98,6.98,6.98,6.98,6.98,6.98,6.98,6.99,7.0,7.01,7.02,7.03,7.04,7.05,7.06,7.07,7.08,174890,87360,89510,27900,15200,53400,102400,8600,17700,71300,6.99,6.98,6.97,6.96,6.95,6.94,6.93,6.92,6.91,6.9,2800,156400,99600,294870,251400,118100,53300,48500,16500,143800,7,15,43,6,4,166,20,3,19,4,53,13,5,2,15,6,4,2,15,7,30733.82978723404,97368.6,666030.0,-1,-1,-1,-1,-1,-1,-1,16435.274725274725,6782.388059701492,4018.5416666666665,5088.823529411765,-1,-1,-1,-1,-1,-1,700,1113590,6.987063018823805,7780714.5,204,21136890,1,100,6.987063018823805,698.0,0,-1,-1,99286.14784132547
20230718093657000,6.99,6.99,6.99,6.99,6.99,6.99,6.99,6.99,6.99,6.99,6.99,7.0,7.01,7.02,7.03,7.04,7.05,7.06,7.07,7.08,180490,88060,89510,27900,15200,53400,102400,8600,17700,71800,6.99,6.98,6.97,6.96,6.95,6.94,6.93,6.92,6.91,6.9,2800,156400,99800,294870,253200,118100,53300,48500,16500,143800,7,15,43,6,4,166,21,3,19,4,53,13,5,2,15,6,4,2,15,7,29764.117647058825,97368.6,666030.0,-1,-1,-1,-1,-1,-1,-1,16081.827956989247,6782.388059701492,4018.5416666666665,5088.823529411765,-1,-1,-1,-1,-1,-1,706,1124990,6.987084774086881,7860400.5,208,21210370,6,11400,6.99,79686.0,4,73480,18370.0,100429.53640274018
20230718093700000,6.98,6.98,6.98,6.98,6.98,6.98,6.98,6.98,6.98,6.98,6.99,7.0,7.01,7.02,7.03,7.04,7.05,7.06,7.07,7.08,221500,106660,89510,27900,15200,53400,102400,8600,17700,71800,6.98,6.97,6.96,6.95,6.94,6.93,6.92,6.91,6.9,6.89,147000,99800,294870,253200,118100,53300,48500,16500,143800,15500,7,15,43,6,4,166,21,3,19,4,53,13,5,2,15,6,4,2,15,7,29764.117647058825,97368.6,666030.0,-1,-1,-1,-1,-1,-1,-1,6782.388059701492,4018.5416666666665,5088.823529411765,-1,-1,-1,-1,-1,-1,-1,708,1136790,6.987011233385234,7942764.5,208,21210370,2,11800,6.987011233385234,82364.0,0,-1,-1,116807.38688864108
20230718093703000,6.98,6.99,6.99,6.99,6.99,6.99,6.99,6.99,6.99,6.99,6.99,7.0,7.01,7.02,7.03,7.04,7.05,7.06,7.07,7.08,237600,106660,90010,27900,15200,53400,102400,8600,17700,71800,6.98,6.97,6.96,6.95,6.94,6.93,6.92,6.91,6.9,6.89,144900,99800,294870,253200,118100,53300,48500,16500,144500,15500,7,15,43,6,4,166,21,3,19,4,54,13,5,2,15,6,4,2,15,7,30412.884615384617,97368.6,666030.0,-1,-1,-1,-1,-1,-1,-1,6782.388059701492,4018.5416666666665,5088.823529411765,-1,-1,-1,-1,-1,-1,-1,710,1146790,6.98703729540718,8012664.5,209,21273870,2,10000,6.99,69900.0,1,63500,63500.0,119773.63270670702
20230718093706000,6.98,6.98,6.98,6.98,6.98,6.98,6.98,6.98,6.98,6.98,6.99,7.0,7.01,7.02,7.03,7.04,7.05,7.06,7.07,7.08,221900,106660,90010,27900,15200,53400,102400,8600,17700,71800,6.98,6.97,6.96,6.95,6.94,6.93,6.92,6.91,6.9,6.89,109200,99800,294870,254200,118100,52600,48500,16500,144500,15500,7,15,43,6,4,166,21,3,19,4,54,13,5,2,15,6,4,2,15,7,30412.884615384617,97368.6,666030.0,-1,-1,-1,-1,-1,-1,-1,15040.13698630137,4018.5416666666665,5088.823529411765,-1,-1,-1,-1,-1,-1,-1,750,1179790,6.986840454657185,8243004.5,215,21917380,40,33000,6.98,230340.0,6,643510,107251.66666666667,114415.63425999682
20230718093709000,6.98,6.98,6.98,6.98,6.98,6.98,6.98,6.98,6.98,6.98,6.99,7.0,7.01,7.02,7.03,7.04,7.05,7.06,7.07,7.08,230000,105660,90010,30900,15200,53400,102400,8600,17700,71800,6.98,6.97,6.96,6.95,6.94,6.93,6.92,6.91,6.9,6.89,130200,99800,294870,254400,118100,52600,48500,16500,144500,15500,7,15,43,6,4,166,21,3,19,4,54,13,5,2,15,6,4,2,15,7,30412.884615384617,97368.6,666030.0,-1,-1,-1,-1,-1,-1,-1,15040.13698630137,4018.5416666666665,5088.823529411765,-1,-1,-1,-1,-1,-1,-1,751,1179890,6.986839874903593,8243702.5,215,21917380,1,100,6.986839874903593,698.0,0,-1,-1,117502.31977855664
20230718093712000,6.98,6.98,6.98,6.98,6.98,6.98,6.98,6.98,6.98,6.98,6.98,6.99,7.0,7.01,7.02,7.03,7.04,7.05,7.06,7.07,1400,230000,105660,90010,30900,15200,53400,102400,8600,17700,6.98,6.97,6.96,6.95,6.94,6.93,6.92,6.91,6.9,6.89,130200,101800,294870,254400,118100,52600,48500,16500,144500,15500,7,15,43,6,4,166,21,3,19,4,54,13,5,2,15,6,4,2,15,7,34349.84,30412.884615384617,97368.6,666030.0,-1,-1,-1,-1,-1,-1,15040.13698630137,4018.5416666666665,5088.823529411765,-1,-1,-1,-1,-1,-1,-1,751,1179890,6.986839874903593,8243702.5,215,21917380,0,0,-1,0.0,0,-1,-1,100622.53783654612
20230718093715000,6.98,6.98,6.98,6.98,6.98,6.98,6.98,6.98,6.98,6.98,6.99,7.0,7.01,7.02,7.03,7.04,7.05,7.06,7.07,7.08,230000,106160,90010,30900,25200,53400,102400,8600,17700,71800,6.98,6.97,6.96,6.95,6.94,6.93,6.92,6.91,6.9,6.89,128400,104400,294870,254400,118100,52600,48500,16500,144500,15500,7,15,43,6,4,166,21,3,19,4,54,13,5,2,15,6,4,2,15,7,30412.884615384617,97368.6,666030.0,-1,-1,-1,-1,-1,-1,-1,14836.891891891892,4018.5416666666665,5088.823529411765,-1,-1,-1,-1,-1,-1,-1,754,1182590,6.986839874903593,8262548.5,215,21917380,3,2700,6.986839874903593,18846.0,0,-1,-1,107806.38840210292
20230718093718000,6.97,6.97,6.97,6.97,6.97,6.97,6.97,6.97,6.97,6.97,6.98,6.99,7.0,7.01,7.02,7.03,7.04,7.05,7.06,7.07,1500,230000,105660,90010,39800,25300,53400,102400,8600,17700,6.98,6.97,6.96,6.95,6.94,6.93,6.92,6.91,6.9,6.89,119600,103400,295870,254400,118100,50600,48500,16500,144500,15500,7,15,43,6,4,166,21,3,19,4,54,13,5,2,15,6,4,2,15,7,34349.84,30412.884615384617,97368.6,666030.0,-1,-1,-1,-1,-1,-1,14836.891891891892,4018.5416666666665,5088.823529411765,-1,-1,-1,-1,-1,-1,-1,756,1191390,6.986699989088375,8323884.5,215,21917380,2,8800,6.986699989088375,61336.0,0,-1,-1,100620.5663533535
20230718093721000,6.97,6.98,6.98,6.98,6.98,6.97,6.97,6.98,6.97,6.98,6.99,7.0,7.01,7.02,7.03,7.04,7.05,7.06,7.07,7.08,230000,105660,90010,39800,25300,53400,102400,8600,17700,71800,6.98,6.97,6.96,6.95,6.94,6.93,6.92,6.91,6.9,6.89,118000,101800,295870,254400,118100,50600,48500,16500,144500,15500,7,15,43,6,4,166,21,3,19,4,54,14,5,2,15,6,4,2,15,7,30412.884615384617,97368.6,666030.0,-1,-1,-1,-1,-1,-1,-1,14639.066666666668,4018.5416666666665,5088.823529411765,-1,-1,-1,-1,-1,-1,-1,761,1197990,6.986699989088375,8369936.5,215,21917380,5,6600,6.986699989088375,46052.0,0,-1,-1,100822.97196112793
20230718093724000,6.96,6.97,6.97,6.97,6.97,6.97,6.97,6.97,6.96,6.97,6.97,6.99,7.0,7.01,7.02,7.03,7.04,7.05,7.06,7.07,99100,230000,105660,90010,39800,25300,53400,102400,8600,17700,6.98,6.97,6.96,6.95,6.94,6.93,6.92,6.91,6.9,6.89,86600,70400,274370,255400,118100,50600,48500,16500,144500,15500,7,15,43,6,4,166,21,3,19,4,54,14,5,2,15,6,4,2,15,7,7273.030303030303,30412.884615384617,97368.6,666030.0,-1,-1,-1,-1,-1,-1,14639.066666666668,4309.038461538462,5088.823529411765,-1,-1,-1,-1,-1,-1,-1,773,1229390,6.986129299896697,8588677.5,219,21948560,12,31400,6.9662738853503186,218741.0,4,31180,7795.0,107589.75943922254
20230718093727000,6.97,6.97,6.97,6.97,6.97,6.97,6.97,6.97,6.97,6.97,6.97,6.99,7.0,7.01,7.02,7.03,7.04,7.05,7.06,7.07,99700,229710,105660,90010,39800,25300,53400,102400,8600,17700,6.98,6.97,6.96,6.95,6.94,6.93,6.92,6.91,6.9,6.89,84300,68700,276570,255400,118100,50600,48500,16500,144500,15500,7,15,43,6,4,166,21,3,19,4,54,14,5,2,15,6,4,2,15,7,7273.030303030303,30412.884615384617,97368.6,666030.0,-1,-1,-1,-1,-1,-1,14446.447368421053,4001.25,5088.823529411765,-1,-1,-1,-1,-1,-1,-1,778,1233390,6.986076991057168,8616557.5,219,21948560,5,4000,6.986076991057168,27880.0,0,-1,-1,107484.41652063088
20230718093730000,6.97,6.97,6.97,6.97,6.97,6.97,6.97,6.97,6.97,6.97,6.97,6.99,7.0,7.01,7.02,7.03,7.04,7.05,7.06,7.07,126800,202510,107660,90010,39800,25300,53400,102900,8600,17700,6.98,6.97,6.96,6.95,6.94,6.93,6.92,6.91,6.9,6.89,82600,67700,276570,255600,118100,50600,48500,16500,144500,15500,7,15,44,6,4,166,21,3,19,4,54,14,5,2,15,6,4,2,15,7,7256.119402985075,30412.884615384617,97368.6,666030.0,-1,-1,-1,-1,-1,-1,14258.83116883117,3863.2758620689656,5088.823529411765,-1,-1,-1,-1,-1,-1,-1,782,1236090,6.986041873973578,8635376.5,220,21954700,4,2700,6.97,18819.0,1,6140,6140.0,108520.97857256653
20230718093733000,6.97,6.96,6.96,6.96,6.96,6.97,6.97,6.97,6.96,6.96,6.97,6.98,6.99,7.0,7.01,7.02,7.03,7.04,7.05,7.06,173200,42900,202510,107660,90010,39800,25300,53400,102900,8600,6.98,6.97,6.96,6.95,6.94,6.93,6.92,6.91,6.9,6.89,76100,63500,275270,257700,118100,50600,48500,16500,144500,15500,7,15,44,6,4,166,21,3,19,4,54,14,5,2,15,6,4,2,15,7,7268.235294117647,34349.84,30412.884615384617,97368.6,666030.0,-1,-1,-1,-1,-1,14076.02564102564,3673.27868852459,5088.823529411765,-1,-1,-1,-1,-1,-1,-1,790,1243090,6.985921775575381,8684129.5,221,21962780,8,7000,6.964714285714286,48753.0,1,8080,8080.0,96001.04667834954
20230718093736000,6.97,6.96,6.96,6.96,6.96,6.96,6.96,6.96,6.96,6.96,6.97,6.98,6.99,7.0,7.01,7.02,7.03,7.04,7.05,7.06,173200,43900,202510,108160,90010,39800,25300,53400,102900,8600,6.98,6.97,6.96,6.95,6.94,6.93,6.92,6.91,6.9,6.89,76100,63500,279470,257700,118100,50600,48500,16500,144500,15500,7,15,44,6,4,166,21,3,19,4,54,14,5,2,15,6,4,2,15,7,7268.235294117647,34349.84,30412.884615384617,97368.6,666030.0,-1,-1,-1,-1,-1,14076.02564102564,3673.27868852459,5088.823529411765,-1,-1,-1,-1,-1,-1,-1,790,1243090,6.985921775575381,8684129.5,221,21962780,0,0,-1,0.0,0,-1,-1,110153.79082364186
20230718093739000,6.97,6.96,6.96,6.96,6.96,6.96,6.96,6.96,6.96,6.96,6.97,6.98,6.99,7.0,7.01,7.02,7.03,7.04,7.05,7.06,173200,43900,202510,108160,90010,39800,25300,53400,102900,8600,6.98,6.97,6.96,6.95,6.94,6.93,6.92,6.91,6.9,6.89,76100,63500,279470,257700,118100,50600,48500,16500,144500,15500,7,15,44,6,4,167,21,3,19,4,54,14,5,2,15,6,4,2,15,7,7268.235294117647,34349.84,30412.884615384617,97368.6,666030.0,-1,-1,-1,-1,-1,14076.02564102564,3673.27868852459,5088.823529411765,-1,-1,-1,-1,-1,-1,-1,790,1243090,6.985921775575381,8684129.5,221,21962780,0,0,-1,0.0,0,-1,-1,110153.79082364186
20230718093742000,6.97,6.96,6.96,6.96,6.96,6.96,6.96,6.96,6.96,6.96,6.97,6.98,6.99,7.0,7.01,7.02,7.03,7.04,7.05,7.06,176500,43900,202510,108660,90010,39800,25300,53400,102900,8600,6.98,6.97,6.96,6.95,6.94,6.93,6.92,6.91,6.9,6.89,76100,63500,277970,296900,118200,50600,48500,16500,144500,15500,7,15,44,6,4,168,21,3,20,4,54,14,5,2,16,6,4,2,15,7,7268.235294117647,34349.84,30412.884615384617,97368.6,666030.0,-1,-1,-1,-1,-1,14076.02564102564,3673.27868852459,5088.823529411765,-1,-1,-1,-1,-1,-1,-1,790,1243090,6.985921775575381,8684129.5,221,21962780,0,0,-1,0.0,0,-1,-1,110695.94870160904
20230718093745000,6.97,6.96,6.96,6.96,6.96,6.96,6.96,6.96,6.96,6.96,6.97,6.98,6.99,7.0,7.01,7.02,7.03,7.04,7.05,7.06,177500,43900,200110,109160,90010,39800,25300,53400,102900,9600,6.98,6.97,6.96,6.95,6.94,6.93,6.92,6.91,6.9,6.89,76100,63500,278070,296900,118200,50600,48500,16500,144500,15500,7,15,44,6,4,168,21,3,20,4,54,14,5,2,16,6,4,2,15,7,7268.235294117647,34349.84,30412.884615384617,97368.6,666030.0,-1,-1,-1,-1,-1,14076.02564102564,3673.27868852459,5088.823529411765,-1,-1,-1,-1,-1,-1,-1,790,1243090,6.985921775575381,8684129.5,221,21962780,0,0,-1,0.0,0,-1,-1,112557.41118368645
20230718093748000,6.96,6.96,6.96,6.96,6.96,6.96,6.96,6.96,6.96,6.96,6.97,6.98,6.99,7.0,7.01,7.02,7.03,7.04,7.05,7.06,177500,43900,200110,109160,90010,39800,25300,53400,102900,9600,6.98,6.97,6.96,6.95,6.94,6.93,6.92,6.91,6.9,6.89,70200,57600,272170,296900,118200,50600,48500,16500,144500,15500,7,15,44,6,4,168,21,3,20,4,54,14,5,2,16,6,4,2,15,7,7268.235294117647,34349.84,30412.884615384617,97368.6,666030.0,-1,-1,-1,-1,-1,14076.02564102564,3673.27868852459,5088.823529411765,-1,-1,-1,-1,-1,-1,-1,793,1248990,6.985799325855291,8725193.5,221,21962780,3,5900,6.985799325855291,41064.0,0,-1,-1,96982.05671499122
20230718093751000,6.96,6.96,6.96,6.96,6.96,6.96,6.96,6.96,6.96,6.96,6.97,6.98,6.99,7.0,7.01,7.02,7.03,7.04,7.05,7.06,177600,3500,200110,109160,90010,39800,25300,53400,102900,9600,6.98,6.97,6.96,6.95,6.94,6.93,6.92,6.91,6.9,6.89,70200,57600,273570,297200,118200,50600,48500,16500,145500,15500,7,15,44,6,4,168,21,3,20,4,55,14,5,2,16,6,4,2,15,7,7268.235294117647,34349.84,30412.884615384617,97368.6,666030.0,-1,-1,-1,-1,-1,14076.02564102564,3673.27868852459,5088.823529411765,-1,-1,-1,-1,-1,-1,-1,793,1248990,6.985799325855291,8725193.5,221,21962780,0,0,-1,0.0,0,-1,-1,107515.46240242153
20230718093754000,6.97,6.96,6.96,6.96,6.96,6.97,6.97,6.97,6.96,6.96,6.97,6.98,6.99,7.0,7.01,7.02,7.03,7.04,7.05,7.06,170400,4500,200110,109160,90010,39800,25300,53400,102900,9600,6.98,6.97,6.96,6.95,6.94,6.93,6.92,6.91,6.9,6.89,67700,55100,273270,297200,118200,50600,48500,16500,145500,15500,7,15,44,6,4,168,21,3,20,4,55,14,5,2,16,6,4,2,15,7,7268.235294117647,34349.84,30412.884615384617,97368.6,666030.0,-1,-1,-1,-1,-1,14076.02564102564,3673.27868852459,5088.823529411765,-1,-1,-1,-1,-1,-1,-1,795,1251490,6.985765367681723,8742615.5,221,21962780,2,2500,6.985765367681723,17422.0,0,-1,-1,106208.56619404172
20230718093757000,6.96,6.97,6.97,6.97,6.97,6.97,6.97,6.97,6.97,6.97,6.97,6.98,6.99,7.0,7.01,7.02,7.03,7.04,7.05,7.06,191100,40900,200110,109160,90010,39800,25300,53400,102900,9600,6.98,6.97,6.96,6.95,6.94,6.93,6.92,6.91,6.9,6.89,66400,55100,278570,297200,118200,50600,48500,16500,145500,15500,7,15,44,6,4,169,21,3,20,4,55,14,5,2,16,6,4,2,15,7,7268.235294117647,34349.84,30412.884615384617,97368.6,666030.0,-1,-1,-1,-1,-1,14076.02564102564,3614.032258064516,5088.823529411765,-1,-1,-1,-1,-1,-1,-1,796,1252790,6.985749008213667,8751676.5,221,21962780,1,1300,6.985749008213667,9061.0,0,-1,-1,112975.81368488127
20230718093800000,6.96,6.96,6.96,6.96,6.96,6.97,6.97,6.97,6.96,6.96,6.97,6.98,6.99,7.0,7.01,7.02,7.03,7.04,7.05,7.06,188700,40900,200110,109660,90010,39800,25300,53400,102900,9600,6.98,6.97,6.96,6.95,6.94,6.93,6.92,6.91,6.9,6.89,49300,40500,270770,301000,118200,50600,48500,16500,145500,15500,7,15,44,6,4,169,22,3,20,4,55,14,5,2,16,6,4,2,15,7,7268.235294117647,34349.84,30412.884615384617,97368.6,666030.0,-1,-1,-1,-1,-1,14076.02564102564,3447.230769230769,41268.88888888889,-1,-1,-1,-1,-1,-1,-1,803,1269890,6.9856685669759635,8870717.5,222,22619110,7,17100,6.961461988304094,119041.0,1,656330,656330.0,109447.05591843236
20230718093803000,6.96,6.96,6.96,6.96,6.96,6.96,6.96,6.96,6.96,6.96,6.97,6.98,6.99,7.0,7.01,7.02,7.03,7.04,7.05,7.06,172700,4500,198710,109660,90010,40100,25300,53400,102900,9600,6.98,6.97,6.96,6.95,6.94,6.93,6.92,6.91,6.9,6.89,34800,26000,258370,300500,118200,50600,48500,16500,144800,15500,7,15,44,7,4,170,22,3,20,4,55,14,5,2,16,6,4,2,15,7,7268.235294117647,34349.84,30412.884615384617,97368.6,666030.0,-1,-1,-1,-1,-1,14076.02564102564,3447.230769230769,201924.8,-1,-1,-1,-1,-1,-1,-1,813,1284390,6.985134966793575,8971637.5,229,26924390,10,14500,6.96,100920.0,7,4305280,615040.0,100662.89748287397
20230718093806000,6.96,6.96,6.96,6.96,6.96,6.96,6.96,6.97,6.96,6.96,6.97,6.98,6.99,7.0,7.01,7.02,7.03,7.04,7.05,7.06,171700,4500,198710,110060,90010,40100,29300,53400,102900,9600,6.98,6.97,6.96,6.95,6.94,6.93,6.92,6.91,6.9,6.89,24300,16500,248870,300500,120000,50600,48500,16500,147300,15500,7,15,44,7,4,171,22,3,20,4,56,14,5,2,17,6,4,2,15,7,7268.235294117647,34349.84,30412.884615384617,97368.6,666030.0,-1,-1,-1,-1,-1,14076.02564102564,3395.0,201924.8,-1,-1,-1,-1,-1,-1,-1,818,1294890,6.984938875116805,9044727.5,229,26924390,5,10500,6.984938875116805,73090.0,0,-1,-1,85717.80727258245
20230718093809000,6.96,6.96,6.96,6.96,6.96,6.97,6.97,6.97,6.96,6.96,6.97,6.98,6.99,7.0,7.01,7.02,7.03,7.04,7.05,7.06,162700,6500,198510,110060,90010,40100,29300,53400,102900,9600,6.98,6.97,6.96,6.95,6.94,6.93,6.92,6.91,6.9,6.89,11900,12000,245070,320500,120000,50600,48500,16500,147300,15500,7,15,44,7,4,171,22,3,20,4,56,14,5,2,17,6,4,2,15,7,7268.235294117647,34349.84,30412.884615384617,97368.6,666030.0,-1,-1,-1,-1,-1,14076.02564102564,3295.1470588235293,201924.8,-1,-1,-1,-1,-1,-1,-1,823,1307290,6.984762753482395,9131110.5,229,26924390,5,12400,6.984762753482395,86383.0,0,-1,-1,97260.02190536882
20230718093812000,6.96,6.96,6.96,6.96,6.96,6.97,6.97,6.97,6.96,6.96,6.97,6.98,6.99,7.0,7.01,7.02,7.03,7.04,7.05,7.06,170700,6500,198510,110060,93010,40100,29300,58900,102900,9600,6.98,6.97,6.96,6.95,6.94,6.93,6.92,6.91,6.9,6.89,2500,4600,237570,321000,120000,50600,48500,16500,147300,15500,7,15,44,7,4,171,22,3,20,4,56,14,5,2,17,6,4,2,15,7,7268.235294117647,34349.84,30412.884615384617,97368.6,666030.0,-1,-1,-1,-1,-1,14076.02564102564,3247.391304347826,201924.8,-1,-1,-1,-1,-1,-1,-1,826,1316690,6.984601158966803,9196554.5,229,26924390,3,9400,6.984601158966803,65444.0,0,-1,-1,96418.19858212523
20230718093815000,6.96,6.96,6.96,6.96,6.96,6.96,6.96,6.96,6.96,6.96,6.97,6.98,6.99,7.0,7.01,7.02,7.03,7.04,7.05,7.06,172200,6500,198510,110060,95010,40100,29300,58900,102900,9600,6.98,6.97,6.96,6.95,6.94,6.93,6.92,6.91,6.9,6.89,500,2600,238570,319000,120000,50600,48500,16500,146300,15500,7,15,44,7,4,171,23,3,20,4,56,14,5,2,17,6,4,2,15,7,7268.235294117647,34349.84,30412.884615384617,97368.6,666030.0,-1,-1,-1,-1,-1,14076.02564102564,3247.391304347826,201916.53846153847,-1,-1,-1,-1,-1,-1,-1,828,1318690,6.984575029019263,9210474.5,230,27126100,2,2000,6.96,13920.0,1,201710,201710.0,96527.0682650948
20230718093818000,6.96,6.97,6.97,6.97,6.97,6.96,6.97,6.97,6.96,6.97,6.97,6.98,6.99,7.0,7.01,7.02,7.03,7.04,7.05,7.06,168500,6500,198510,110060,95010,40100,29300,58900,102900,9600,6.96,6.95,6.94,6.93,6.92,6.91,6.9,6.89,6.88,6.87,380870,321000,119000,75900,49000,16500,156300,15500,22200,11000,7,15,44,7,4,171,23,3,20,4,57,14,5,2,17,6,4,2,15,7,7268.235294117647,34349.84,30412.884615384617,97368.6,666030.0,-1,-1,-1,-1,-1,183632.25806451612,-1,-1,-1,-1,-1,-1,-1,-1,-1,846,1392990,6.983290978398983,9727654.5,235,27568870,18,74300,6.960699865410498,517180.0,5,442770,88554.0,115398.02194519674
20230718093821000,6.96,6.97,6.97,6.97,6.97,6.97,6.97,6.97,6.96,6.97,6.97,6.98,6.99,7.0,7.01,7.02,7.03,7.04,7.05,7.06,168700,6500,198510,110060,95010,40100,29300,58900,102900,9600,6.96,6.95,6.94,6.93,6.92,6.91,6.9,6.89,6.88,6.87,357070,321000,119000,75900,49000,16500,157300,15500,22200,13000,7,15,44,7,4,171,23,3,20,4,58,14,5,2,17,6,4,2,16,7,18984.177215189873,34349.84,30412.884615384617,97368.6,666030.0,-1,-1,-1,-1,-1,176876.66666666666,-1,-1,-1,-1,-1,-1,-1,-1,-1,888,1462090,6.982493211772189,10209033.5,248,28718710,42,69100,6.966410998552822,481379.0,13,1149840,88449.23076923077,129172.83077106897
20230718093824000,6.97,6.96,6.96,6.96,6.96,6.96,6.96,6.97,6.96,6.96,6.97,6.98,6.99,7.0,7.01,7.02,7.03,7.04,7.05,7.06,162700,6500,198510,110060,95010,40100,29300,58900,103200,9600,6.96,6.95,6.94,6.93,6.92,6.91,6.9,6.89,6.88,6.87,346270,321000,119000,75900,49000,16500,157300,15500,22200,13000,7,15,44,7,5,171,23,3,20,4,58,14,5,2,17,6,4,2,16,7,19882.875,34349.84,30412.884615384617,97368.6,666030.0,-1,-1,-1,-1,-1,173655.29411764705,-1,-1,-1,-1,-1,-1,-1,-1,-1,895,1482990,6.98221667037539,10354557.5,250,28876940,7,20900,6.962870813397129,145524.0,2,158230,79115.0,127351.18030109924
20230718093827000,6.96,6.97,6.97,6.97,6.97,6.97,6.97,6.97,6.96,6.97,6.97,6.98,6.99,7.0,7.01,7.02,7.03,7.04,7.05,7.06,119900,6500,199510,110060,99910,40100,29300,58900,103200,9600,6.96,6.95,6.94,6.93,6.92,6.91,6.9,6.89,6.88,6.87,343170,321000,119000,75900,50000,16800,157300,15500,22200,13000,7,15,45,7,5,172,23,3,20,4,58,15,5,2,17,6,4,2,16,7,20797.037037037036,34349.84,30412.884615384617,97368.6,666030.0,-1,-1,-1,-1,-1,173655.29411764705,-1,-1,-1,-1,-1,-1,-1,-1,-1,901,1491690,6.9821401002825905,10415165.5,251,28970870,6,8700,6.966436781609195,60608.0,1,93930,93930.0,121504.97689979288
20230718093830000,6.96,6.97,6.97,6.97,6.97,6.97,6.97,6.97,6.97,6.97,6.97,6.98,6.99,7.0,7.01,7.02,7.03,7.04,7.05,7.06,119900,6500,199510,113060,99910,40100,29300,58900,103200,9600,6.96,6.95,6.94,6.93,6.92,6.91,6.9,6.89,6.88,6.87,343170,321000,119000,75900,50000,16800,157300,15500,22200,13000,7,15,45,7,5,172,23,3,20,4,58,15,5,2,17,6,4,2,16,7,20797.037037037036,34349.84,30412.884615384617,97368.6,666030.0,-1,-1,-1,-1,-1,173655.29411764705,-1,-1,-1,-1,-1,-1,-1,-1,-1,901,1491690,6.9821401002825905,10415165.5,251,28970870,0,0,-1,0.0,0,-1,-1,121511.87709096701
20230718093833000,6.98,6.97,6.97,6.97,6.97,6.98,6.98,6.98,6.97,6.97,6.97,6.98,6.99,7.0,7.01,7.02,7.03,7.04,7.05,7.06,118800,5600,199510,113060,99910,40100,29300,58900,103200,9600,6.97,6.96,6.95,6.94,6.93,6.92,6.91,6.9,6.89,6.88,7500,343070,321000,119000,75900,50000,16800,157300,15500,22200,7,15,45,7,5,172,23,3,20,4,58,15,5,2,17,6,4,2,16,7,20797.037037037036,34349.84,30412.884615384617,97368.6,666030.0,-1,-1,-1,-1,-1,2037.0,173655.29411764705,-1,-1,-1,-1,-1,-1,-1,-1,903,1492790,6.9821401002825905,10422841.5,251,28970870,2,1100,6.9821401002825905,7676.0,0,-1,-1,96029.73394933886
