timestamp,preclose,open,high,low,close,preclose_range,open_range,high_range,low_range,close_range,ask_price_0,ask_price_1,ask_price_2,ask_price_3,ask_price_4,ask_price_5,ask_price_6,ask_price_7,ask_price_8,ask_price_9,ask_volume_0,ask_volume_1,ask_volume_2,ask_volume_3,ask_volume_4,ask_volume_5,ask_volume_6,ask_volume_7,ask_volume_8,ask_volume_9,bid_price_0,bid_price_1,bid_price_2,bid_price_3,bid_price_4,bid_price_5,bid_price_6,bid_price_7,bid_price_8,bid_price_9,bid_volume_0,bid_volume_1,bid_volume_2,bid_volume_3,bid_volume_4,bid_volume_5,bid_volume_6,bid_volume_7,bid_volume_8,bid_volume_9,ask_order_num_0,ask_order_num_1,ask_order_num_2,ask_order_num_3,ask_order_num_4,ask_order_num_5,ask_order_num_6,ask_order_num_7,ask_order_num_8,ask_order_num_9,bid_order_num_0,bid_order_num_1,bid_order_num_2,bid_order_num_3,bid_order_num_4,bid_order_num_5,bid_order_num_6,bid_order_num_7,bid_order_num_8,bid_order_num_9,ask_order_stale_0,ask_order_stale_1,ask_order_stale_2,ask_order_stale_3,ask_order_stale_4,ask_order_stale_5,ask_order_stale_6,ask_order_stale_7,ask_order_stale_8,ask_order_stale_9,bid_order_stale_0,bid_order_stale_1,bid_order_stale_2,bid_order_stale_3,bid_order_stale_4,bid_order_stale_5,bid_order_stale_6,bid_order_stale_7,bid_order_stale_8,bid_order_stale_9,order_num,volume,VWAP,amount,passive_num,passive_stale_total,order_num_range,volume_range,VWAP_range,amount_range,passive_num_range,passive_stale_total_range,passive_stale_avg_range,depth
20230815093006000,6.47,6.47,6.47,6.47,6.47,6.47,6.47,6.47,6.47,6.47,6.47,6.48,6.49,6.5,6.51,6.52,6.53,6.54,6.55,6.56,1300,400,13500,27500,1800,8000,3500,19100,2100,500,6.5,6.48,6.47,6.46,6.45,6.44,6.43,6.42,6.41,6.4,26600,4100,200,1700,4000,4100,5100,30500,5700,22400,5,2,11,9,3,36,10,4,6,1,7,3,3,1,2,6,14,11,4,7,0.0,0.0,10.0,-1,-1,-1,-1,-1,-1,-1,0.0,973480.0,-1,-1,-1,-1,-1,-1,-1,-1,12,12500,6.486060606060606,80981.0,2,973490,1,5900,6.486060606060606,38173.0,0,-1,-1,8613.011789071214
20230815093009000,6.47,6.47,6.47,6.47,6.47,6.47,6.47,6.47,6.47,6.47,6.47,6.48,6.49,6.5,6.51,6.52,6.53,6.54,6.55,6.56,1300,2300,13500,27500,1800,8000,3500,19100,2100,500,6.5,6.48,6.47,6.46,6.45,6.44,6.43,6.42,6.41,6.4,26600,4100,200,1700,4000,4100,5100,30500,5700,22400,5,2,11,9,3,36,10,4,6,1,7,3,3,1,2,6,14,11,4,7,0.0,0.0,10.0,-1,-1,-1,-1,-1,-1,-1,0.0,973480.0,-1,-1,-1,-1,-1,-1,-1,-1,12,12500,6.486060606060606,80981.0,2,973490,0,0,-1,0.0,0,-1,-1,8726.481599490204
20230815093012000,6.47,6.47,6.47,6.47,6.47,6.47,6.47,6.47,6.47,6.47,6.48,6.49,6.5,6.51,6.52,6.53,6.54,6.55,6.56,6.57,2300,13700,27500,1800,8000,3500,19100,2100,500,13900,6.5,6.48,6.47,6.46,6.45,6.44,6.43,6.42,6.41,6.4,25100,2600,7800,2500,4000,4100,5100,30500,5700,22400,5,2,11,9,3,36,10,4,6,1,7,3,3,1,2,6,14,11,4,7,0.0,10.0,-1,-1,-1,-1,-1,-1,-1,-1,0.0,973480.0,0.0,-1,-1,-1,-1,-1,-1,-1,17,14000,6.486060606060606,90686.0,2,973490,5,1500,6.486060606060606,9705.0,0,-1,-1,10124.396606659231
20230815093015000,6.47,6.48,6.48,6.48,6.48,6.48,6.48,6.48,6.48,6.48,6.49,6.5,6.51,6.52,6.53,6.54,6.55,6.56,6.57,6.58,13700,27500,1800,8000,3500,19100,2100,500,13900,9400,6.5,6.48,6.47,6.46,6.45,6.44,6.43,6.42,6.41,6.4,22400,2600,8400,2500,4000,4100,5100,30500,5700,22400,5,2,11,9,3,36,10,4,6,1,7,3,3,1,2,6,14,11,4,7,10.0,-1,-1,-1,-1,-1,-1,-1,-1,-1,0.0,486740.0,0.0,-1,-1,-1,-1,-1,-1,-1,18,16700,6.486060606060606,108182.0,2,973490,1,2700,6.486060606060606,17496.0,0,-1,-1,11388.061574000316
20230815093018000,6.5,6.48,6.48,6.48,6.48,6.48,6.49,6.5,6.48,6.48,6.49,6.5,6.51,6.52,6.53,6.54,6.55,6.56,6.57,6.58,9200,25200,1800,8000,3500,19100,2100,500,13900,9400,6.5,6.47,6.46,6.45,6.44,6.43,6.42,6.41,6.4,6.39,7300,14500,2500,4000,4100,5100,30500,5700,22400,10000,5,2,11,9,3,36,10,4,6,1,7,3,3,1,2,6,14,11,4,7,10.0,-1,-1,-1,-1,-1,-1,-1,-1,-1,0.0,0.0,-1,-1,-1,-1,-1,-1,-1,-1,21,31800,6.486060606060606,206115.0,2,973490,3,15100,6.486060606060606,97933.0,0,-1,-1,9918.235223833042
20230815093021000,6.48,6.48,6.48,6.48,6.48,6.48,6.48,6.48,6.48,6.48,6.49,6.5,6.51,6.52,6.53,6.54,6.55,6.56,6.57,6.58,9700,25200,1800,8000,3500,19100,2100,500,13900,9400,6.5,6.48,6.47,6.46,6.45,6.44,6.43,6.42,6.41,6.4,6700,13800,8400,2500,4000,4100,5100,30500,5700,22400,5,2,11,9,3,36,10,4,6,1,7,3,3,1,2,6,14,11,4,8,10.0,-1,-1,-1,-1,-1,-1,-1,-1,-1,0.0,486740.0,0.0,-1,-1,-1,-1,-1,-1,-1,21,32400,6.486060606060606,210003.0,2,973490,0,600,6.486060606060606,3888.0,0,-1,-1,9940.401465668312
20230815093024000,6.48,6.48,6.48,6.48,6.48,6.48,6.48,6.48,6.48,6.48,6.49,6.5,6.51,6.52,6.53,6.54,6.55,6.56,6.57,6.58,9700,25200,1800,8000,3500,19100,2100,500,13900,9400,6.5,6.48,6.47,6.46,6.45,6.44,6.43,6.42,6.41,6.4,6700,13800,8400,2500,4000,4100,5100,30500,5700,22400,5,2,11,9,3,36,10,4,6,1,7,3,3,1,2,6,14,11,4,8,10.0,-1,-1,-1,-1,-1,-1,-1,-1,-1,0.0,486740.0,0.0,-1,-1,-1,-1,-1,-1,-1,21,32400,6.486060606060606,210003.0,2,973490,0,0,-1,0.0,0,-1,-1,9947.30165684244
20230815093027000,6.48,6.49,6.49,6.49,6.49,6.49,6.49,6.49,6.49,6.49,6.49,6.5,6.51,6.52,6.53,6.54,6.55,6.56,6.57,6.58,9600,25200,1800,8000,3500,19100,2100,500,13900,9400,6.5,6.48,6.47,6.46,6.45,6.44,6.43,6.42,6.41,6.4,6600,14600,8400,2500,4000,4100,5100,30500,5700,22400,5,2,11,9,3,36,10,4,6,1,7,3,3,1,2,6,14,11,4,8,10.0,-1,-1,-1,-1,-1,-1,-1,-1,-1,0.0,486740.0,0.0,-1,-1,-1,-1,-1,-1,-1,22,32500,6.486060606060606,210652.0,2,973490,1,100,6.486060606060606,649.0,0,-1,-1,9924.301019595347
20230815093030000,6.48,6.49,6.49,6.49,6.49,6.49,6.49,6.49,6.49,6.49,6.49,6.5,6.51,6.52,6.53,6.54,6.55,6.56,6.57,6.58,9600,25300,1800,8000,3500,19100,2100,500,13900,9400,6.5,6.49,6.48,6.47,6.46,6.45,6.44,6.43,6.42,6.41,6600,200,14800,8400,2500,4000,4100,5100,30500,5700,5,2,11,9,3,36,10,4,6,1,7,3,3,1,2,6,14,11,4,8,10.0,-1,-1,-1,-1,-1,-1,-1,-1,-1,0.0,0.0,486740.0,0.0,-1,-1,-1,-1,-1,-1,22,32500,6.486060606060606,210652.0,2,973490,0,0,-1,0.0,0,-1,-1,9063.612195316235
20230815093033000,6.5,6.5,6.5,6.5,6.5,6.49,6.49,6.5,6.49,6.5,6.49,6.5,6.51,6.52,6.53,6.54,6.55,6.56,6.57,6.58,6300,22200,1800,8000,3500,19100,2100,500,13900,9400,6.5,6.49,6.48,6.47,6.46,6.45,6.44,6.43,6.42,6.41,5400,200,14800,8400,2500,4000,4100,5100,30500,5700,5,2,11,9,3,36,10,4,6,1,8,3,3,1,2,6,14,11,4,8,5.0,31963.333333333332,-1,-1,-1,-1,-1,-1,-1,-1,0.0,0.0,486740.0,0.0,-1,-1,-1,-1,-1,-1,29,34900,6.482808022922636,226250.0,2,973490,7,2400,6.482808022922636,15598.0,0,-1,-1,8437.994862195315
20230815093036000,6.5,6.49,6.49,6.49,6.49,6.5,6.5,6.5,6.49,6.49,6.5,6.51,6.52,6.53,6.54,6.55,6.56,6.57,6.58,6.59,17400,1800,8000,3500,19100,2100,500,13900,9400,14700,6.5,6.48,6.47,6.46,6.45,6.44,6.43,6.42,6.41,6.4,300,14800,8400,2500,26300,4100,5100,32500,5700,27400,5,2,11,9,3,36,10,4,6,1,8,3,3,1,2,7,14,11,4,8,31963.333333333332,-1,-1,-1,-1,-1,-1,-1,-1,-1,0.0,486740.0,0.0,-1,-1,-1,-1,-1,-1,-1,34,43700,6.485300925925926,283410.0,3,976470,5,8800,6.495454545454545,57160.0,1,2980,2980.0,8535.71969093516
20230815093039000,6.5,6.5,6.5,6.5,6.5,6.5,6.5,6.5,6.5,6.5,6.5,6.51,6.52,6.53,6.54,6.55,6.56,6.57,6.58,6.59,14300,1800,8000,3500,19100,2100,500,13900,9400,14700,6.49,6.48,6.47,6.46,6.45,6.44,6.43,6.42,6.41,6.4,700,14800,8400,2500,26300,4100,5100,32500,5700,27700,5,2,11,9,3,36,10,4,6,1,9,3,3,1,2,7,14,11,4,8,31963.333333333332,-1,-1,-1,-1,-1,-1,-1,-1,-1,596.0,486740.0,0.0,-1,-1,-1,-1,-1,-1,-1,36,46800,6.485300925925926,303560.0,3,976470,2,3100,6.485300925925926,20150.0,0,-1,-1,8434.256014019436
20230815093042000,6.5,6.49,6.49,6.49,6.49,6.49,6.49,6.49,6.49,6.49,6.5,6.51,6.52,6.53,6.54,6.55,6.56,6.57,6.58,6.59,17900,1800,8000,3500,19100,2100,500,13900,9400,14700,6.48,6.47,6.46,6.45,6.44,6.43,6.42,6.41,6.4,6.39,16200,8400,2500,26300,20900,5100,32500,5700,29700,10000,5,2,11,9,3,36,10,4,6,1,10,3,3,1,2,7,14,11,4,8,31963.333333333332,-1,-1,-1,-1,-1,-1,-1,-1,-1,486740.0,0.0,-1,-1,-1,-1,-1,-1,-1,-1,37,48000,6.485300925925926,311348.0,3,976470,1,1200,6.485300925925926,7788.0,0,-1,-1,11299.099888481758
20230815093045000,6.49,6.49,6.49,6.49,6.49,6.49,6.49,6.49,6.49,6.49,6.5,6.51,6.52,6.53,6.54,6.55,6.56,6.57,6.58,6.59,17900,1800,8000,3500,19100,2100,500,13900,9400,14700,6.48,6.47,6.46,6.45,6.44,6.43,6.42,6.41,6.4,6.39,16200,8400,2500,26300,20900,5100,32500,5700,29700,10000,5,2,11,9,3,36,10,4,6,1,10,3,3,1,2,7,14,11,4,8,31963.333333333332,-1,-1,-1,-1,-1,-1,-1,-1,-1,486740.0,0.0,-1,-1,-1,-1,-1,-1,-1,-1,38,49000,6.486489795918367,317838.0,3,976470,1,1000,6.486489795918367,6490.0,0,-1,-1,11961.518241198024
20230815093048000,6.49,6.49,6.49,6.49,6.49,6.49,6.49,6.49,6.49,6.49,6.49,6.5,6.51,6.52,6.53,6.54,6.55,6.56,6.57,6.58,3400,25300,1800,8000,4000,19100,2100,500,13900,9400,6.48,6.47,6.46,6.45,6.44,6.43,6.42,6.41,6.4,6.39,16200,8400,2500,26300,23900,5100,32500,5700,29700,10000,5,2,11,9,3,36,10,4,6,1,10,3,3,1,2,7,14,11,4,9,5.0,31963.333333333332,-1,-1,-1,-1,-1,-1,-1,-1,486740.0,0.0,-1,-1,-1,-1,-1,-1,-1,-1,39,51100,6.486539235412475,331467.0,3,976470,1,2100,6.486539235412475,13629.0,0,-1,-1,11644.965747968774
20230815093051000,6.48,6.49,6.49,6.49,6.49,6.48,6.48,6.49,6.48,6.49,6.49,6.5,6.51,6.52,6.53,6.54,6.55,6.56,6.57,6.58,28200,25900,2800,8000,4000,19100,2100,500,13900,9400,6.48,6.47,6.46,6.45,6.44,6.43,6.42,6.41,6.4,6.39,16000,8400,2500,26300,23900,5100,32300,5700,29700,10000,5,2,11,9,3,36,10,4,6,1,10,3,3,1,2,7,14,11,4,9,5.0,31963.333333333332,-1,-1,-1,-1,-1,-1,-1,-1,486740.0,0.0,-1,-1,-1,-1,-1,-1,-1,-1,41,52100,6.486608187134503,337955.0,3,976470,2,1000,6.486608187134503,6488.0,0,-1,-1,15200.864266369286
20230815093054000,6.49,6.49,6.49,6.49,6.49,6.49,6.49,6.49,6.49,6.49,6.49,6.5,6.51,6.52,6.53,6.54,6.55,6.56,6.57,6.58,29400,27100,2800,8000,4000,19100,2100,500,13900,15100,6.48,6.47,6.46,6.45,6.44,6.43,6.42,6.41,6.4,6.39,16000,8400,2500,26300,23900,5100,38000,5700,29700,10000,5,2,11,9,3,36,10,4,6,1,10,3,3,1,2,8,14,11,4,9,5.0,31963.333333333332,-1,-1,-1,-1,-1,-1,-1,-1,486740.0,0.0,-1,-1,-1,-1,-1,-1,-1,-1,42,53100,6.486723163841808,344445.0,3,976470,1,1000,6.486723163841808,6490.0,0,-1,-1,14778.510833200571
20230815093057000,6.48,6.49,6.49,6.49,6.49,6.48,6.48,6.49,6.48,6.49,6.49,6.5,6.51,6.52,6.53,6.54,6.55,6.56,6.57,6.58,28500,41300,2800,8000,4000,19100,2100,500,13900,15100,6.48,6.47,6.46,6.45,6.44,6.43,6.42,6.41,6.4,6.39,12700,8400,2500,26300,23900,5100,38000,5700,29700,10000,5,2,11,9,3,36,10,4,6,1,10,3,3,1,2,8,14,11,4,9,5.0,31963.333333333332,-1,-1,-1,-1,-1,-1,-1,-1,486740.0,0.0,-1,-1,-1,-1,-1,-1,-1,-1,45,58700,6.486388415672913,380751.0,3,976470,3,5600,6.486388415672913,36306.0,0,-1,-1,16639.588975625302
20230815093100000,6.48,6.48,6.48,6.48,6.48,6.48,6.48,6.48,6.48,6.48,6.49,6.5,6.51,6.52,6.53,6.54,6.55,6.56,6.57,6.58,29800,41300,2800,8000,4000,19100,2100,500,13900,15100,6.48,6.47,6.46,6.45,6.44,6.43,6.42,6.41,6.4,6.39,11500,8400,2500,26300,23900,5100,38000,5700,29700,10000,5,2,11,9,3,36,10,4,6,1,10,3,3,1,2,8,14,11,4,9,5.0,31963.333333333332,-1,-1,-1,-1,-1,-1,-1,-1,486740.0,0.0,-1,-1,-1,-1,-1,-1,-1,-1,48,60400,6.486377551020408,391767.0,3,976470,3,1700,6.486377551020408,11016.0,0,-1,-1,16690.190377568902
20230815093103000,6.48,6.48,6.48,6.48,6.48,6.48,6.48,6.48,6.48,6.48,6.49,6.5,6.51,6.52,6.53,6.54,6.55,6.56,6.57,6.58,30800,41300,4800,8000,6000,19100,2100,500,13900,15100,6.48,6.47,6.46,6.45,6.44,6.43,6.42,6.41,6.4,6.39,11900,8400,2500,26300,23900,5100,38000,5700,29700,10000,5,2,11,9,3,36,10,4,6,1,10,3,3,1,2,8,14,11,4,9,5.0,31963.333333333332,-1,-1,-1,-1,-1,-1,-1,-1,486740.0,0.0,-1,-1,-1,-1,-1,-1,-1,-1,50,60900,6.486377551020408,395007.0,3,976470,2,500,6.486377551020408,3240.0,0,-1,-1,17002.999044129363
20230815093106000,6.48,6.48,6.48,6.48,6.48,6.48,6.48,6.48,6.48,6.48,6.49,6.5,6.51,6.52,6.53,6.54,6.55,6.56,6.57,6.58,32000,42200,4800,8000,6000,19100,2100,500,13900,15100,6.48,6.47,6.46,6.45,6.44,6.43,6.42,6.41,6.4,6.39,11800,8400,2600,26300,23900,5100,38000,5700,29700,10000,5,2,11,9,3,36,10,4,6,1,10,3,3,1,2,8,14,11,4,9,5.0,31963.333333333332,-1,-1,-1,-1,-1,-1,-1,-1,486740.0,0.0,-1,-1,-1,-1,-1,-1,-1,-1,51,61000,6.486377551020408,395655.0,3,976470,1,100,6.486377551020408,648.0,0,-1,-1,17380.209494981682
20230815093109000,6.48,6.48,6.48,6.48,6.48,6.48,6.48,6.48,6.48,6.48,6.49,6.5,6.51,6.52,6.53,6.54,6.55,6.56,6.57,6.58,32000,42200,4800,8000,6000,19100,2100,500,13900,15100,6.48,6.47,6.46,6.45,6.44,6.43,6.42,6.41,6.4,6.39,11300,8400,2600,26300,23900,5100,38000,5700,29700,10000,5,2,11,9,3,37,10,4,6,1,10,3,3,1,2,8,14,11,4,9,5.0,31963.333333333332,-1,-1,-1,-1,-1,-1,-1,-1,486740.0,0.0,-1,-1,-1,-1,-1,-1,-1,-1,53,61500,6.486377551020408,398895.0,3,976470,2,500,6.486377551020408,3240.0,0,-1,-1,14223.305321013224
20230815093112000,6.48,6.48,6.48,6.48,6.48,6.48,6.48,6.48,6.48,6.48,6.49,6.5,6.51,6.52,6.53,6.54,6.55,6.56,6.57,6.58,32000,42200,4800,8000,6000,19100,2100,500,13900,15100,6.48,6.47,6.46,6.45,6.44,6.43,6.42,6.41,6.4,6.39,14600,9400,2600,26300,23900,5100,38000,5700,29700,10000,5,2,11,9,3,37,10,4,6,1,10,3,3,1,2,8,14,11,4,9,5.0,31963.333333333332,-1,-1,-1,-1,-1,-1,-1,-1,486740.0,0.0,-1,-1,-1,-1,-1,-1,-1,-1,53,61500,6.486377551020408,398895.0,3,976470,0,0,-1,0.0,0,-1,-1,17601.93563804365
20230815093115000,6.48,6.48,6.48,6.48,6.48,6.48,6.48,6.48,6.48,6.48,6.49,6.5,6.51,6.52,6.53,6.54,6.55,6.56,6.57,6.58,32000,42200,4800,8000,6000,19100,2100,500,13900,15100,6.48,6.47,6.46,6.45,6.44,6.43,6.42,6.41,6.4,6.39,14800,9400,2600,26300,23900,5100,38000,5700,29700,10000,5,2,11,9,3,37,10,4,6,1,10,3,3,1,2,8,14,11,4,9,5.0,31963.333333333332,-1,-1,-1,-1,-1,-1,-1,-1,486740.0,0.0,-1,-1,-1,-1,-1,-1,-1,-1,53,61500,6.486377551020408,398895.0,3,976470,0,0,-1,0.0,0,-1,-1,17721.538951728533
20230815093118000,6.48,6.48,6.48,6.48,6.48,6.48,6.49,6.49,6.48,6.48,6.49,6.5,6.51,6.52,6.53,6.54,6.55,6.56,6.57,6.58,31000,42200,4800,8000,5500,19100,2100,2500,13900,15100,6.48,6.47,6.46,6.45,6.44,6.43,6.42,6.41,6.4,6.39,16500,9400,2600,26300,23900,5100,38000,5700,79700,10000,5,2,11,9,3,37,10,4,6,1,11,3,3,1,2,8,14,11,4,9,5.0,31963.333333333332,-1,-1,-1,-1,-1,-1,-1,-1,486740.0,0.0,-1,-1,-1,-1,-1,-1,-1,-1,56,63900,6.486166134185304,414458.0,3,976470,3,2400,6.486166134185304,15563.0,0,-1,-1,19065.054962561735
20230815093121000,6.48,6.48,6.48,6.48,6.48,6.48,6.48,6.48,6.48,6.48,6.49,6.5,6.51,6.52,6.53,6.54,6.55,6.56,6.57,6.58,31100,42200,4800,8000,5500,19100,2100,2500,13900,15100,6.48,6.47,6.46,6.45,6.44,6.43,6.42,6.41,6.4,6.39,16500,9400,2600,26300,23900,5100,38000,5700,79700,10000,5,2,11,9,3,37,10,4,6,1,11,3,3,1,2,8,14,11,4,9,5.0,31963.333333333332,-1,-1,-1,-1,-1,-1,-1,-1,486740.0,0.0,-1,-1,-1,-1,-1,-1,-1,-1,56,63900,6.486166134185304,414458.0,3,976470,0,0,-1,0.0,0,-1,-1,19042.05432531464
20230815093124000,6.48,6.48,6.48,6.48,6.48,6.48,6.48,6.48,6.48,6.48,6.49,6.5,6.51,6.52,6.53,6.54,6.55,6.56,6.57,6.58,36300,42200,4800,8000,5500,19100,2100,2500,13900,15100,6.48,6.47,6.46,6.45,6.44,6.43,6.42,6.41,6.4,6.39,16500,9400,2600,26600,23900,5100,38000,5700,79700,10000,5,2,11,9,3,37,10,4,6,1,11,3,3,1,2,8,14,11,4,9,5.0,31963.333333333332,-1,-1,-1,-1,-1,-1,-1,-1,486740.0,0.0,-1,-1,-1,-1,-1,-1,-1,-1,56,63900,6.486166134185304,414458.0,3,976470,0,0,-1,0.0,0,-1,-1,19773.47458977218
20230815093127000,6.48,6.48,6.48,6.48,6.48,6.48,6.48,6.48,6.48,6.48,6.49,6.5,6.51,6.52,6.53,6.54,6.55,6.56,6.57,6.58,36300,42200,4800,8000,5500,19100,2100,2500,13900,15100,6.48,6.47,6.46,6.45,6.44,6.43,6.42,6.41,6.4,6.39,14900,9400,2600,36600,23900,5100,38000,5700,79700,10000,5,2,11,9,3,37,10,4,6,1,11,3,3,1,2,8,14,11,4,9,5.0,31963.333333333332,-1,-1,-1,-1,-1,-1,-1,-1,327883.3333333333,0.0,-1,-1,-1,-1,-1,-1,-1,-1,60,65500,6.48603125,424826.0,4,986640,4,1600,6.48,10368.0,1,10170,10170.0,19640.07089373905
20230815093130000,6.48,6.48,6.48,6.48,6.48,6.48,6.48,6.48,6.48,6.48,6.49,6.5,6.51,6.52,6.53,6.54,6.55,6.56,6.57,6.58,36300,42200,4800,8000,5500,19100,2100,2500,13900,15100,6.48,6.47,6.46,6.45,6.44,6.43,6.42,6.41,6.4,6.39,15600,9400,2600,36600,23900,5100,38000,5700,79700,10000,5,2,11,9,3,37,10,4,6,1,11,3,3,1,2,8,14,11,4,9,5.0,31963.333333333332,-1,-1,-1,-1,-1,-1,-1,-1,327883.3333333333,0.0,-1,-1,-1,-1,-1,-1,-1,-1,63,67500,6.48603125,437786.0,4,986640,3,2000,6.48603125,12960.0,0,-1,-1,19980.480324996013
20230815093133000,6.48,6.48,6.48,6.48,6.48,6.48,6.48,6.48,6.48,6.48,6.49,6.5,6.51,6.52,6.53,6.54,6.55,6.56,6.57,6.58,36300,42200,4800,8000,5500,19100,2100,2500,13900,15100,6.48,6.47,6.46,6.45,6.44,6.43,6.42,6.41,6.4,6.39,13800,9400,2600,36600,23900,5100,38000,5700,79700,10000,5,2,11,9,3,37,10,4,6,1,11,3,3,1,2,8,14,11,4,9,5.0,31963.333333333332,-1,-1,-1,-1,-1,-1,-1,-1,327883.3333333333,0.0,-1,-1,-1,-1,-1,-1,-1,-1,65,69300,6.4855699855699855,449450.0,4,986640,2,1800,6.4855699855699855,11664.0,0,-1,-1,16681.804604110243
20230815093136000,6.47,6.48,6.48,6.48,6.48,6.48,6.48,6.49,6.47,6.48,6.48,6.49,6.5,6.51,6.52,6.53,6.54,6.55,6.56,6.57,4700,36000,42200,4800,8000,5500,19100,2100,2500,13900,6.48,6.47,6.46,6.45,6.44,6.43,6.42,6.41,6.4,6.39,11200,8000,2600,36600,23900,5100,38000,5700,79700,10000,5,2,11,9,3,37,10,4,6,1,11,3,3,1,2,8,14,11,4,9,0.0,5.0,31963.333333333332,-1,-1,-1,-1,-1,-1,-1,122956.25,0.0,-1,-1,-1,-1,-1,-1,-1,-1,72,75500,6.484834437086093,489605.0,4,986640,7,6200,6.484834437086093,40155.0,0,-1,-1,16937.11167755297
20230815093139000,6.47,6.48,6.48,6.48,6.48,6.48,6.48,6.48,6.48,6.48,6.48,6.49,6.5,6.51,6.52,6.53,6.54,6.55,6.56,6.57,5200,35400,42200,4800,9000,5500,19100,2100,2500,13900,6.48,6.47,6.46,6.45,6.44,6.43,6.42,6.41,6.4,6.39,11200,8000,2600,36600,23900,5100,38000,5700,79700,10000,5,2,11,10,3,37,10,4,6,1,11,3,3,1,2,8,14,11,4,9,0.0,5.0,31963.333333333332,-1,-1,-1,-1,-1,-1,-1,122956.25,0.0,-1,-1,-1,-1,-1,-1,-1,-1,72,75500,6.484834437086093,489605.0,4,986640,0,0,-1,0.0,0,-1,-1,16934.81161382826
20230815093142000,6.48,6.47,6.47,6.47,6.47,6.47,6.47,6.47,6.47,6.47,6.48,6.49,6.5,6.51,6.52,6.53,6.54,6.55,6.56,6.57,5200,35500,42200,4800,9000,5500,19100,2100,2500,13900,6.48,6.47,6.46,6.45,6.44,6.43,6.42,6.41,6.4,6.39,10600,8400,2600,36600,23900,5100,38000,5700,79700,10000,5,2,11,10,3,37,10,4,6,1,11,3,3,1,2,8,14,11,4,9,0.0,5.0,31963.333333333332,-1,-1,-1,-1,-1,-1,-1,122956.25,0.0,-1,-1,-1,-1,-1,-1,-1,-1,73,76100,6.484834437086093,493487.0,4,986640,1,600,6.484834437086093,3882.0,0,-1,-1,14871.891429026606
20230815093145000,6.47,6.47,6.47,6.47,6.47,6.47,6.47,6.47,6.47,6.47,6.48,6.49,6.5,6.51,6.52,6.53,6.54,6.55,6.56,6.57,5400,35500,42200,4800,9000,5500,19100,2100,2500,13900,6.48,6.47,6.46,6.45,6.44,6.43,6.42,6.41,6.4,6.39,3100,8100,2600,36600,23900,5100,38000,5700,81700,10000,5,2,11,10,3,37,10,4,6,1,11,3,3,1,2,8,14,11,4,9,0.0,5.0,31963.333333333332,-1,-1,-1,-1,-1,-1,-1,122956.25,0.0,-1,-1,-1,-1,-1,-1,-1,-1,74,83600,6.484834437086093,542012.0,4,986640,1,7500,6.484834437086093,48525.0,0,-1,-1,16302.294089533218
20230815093148000,6.47,6.47,6.47,6.47,6.47,6.47,6.47,6.47,6.47,6.47,6.48,6.49,6.5,6.51,6.52,6.53,6.54,6.55,6.56,6.57,5400,35500,42200,4800,9000,5500,19100,2100,2500,13900,6.48,6.47,6.46,6.45,6.44,6.43,6.42,6.41,6.4,6.39,3100,8100,2600,36600,23900,5100,38000,5700,81700,10000,5,2,11,10,3,37,10,4,6,1,11,3,3,1,2,8,14,11,4,9,0.0,5.0,31963.333333333332,-1,-1,-1,-1,-1,-1,-1,122956.25,0.0,-1,-1,-1,-1,-1,-1,-1,-1,74,83600,6.484834437086093,542012.0,4,986640,0,0,-1,0.0,0,-1,-1,16302.294089533218
20230815093151000,6.47,6.47,6.47,6.47,6.47,6.47,6.47,6.47,6.47,6.47,6.48,6.49,6.5,6.51,6.52,6.53,6.54,6.55,6.56,6.57,6200,35300,42200,4800,9000,5500,19100,2100,2500,13900,6.48,6.47,6.46,6.45,6.44,6.43,6.42,6.41,6.4,6.39,2900,11600,2600,36600,23900,5100,38000,5700,81700,10000,5,2,11,10,3,37,10,4,6,1,12,3,3,1,2,8,14,11,4,9,0.0,5.0,31963.333333333332,-1,-1,-1,-1,-1,-1,-1,122956.25,0.0,-1,-1,-1,-1,-1,-1,-1,-1,75,83800,6.484834437086093,543306.0,4,986640,1,200,6.484834437086093,1294.0,0,-1,-1,16676.786283256333
20230815093154000,6.47,6.48,6.48,6.48,6.48,6.48,6.48,6.48,6.48,6.48,6.48,6.49,6.5,6.51,6.52,6.53,6.54,6.55,6.56,6.57,6600,35300,42200,4800,9000,5500,19100,2100,2500,13900,6.48,6.47,6.46,6.45,6.44,6.43,6.42,6.41,6.4,6.39,2900,11700,2600,39600,23900,5100,41000,5700,81700,10000,5,2,11,11,3,38,10,4,6,1,12,3,3,1,2,9,14,11,4,9,0.0,5.0,31963.333333333332,-1,-1,-1,-1,-1,-1,-1,109294.44444444444,0.0,-1,-1,-1,-1,-1,-1,-1,-1,76,83900,6.484834437086093,543954.0,4,986640,1,100,6.484834437086093,648.0,0,-1,-1,16959.694121395572
20230815093157000,6.48,6.47,6.47,6.47,6.47,6.47,6.47,6.48,6.47,6.47,6.48,6.49,6.5,6.51,6.52,6.53,6.54,6.55,6.56,6.57,3000,35000,42200,4800,9000,5500,19100,2100,2500,13900,6.47,6.46,6.45,6.44,6.43,6.42,6.41,6.4,6.39,6.38,5400,3600,39600,23900,5100,41000,5700,81700,10000,10100,5,2,11,11,3,38,10,4,6,1,12,3,3,1,2,9,14,11,4,9,0.0,5.0,31963.333333333332,-1,-1,-1,-1,-1,-1,-1,3168.0,-1,-1,-1,-1,-1,-1,-1,-1,-1,82,97300,6.482117163412127,630710.0,5,1002480,6,13400,6.474328358208955,86756.0,1,15840,15840.0,15350.727855663536
20230815093200000,6.47,6.48,6.48,6.48,6.48,6.48,6.48,6.48,6.48,6.48,6.48,6.49,6.5,6.51,6.52,6.53,6.54,6.55,6.56,6.57,2700,35000,42200,4800,9000,5500,19100,2100,2500,13900,6.47,6.46,6.45,6.44,6.43,6.42,6.41,6.4,6.39,6.38,5400,3600,81200,23900,5100,41000,5700,81800,10000,10100,5,2,11,11,3,38,10,4,6,1,13,3,3,1,2,9,14,11,4,9,0.0,5.0,31963.333333333332,-1,-1,-1,-1,-1,-1,-1,3168.0,-1,-1,-1,-1,-1,-1,-1,-1,-1,83,98100,6.482117163412127,635894.0,5,1002480,1,800,6.482117163412127,5184.0,0,-1,-1,19330.981161382828
20230815093203000,6.47,6.48,6.48,6.48,6.48,6.48,6.48,6.48,6.48,6.48,6.48,6.49,6.5,6.51,6.52,6.53,6.54,6.55,6.56,6.57,4600,37300,42200,4800,9000,5500,19100,2100,2500,13900,6.47,6.46,6.45,6.44,6.43,6.42,6.41,6.4,6.39,6.38,7000,3600,81200,23900,5100,41000,5700,81800,10000,10100,5,2,11,11,3,38,10,4,6,1,13,3,3,1,2,9,14,11,4,9,0.0,5.0,31963.333333333332,-1,-1,-1,-1,-1,-1,-1,3168.0,-1,-1,-1,-1,-1,-1,-1,-1,-1,83,98100,6.482117163412127,635894.0,5,1002480,0,0,-1,0.0,0,-1,-1,19809.39441612236
20230815093206000,6.47,6.48,6.48,6.48,6.48,6.48,6.48,6.48,6.48,6.48,6.48,6.49,6.5,6.51,6.52,6.53,6.54,6.55,6.56,6.57,4600,37300,42200,4800,9000,5500,19100,2100,2500,13900,6.47,6.46,6.45,6.44,6.43,6.42,6.41,6.4,6.39,6.38,8200,3600,81200,23900,5100,41000,5700,81800,10000,10100,5,2,11,11,3,38,10,4,6,1,13,3,3,1,2,9,14,11,4,9,0.0,5.0,31963.333333333332,-1,-1,-1,-1,-1,-1,-1,3168.0,-1,-1,-1,-1,-1,-1,-1,-1,-1,83,98100,6.482117163412127,635894.0,5,1002480,0,0,-1,0.0,0,-1,-1,20048.601043492115
20230815093209000,6.47,6.48,6.48,6.48,6.48,6.48,6.48,6.48,6.48,6.48,6.48,6.49,6.5,6.51,6.52,6.53,6.54,6.55,6.56,6.57,12400,37300,42200,4800,9000,5500,19100,2100,2500,13900,6.47,6.46,6.45,6.44,6.43,6.42,6.41,6.4,6.39,6.38,4500,3600,81200,23900,5100,41000,5700,81800,10000,10100,5,2,11,11,3,39,10,4,6,1,13,3,3,1,2,9,14,11,4,9,0.0,5.0,31963.333333333332,-1,-1,-1,-1,-1,-1,-1,3168.0,-1,-1,-1,-1,-1,-1,-1,-1,-1,83,98100,6.482117163412127,635894.0,5,1002480,0,0,-1,0.0,0,-1,-1,21207.833160745577
20230815093212000,6.48,6.47,6.47,6.47,6.47,6.47,6.47,6.47,6.47,6.47,6.48,6.49,6.5,6.51,6.52,6.53,6.54,6.55,6.56,6.57,13100,37300,42200,5800,12600,5500,19100,2100,2500,13900,6.47,6.46,6.45,6.44,6.43,6.42,6.41,6.4,6.39,6.38,4400,3600,81200,23900,5100,41000,5700,81800,10000,10100,5,2,11,11,3,39,10,4,6,1,13,3,3,1,2,9,14,11,4,9,0.0,5.0,31963.333333333332,-1,-1,-1,-1,-1,-1,-1,3168.0,-1,-1,-1,-1,-1,-1,-1,-1,-1,84,98200,6.482087576374745,636541.0,5,1002480,1,100,6.482087576374745,647.0,0,-1,-1,21120.43073920663
20230815093215000,6.47,6.47,6.47,6.47,6.47,6.47,6.47,6.47,6.47,6.47,6.48,6.49,6.5,6.51,6.52,6.53,6.54,6.55,6.56,6.57,17600,37400,42200,5800,12600,5500,19100,2100,2500,13900,6.47,6.46,6.45,6.44,6.43,6.42,6.41,6.4,6.39,6.38,7000,3600,81200,23900,5100,41000,5700,81800,10000,10100,5,2,11,11,3,39,10,4,6,1,13,3,3,1,2,9,14,11,4,9,0.0,5.0,31963.333333333332,-1,-1,-1,-1,-1,-1,-1,3168.0,-1,-1,-1,-1,-1,-1,-1,-1,-1,85,98600,6.482038539553753,639129.0,5,1002480,1,400,6.482038539553753,2588.0,0,-1,-1,21424.03915086825
20230815093218000,6.47,6.47,6.47,6.47,6.47,6.47,6.47,6.47,6.47,6.47,6.48,6.49,6.5,6.51,6.52,6.53,6.54,6.55,6.56,6.57,17700,37400,42200,5800,12600,5500,19100,2100,2500,13900,6.47,6.46,6.45,6.44,6.43,6.42,6.41,6.4,6.39,6.38,7200,3600,81200,23900,5100,41500,5700,81800,10000,10100,5,2,11,11,3,39,10,4,6,1,13,3,3,1,2,10,14,11,4,9,0.0,5.0,31963.333333333332,-1,-1,-1,-1,-1,-1,-1,3168.0,-1,-1,-1,-1,-1,-1,-1,-1,-1,86,98700,6.482026342451874,639776.0,5,1002480,1,100,6.482026342451874,647.0,0,-1,-1,22080.70734427274
20230815093221000,6.47,6.48,6.48,6.48,6.48,6.47,6.47,6.48,6.47,6.48,6.48,6.49,6.5,6.51,6.52,6.53,6.54,6.55,6.56,6.57,16800,38300,42200,5800,12600,5500,19100,2100,2500,13900,6.47,6.46,6.45,6.44,6.43,6.42,6.41,6.4,6.39,6.38,7000,3600,81200,23900,5100,41500,5700,81800,10000,10100,5,2,11,11,3,39,10,4,6,1,13,3,3,1,2,10,14,11,4,9,0.0,5.0,31963.333333333332,-1,-1,-1,-1,-1,-1,-1,3168.0,-1,-1,-1,-1,-1,-1,-1,-1,-1,88,99900,6.482002022244692,647550.0,5,1002480,2,1200,6.482002022244692,7774.0,0,-1,-1,22034.70606977856
20230815093224000,6.47,6.47,6.47,6.47,6.47,6.48,6.48,6.48,6.47,6.47,6.48,6.49,6.5,6.51,6.52,6.53,6.54,6.55,6.56,6.57,18200,40600,42200,5800,12600,5500,19100,2100,2500,13900,6.47,6.46,6.45,6.44,6.43,6.42,6.41,6.4,6.39,6.38,6500,3600,81200,23900,5100,41500,5700,81800,10000,10100,5,2,11,11,3,39,10,4,6,1,13,3,3,1,2,10,14,11,4,9,0.0,5.0,31963.333333333332,-1,-1,-1,-1,-1,-1,-1,3168.0,-1,-1,-1,-1,-1,-1,-1,-1,-1,91,100500,6.48192039800995,651433.0,5,1002480,3,600,6.48192039800995,3883.0,0,-1,-1,22181.91014815995
20230815093227000,6.47,6.48,6.48,6.48,6.48,6.47,6.47,6.48,6.47,6.48,6.48,6.49,6.5,6.51,6.52,6.53,6.54,6.55,6.56,6.57,17400,40600,42200,5800,12600,5500,19100,3100,2500,13900,6.47,6.46,6.45,6.44,6.43,6.42,6.41,6.4,6.39,6.38,6000,3600,81200,23900,5100,41500,5700,81800,10000,10100,5,2,11,11,3,39,10,4,6,1,13,3,3,1,2,10,14,11,4,9,0.0,5.0,31963.333333333332,-1,-1,-1,-1,-1,-1,-1,3168.0,-1,-1,-1,-1,-1,-1,-1,-1,-1,93,102000,6.48192039800995,661148.0,5,1002480,2,1500,6.48192039800995,9715.0,0,-1,-1,22240.17842918592
20230815093230000,6.48,6.47,6.47,6.47,6.47,6.47,6.47,6.47,6.47,6.47,6.47,6.48,6.49,6.5,6.51,6.52,6.53,6.54,6.55,6.56,6100,17700,40600,42200,5800,12600,5500,19100,3100,2500,6.47,6.46,6.45,6.44,6.43,6.42,6.41,6.4,6.39,6.38,5600,3700,81200,23900,5100,41500,5700,82600,10000,10100,5,2,11,11,3,39,10,4,6,1,14,3,3,1,2,10,14,11,4,9,0.0,0.0,5.0,31963.333333333332,-1,-1,-1,-1,-1,-1,3168.0,-1,-1,-1,-1,-1,-1,-1,-1,-1,94,102400,6.48192039800995,663736.0,5,1002480,1,400,6.48192039800995,2588.0,0,-1,-1,20211.715389517285
20230815093233000,6.47,6.46,6.46,6.46,6.46,6.46,6.46,6.47,6.46,6.46,6.47,6.48,6.49,6.5,6.51,6.52,6.53,6.54,6.55,6.56,5900,17300,40600,42200,5800,12600,5500,19100,3100,2500,6.46,6.45,6.44,6.43,6.42,6.41,6.4,6.39,6.38,6.37,9500,81200,23900,5100,41500,7200,82600,10000,10100,3000,5,2,11,11,3,39,10,4,6,1,14,3,3,1,2,10,15,11,4,9,0.0,0.0,5.0,31963.333333333332,-1,-1,-1,-1,-1,-1,-1,-1,-1,-1,-1,-1,-1,-1,-1,-1,98,109600,6.48192039800995,710258.0,5,1002480,4,7200,6.48192039800995,46522.0,0,-1,-1,21599.859606499922
20230815093236000,6.46,6.47,6.47,6.47,6.47,6.46,6.46,6.47,6.46,6.47,6.47,6.48,6.49,6.5,6.51,6.52,6.53,6.54,6.55,6.56,200,15800,45600,42200,5800,12600,5500,19100,3100,2500,6.45,6.44,6.43,6.42,6.41,6.4,6.39,6.38,6.37,6.36,81200,23900,5100,41500,7200,82600,10000,10100,3000,1000,5,2,11,11,3,40,10,4,6,1,14,3,3,1,2,10,15,11,4,9,0.0,0.0,5.0,31963.333333333332,-1,-1,-1,-1,-1,-1,-1,-1,-1,-1,-1,-1,-1,-1,-1,-1,101,131300,6.48192039800995,850538.0,5,1002480,3,21700,6.48192039800995,140280.0,0,-1,-1,23772.374342838935
20230815093239000,6.47,6.47,6.47,6.47,6.47,6.47,6.47,6.47,6.47,6.47,6.47,6.48,6.49,6.5,6.51,6.52,6.53,6.54,6.55,6.56,1800,16000,45600,42200,6800,12600,5500,19100,3100,2500,6.46,6.45,6.44,6.43,6.42,6.41,6.4,6.39,6.38,6.37,1600,81200,23900,5100,38400,7200,83400,10000,10100,3000,5,2,11,11,3,41,10,4,6,1,15,3,3,1,2,10,15,11,4,9,0.0,0.0,5.0,31963.333333333332,-1,-1,-1,-1,-1,-1,-1,-1,-1,-1,-1,-1,-1,-1,-1,-1,102,136300,6.477534849596478,882888.0,5,1002480,1,5000,6.477534849596478,32350.0,0,-1,-1,20986.94738728692
20230815093242000,6.47,6.47,6.47,6.47,6.47,6.47,6.47,6.47,6.47,6.47,6.47,6.48,6.49,6.5,6.51,6.52,6.53,6.54,6.55,6.56,1000,19000,45600,42200,6800,12600,5500,19100,3100,2500,6.46,6.45,6.44,6.43,6.42,6.41,6.4,6.39,6.38,6.37,7300,81200,23900,5100,38400,7200,83400,10000,10100,3000,5,2,11,12,3,41,10,4,6,1,15,3,3,1,2,10,15,11,4,9,0.0,0.0,5.0,31963.333333333332,-1,-1,-1,-1,-1,-1,-1,-1,-1,-1,-1,-1,-1,-1,-1,-1,103,136800,6.477507309941521,886123.0,5,1002480,1,500,6.477507309941521,3235.0,0,-1,-1,21828.77071053051
20230815093245000,6.47,6.47,6.47,6.47,6.47,6.47,6.47,6.47,6.47,6.47,6.47,6.48,6.49,6.5,6.51,6.52,6.53,6.54,6.55,6.56,1900,23600,45600,42200,6800,12600,5500,19100,3100,2500,6.46,6.45,6.44,6.43,6.42,6.41,6.4,6.39,6.38,6.37,7300,81200,23900,5100,38400,7200,83400,10000,10100,3000,5,2,11,12,3,41,10,4,6,1,15,3,3,1,2,10,15,11,4,9,0.0,0.0,5.0,31963.333333333332,-1,-1,-1,-1,-1,-1,-1,-1,-1,-1,-1,-1,-1,-1,-1,-1,103,136800,6.477507309941521,886123.0,5,1002480,0,0,-1,0.0,0,-1,-1,22376.185877011314
20230815093248000,6.47,6.47,6.47,6.47,6.47,6.47,6.47,6.47,6.47,6.47,6.47,6.48,6.49,6.5,6.51,6.52,6.53,6.54,6.55,6.56,900,23600,45600,42200,6800,12600,5500,19100,3100,2500,6.46,6.45,6.44,6.43,6.42,6.41,6.4,6.39,6.38,6.37,12900,81200,23900,5100,38400,7200,83400,10000,10100,3000,5,2,11,12,3,41,10,4,6,1,15,3,3,1,2,10,15,11,4,9,0.0,0.0,5.0,31963.333333333332,-1,-1,-1,-1,-1,-1,-1,-1,-1,-1,-1,-1,-1,-1,-1,-1,104,137800,6.477452830188679,892593.0,5,1002480,1,1000,6.477452830188679,6470.0,0,-1,-1,20738.65998884818
20230815093251000,6.47,6.47,6.47,6.47,6.47,6.47,6.47,6.47,6.47,6.47,6.47,6.48,6.49,6.5,6.51,6.52,6.53,6.54,6.55,6.56,1000,23600,45600,42200,6800,12600,5500,19100,3100,2500,6.46,6.45,6.44,6.43,6.42,6.41,6.4,6.39,6.38,6.37,12900,81200,23900,5100,38400,7200,83400,11400,10100,3000,5,2,11,12,3,41,10,4,7,1,15,3,3,1,2,10,15,11,4,9,0.0,0.0,5.0,31963.333333333332,-1,-1,-1,-1,-1,-1,-1,-1,-1,-1,-1,-1,-1,-1,-1,-1,104,137800,6.477452830188679,892593.0,5,1002480,0,0,-1,0.0,0,-1,-1,22805.837780787002
20230815093254000,6.47,6.46,6.46,6.46,6.46,6.46,6.46,6.46,6.46,6.46,6.47,6.48,6.49,6.5,6.51,6.52,6.53,6.54,6.55,6.56,1000,23600,45600,42200,6800,12600,5500,19100,3100,2500,6.46,6.45,6.44,6.43,6.42,6.41,6.4,6.39,6.38,6.37,10700,81200,23900,5100,38400,7200,83400,11400,10100,3000,5,2,11,12,3,42,10,4,7,1,15,3,3,1,2,10,15,11,4,9,0.0,0.0,5.0,31963.333333333332,-1,-1,-1,-1,-1,-1,16290.0,-1,-1,-1,-1,-1,-1,-1,-1,-1,106,140000,6.477289719626168,906805.0,6,1018770,2,2200,6.46,14212.0,1,16290,16290.0,20891.916918910305
20230815093257000,6.46,6.46,6.46,6.46,6.46,6.46,6.46,6.46,6.46,6.46,6.47,6.48,6.49,6.5,6.51,6.52,6.53,6.54,6.55,6.56,1000,33500,45600,42200,6800,12600,5500,19100,3100,2500,6.46,6.45,6.44,6.43,6.42,6.41,6.4,6.39,6.38,6.37,8800,81200,23900,5100,38400,7200,83400,11400,10100,3000,5,2,11,12,3,42,10,4,7,1,15,3,3,1,2,10,15,11,4,9,0.0,0.0,5.0,31963.333333333332,-1,-1,-1,-1,-1,-1,15723.333333333334,-1,-1,-1,-1,-1,-1,-1,-1,-1,109,142200,6.4769127988748245,921017.0,8,1049650,3,2200,6.46,14212.0,2,30880,15440.0,23325.652182571295
20230815093300000,6.46,6.46,6.46,6.46,6.46,6.46,6.46,6.46,6.46,6.46,6.47,6.48,6.49,6.5,6.51,6.52,6.53,6.54,6.55,6.56,2000,33500,45600,42200,6800,12600,5500,19100,3100,2500,6.46,6.45,6.44,6.43,6.42,6.41,6.4,6.39,6.38,6.37,8700,81200,23900,5100,38400,7300,83400,11400,10100,3000,5,2,11,12,3,42,10,4,7,1,15,3,3,1,2,10,15,11,4,9,0.0,0.0,5.0,31963.333333333332,-1,-1,-1,-1,-1,-1,15723.333333333334,-1,-1,-1,-1,-1,-1,-1,-1,-1,110,142300,6.476900913562895,921663.0,8,1049650,1,100,6.476900913562895,646.0,0,-1,-1,23444.105464393822
20230815093303000,6.47,6.47,6.47,6.47,6.47,6.47,6.47,6.47,6.47,6.47,6.47,6.48,6.49,6.5,6.51,6.52,6.53,6.54,6.55,6.56,5800,33500,45600,42200,6800,12600,5500,19100,3100,2500,6.46,6.45,6.44,6.43,6.42,6.41,6.4,6.39,6.38,6.37,8700,81200,23900,5100,38400,10300,83400,11400,10100,3000,5,2,11,12,3,42,10,4,7,1,15,3,3,1,2,10,15,11,4,9,0.0,0.0,5.0,31963.333333333332,-1,-1,-1,-1,-1,-1,15723.333333333334,-1,-1,-1,-1,-1,-1,-1,-1,-1,112,145400,6.476857541899442,941720.0,8,1049650,2,3100,6.476857541899442,20057.0,0,-1,-1,21959.087740959054
20230815093306000,6.47,6.46,6.46,6.46,6.46,6.46,6.46,6.46,6.46,6.46,6.47,6.48,6.49,6.5,6.51,6.52,6.53,6.54,6.55,6.56,6100,33500,45600,42200,6800,12600,5500,19100,3100,2500,6.46,6.45,6.44,6.43,6.42,6.41,6.4,6.39,6.38,6.37,8800,84200,23900,5100,39000,10300,83400,11400,10100,3000,5,2,11,12,3,42,10,4,7,1,15,3,3,1,2,11,15,11,4,9,0.0,0.0,5.0,31963.333333333332,-1,-1,-1,-1,-1,-1,15723.333333333334,-1,-1,-1,-1,-1,-1,-1,-1,-1,113,145900,6.476696367374914,944950.0,8,1049650,1,500,6.476696367374914,3230.0,0,-1,-1,24353.287796718178
20230815093309000,6.47,6.47,6.47,6.47,6.47,6.47,6.47,6.47,6.47,6.47,6.47,6.48,6.49,6.5,6.51,6.52,6.53,6.54,6.55,6.56,6200,33500,45600,42200,6800,12600,5500,19100,3100,2500,6.46,6.45,6.44,6.43,6.42,6.41,6.4,6.39,6.38,6.37,9800,84200,23900,5100,39000,10300,83400,11400,10100,3000,5,2,11,13,3,42,10,4,7,1,15,3,3,1,2,11,15,11,4,9,0.0,0.0,5.0,31963.333333333332,-1,-1,-1,-1,-1,-1,15723.333333333334,-1,-1,-1,-1,-1,-1,-1,-1,-1,116,146500,6.476673497267759,948832.0,8,1049650,3,600,6.476673497267759,3882.0,0,-1,-1,24569.493786840845
20230815093312000,6.47,6.46,6.46,6.46,6.46,6.46,6.46,6.46,6.46,6.46,6.47,6.48,6.49,6.5,6.51,6.52,6.53,6.54,6.55,6.56,14300,33500,45600,42200,6800,12600,5500,19100,3100,2500,6.46,6.45,6.44,6.43,6.42,6.41,6.4,6.39,6.38,6.37,300,84200,23900,5100,39000,20300,83400,11400,10100,3000,5,2,11,13,3,42,10,4,7,1,15,3,3,1,2,11,15,11,4,9,0.0,0.0,5.0,31963.333333333332,-1,-1,-1,-1,-1,-1,27827.5,-1,-1,-1,-1,-1,-1,-1,-1,-1,118,156700,6.475950359242325,1014724.0,9,1113790,2,10200,6.46,65892.0,1,64140,64140.0,28140.742990281982
20230815093315000,6.47,6.46,6.46,6.46,6.46,6.46,6.46,6.46,6.46,6.46,6.47,6.48,6.49,6.5,6.51,6.52,6.53,6.54,6.55,6.56,14700,34000,45600,42200,6800,12600,5500,19100,3100,2500,6.46,6.45,6.44,6.43,6.42,6.41,6.4,6.39,6.38,6.37,1800,84200,23900,5100,39000,20300,83400,11400,10100,3000,5,2,11,13,3,42,10,4,7,1,15,3,3,1,2,11,15,11,4,9,0.0,0.0,5.0,31963.333333333332,-1,-1,-1,-1,-1,-1,27827.5,-1,-1,-1,-1,-1,-1,-1,-1,-1,118,156700,6.475950359242325,1014724.0,9,1113790,0,0,-1,0.0,0,-1,-1,25282.51354150072
20230815093318000,6.46,6.46,6.46,6.46,6.46,6.46,6.46,6.46,6.46,6.46,6.47,6.48,6.49,6.5,6.51,6.52,6.53,6.54,6.55,6.56,17000,44000,45600,42700,6800,12600,5500,19100,3100,2500,6.46,6.45,6.44,6.43,6.42,6.41,6.4,6.39,6.38,6.37,10300,88900,23900,5100,39000,20300,83400,11400,10100,3000,5,2,11,13,3,42,10,4,7,1,15,3,3,1,2,11,15,11,4,9,0.0,0.0,5.0,31963.333333333332,-1,-1,-1,-1,-1,-1,22844.0,-1,-1,-1,-1,-1,-1,-1,-1,-1,120,161700,6.475397225725095,1047024.0,10,1116700,2,5000,6.46,32300.0,1,2910,2910.0,28251.895810100366
20230815093321000,6.46,6.46,6.46,6.46,6.46,6.46,6.46,6.46,6.46,6.46,6.47,6.48,6.49,6.5,6.51,6.52,6.53,6.54,6.55,6.56,17100,44000,45600,42700,6800,12600,5500,19100,3100,2500,6.46,6.45,6.44,6.43,6.42,6.41,6.4,6.39,6.38,6.37,11100,88900,23900,5100,39000,20300,83400,11400,10100,3000,5,2,11,13,3,42,10,4,7,1,15,3,3,1,2,11,15,11,4,9,0.0,0.0,5.0,31963.333333333332,-1,-1,-1,-1,-1,-1,22844.0,-1,-1,-1,-1,-1,-1,-1,-1,-1,120,161700,6.475397225725095,1047024.0,10,1116700,0,0,-1,0.0,0,-1,-1,27732.081408316077
20230815093324000,6.46,6.46,6.46,6.46,6.46,6.46,6.46,6.46,6.46,6.46,6.47,6.48,6.49,6.5,6.51,6.52,6.53,6.54,6.55,6.56,17700,44000,44600,42700,6800,12600,5500,19100,3100,2500,6.46,6.45,6.44,6.43,6.42,6.41,6.4,6.39,6.38,6.37,10600,89900,23900,5100,39000,20300,83400,11400,10100,3000,5,2,11,13,3,42,10,4,7,1,15,3,3,1,2,11,15,11,4,9,0.0,0.0,5.0,31963.333333333332,-1,-1,-1,-1,-1,-1,22844.0,-1,-1,-1,-1,-1,-1,-1,-1,-1,121,163200,6.474963235294117,1056714.0,10,1116700,1,1500,6.474963235294117,9690.0,0,-1,-1,25077.540027083003
20230815093327000,6.46,6.47,6.47,6.47,6.47,6.47,6.47,6.47,6.47,6.47,6.47,6.48,6.49,6.5,6.51,6.52,6.53,6.54,6.55,6.56,16700,44000,44600,42700,6800,12600,5500,19100,3100,2500,6.46,6.45,6.44,6.43,6.42,6.41,6.4,6.39,6.38,6.37,10600,89900,23900,5100,39000,20300,83400,11400,10100,3000,5,2,11,13,3,42,10,4,7,1,15,3,3,1,2,11,15,11,4,9,0.0,0.0,5.0,31963.333333333332,-1,-1,-1,-1,-1,-1,22844.0,-1,-1,-1,-1,-1,-1,-1,-1,-1,122,164200,6.474933008526188,1063184.0,10,1116700,1,1000,6.474933008526188,6470.0,0,-1,-1,25533.69344432054
20230815093330000,6.47,6.46,6.46,6.46,6.46,6.46,6.46,6.46,6.46,6.46,6.47,6.48,6.49,6.5,6.51,6.52,6.53,6.54,6.55,6.56,16700,44000,44600,42700,6800,12600,5500,19100,3100,2500,6.46,6.45,6.44,6.43,6.42,6.41,6.4,6.39,6.38,6.37,9700,90900,23900,5100,39000,20300,83400,11400,10100,3000,5,2,11,13,3,42,10,4,7,1,15,3,3,1,2,11,15,11,4,9,0.0,0.0,5.0,31963.333333333332,-1,-1,-1,-1,-1,-1,22844.0,-1,-1,-1,-1,-1,-1,-1,-1,-1,123,165100,6.474851605087825,1068998.0,10,1116700,1,900,6.474851605087825,5814.0,0,-1,-1,27603.277839732356
20230815093333000,6.46,6.46,6.46,6.46,6.46,6.46,6.46,6.46,6.46,6.46,6.47,6.48,6.49,6.5,6.51,6.52,6.53,6.54,6.55,6.56,17300,44000,44600,42700,6800,12600,5500,19400,3100,2500,6.46,6.45,6.44,6.43,6.42,6.41,6.4,6.39,6.38,6.37,9200,110900,24400,5100,39000,20300,83400,11400,10100,3000,5,2,11,13,3,42,10,4,7,1,15,3,3,1,2,11,15,11,4,9,0.0,0.0,5.0,31963.333333333332,-1,-1,-1,-1,-1,-1,22844.0,-1,-1,-1,-1,-1,-1,-1,-1,-1,124,165900,6.474851605087825,1074166.0,10,1116700,1,800,6.474851605087825,5168.0,0,-1,-1,29098.319260793374
20230815093336000,6.46,6.46,6.46,6.46,6.46,6.46,6.46,6.46,6.46,6.46,6.47,6.48,6.49,6.5,6.51,6.52,6.53,6.54,6.55,6.56,18100,44000,44600,42700,6800,12600,5500,19400,3100,2500,6.46,6.45,6.44,6.43,6.42,6.41,6.4,6.39,6.38,6.37,8400,112900,24400,5100,42000,20300,83400,11400,10100,3000,5,2,11,13,3,42,10,4,7,1,15,3,3,2,2,12,15,11,4,9,0.0,0.0,5.0,31963.333333333332,-1,-1,-1,-1,-1,-1,22844.0,-1,-1,-1,-1,-1,-1,-1,-1,-1,125,166400,6.474851605087825,1077396.0,10,1116700,1,500,6.474851605087825,3230.0,0,-1,-1,29446.614624820777
20230815093339000,6.46,6.46,6.46,6.46,6.46,6.46,6.46,6.46,6.46,6.46,6.47,6.48,6.49,6.5,6.51,6.52,6.53,6.54,6.55,6.56,18800,44000,44600,42700,6800,12600,5500,19400,3100,2500,6.46,6.45,6.44,6.43,6.42,6.41,6.4,6.39,6.38,6.37,9400,112900,24400,5100,42000,20300,83400,11400,10100,3000,5,2,11,13,3,42,10,4,7,1,15,3,3,2,2,12,15,11,4,9,0.0,0.0,5.0,31963.333333333332,-1,-1,-1,-1,-1,-1,22844.0,-1,-1,-1,-1,-1,-1,-1,-1,-1,125,166400,6.474851605087825,1077396.0,10,1116700,0,0,-1,0.0,0,-1,-1,29566.217938505655
20230815093342000,6.46,6.45,6.45,6.45,6.45,6.45,6.45,6.45,6.45,6.45,6.46,6.47,6.48,6.49,6.5,6.51,6.52,6.53,6.54,6.55,10800,18400,44000,44600,42700,6800,12600,5500,19400,3100,6.46,6.45,6.44,6.43,6.42,6.41,6.4,6.39,6.38,6.37,9300,114500,24400,5100,42000,20300,83400,11400,10100,3000,5,2,11,13,3,42,10,4,7,1,15,3,3,2,2,12,15,11,4,9,0.0,0.0,0.0,5.0,31963.333333333332,-1,-1,-1,-1,-1,22844.0,-1,-1,-1,-1,-1,-1,-1,-1,-1,125,166400,6.474851605087825,1077396.0,10,1116700,0,0,-1,0.0,0,-1,-1,29653.62036004461
20230815093345000,6.46,6.45,6.45,6.45,6.45,6.45,6.45,6.45,6.45,6.45,6.46,6.47,6.48,6.49,6.5,6.51,6.52,6.53,6.54,6.55,12600,17400,44000,44600,42700,6800,12600,5500,19400,3100,6.46,6.45,6.44,6.43,6.42,6.41,6.4,6.39,6.38,6.37,9300,114500,24400,5100,42000,20300,83400,11400,10100,3000,5,2,11,13,3,42,10,4,7,1,15,3,3,2,2,12,15,11,4,9,0.0,0.0,0.0,5.0,31963.333333333332,-1,-1,-1,-1,-1,22844.0,-1,-1,-1,-1,-1,-1,-1,-1,-1,125,166400,6.474851605087825,1077396.0,10,1116700,0,0,-1,0.0,0,-1,-1,28175.791580372792
20230815093348000,6.46,6.45,6.45,6.45,6.45,6.45,6.45,6.45,6.45,6.45,6.46,6.47,6.48,6.49,6.5,6.51,6.52,6.53,6.54,6.55,13400,17400,44000,44600,42700,6800,12600,5500,19400,3100,6.46,6.45,6.44,6.43,6.42,6.41,6.4,6.39,6.38,6.37,9300,114500,24400,5100,42000,20300,83400,11400,10100,3000,5,2,11,13,3,43,10,4,7,1,15,3,3,2,2,12,15,11,4,9,0.0,0.0,0.0,5.0,31963.333333333332,-1,-1,-1,-1,-1,22844.0,-1,-1,-1,-1,-1,-1,-1,-1,-1,125,166400,6.474851605087825,1077396.0,10,1116700,0,0,-1,0.0,0,-1,-1,28203.392345069304
20230815093351000,6.46,6.45,6.45,6.45,6.45,6.45,6.45,6.45,6.45,6.45,6.46,6.47,6.48,6.49,6.5,6.51,6.52,6.53,6.54,6.55,14800,17400,44000,44600,42700,6800,12600,5500,19400,3100,6.46,6.45,6.44,6.43,6.42,6.41,6.4,6.39,6.38,6.37,9300,114500,24400,5100,42000,20300,83400,11400,10100,3000,5,2,11,13,3,43,10,4,7,1,15,3,3,2,2,12,15,11,4,9,0.0,0.0,0.0,5.0,31963.333333333332,-1,-1,-1,-1,-1,22844.0,-1,-1,-1,-1,-1,-1,-1,-1,-1,125,166400,6.474851605087825,1077396.0,10,1116700,0,0,-1,0.0,0,-1,-1,28465.59960968616
20230815093354000,6.46,6.45,6.45,6.45,6.45,6.45,6.45,6.45,6.45,6.45,6.46,6.47,6.48,6.49,6.5,6.51,6.52,6.53,6.54,6.55,15100,17400,44000,44600,42700,6800,12600,5500,19400,3100,6.46,6.45,6.44,6.43,6.42,6.41,6.4,6.39,6.38,6.37,9300,114500,24400,5100,42000,20300,83400,11400,10100,3000,5,2,11,13,3,43,10,4,7,1,15,3,3,2,2,12,15,11,4,9,0.0,0.0,0.0,5.0,31963.333333333332,-1,-1,-1,-1,-1,22844.0,-1,-1,-1,-1,-1,-1,-1,-1,-1,125,166400,6.474851605087825,1077396.0,10,1116700,0,0,-1,0.0,0,-1,-1,28520.801139079183
20230815093357000,6.46,6.45,6.45,6.45,6.45,6.45,6.45,6.45,6.45,6.45,6.46,6.47,6.48,6.49,6.5,6.51,6.52,6.53,6.54,6.55,18200,17400,44000,44600,42700,6800,12600,5500,19400,3100,6.46,6.45,6.44,6.43,6.42,6.41,6.4,6.39,6.38,6.37,9300,116500,24400,5100,42000,20300,83400,11400,10100,3000,5,2,11,13,3,43,10,4,7,1,15,3,3,2,2,12,15,11,4,9,0.0,0.0,0.0,5.0,31963.333333333332,-1,-1,-1,-1,-1,22844.0,-1,-1,-1,-1,-1,-1,-1,-1,-1,125,166400,6.474851605087825,1077396.0,10,1116700,0,0,-1,0.0,0,-1,-1,29086.61681535766
20230815093400000,6.45,6.45,6.45,6.45,6.45,6.45,6.45,6.45,6.45,6.45,6.46,6.47,6.48,6.49,6.5,6.51,6.52,6.53,6.54,6.55,18200,17400,44000,44600,42700,6800,12600,5500,19400,3100,6.46,6.45,6.44,6.43,6.42,6.41,6.4,6.39,6.38,6.37,9200,116400,24400,5100,42000,20300,83400,11400,10100,3000,5,2,11,13,3,43,10,4,7,1,15,3,3,3,2,12,15,11,4,9,0.0,0.0,0.0,5.0,31963.333333333332,-1,-1,-1,-1,-1,22844.0,-1,-1,-1,-1,-1,-1,-1,-1,-1,126,166500,6.474851605087825,1078041.0,10,1116700,1,100,6.474851605087825,645.0,0,-1,-1,26339.681575593437
20230815093403000,6.45,6.46,6.46,6.46,6.46,6.46,6.46,6.46,6.46,6.46,6.46,6.47,6.48,6.49,6.5,6.51,6.52,6.53,6.54,6.55,16600,17400,44000,44600,42700,6800,12600,5500,19400,3100,6.46,6.45,6.44,6.43,6.42,6.41,6.4,6.39,6.38,6.37,7600,121900,24400,5100,42000,20300,83400,11400,10100,3000,5,2,11,13,3,43,10,4,7,1,15,3,3,3,2,12,15,11,4,9,0.0,0.0,0.0,5.0,31963.333333333332,-1,-1,-1,-1,-1,22844.0,-1,-1,-1,-1,-1,-1,-1,-1,-1,127,168100,6.474851605087825,1088377.0,10,1116700,1,1600,6.474851605087825,10336.0,0,-1,-1,28702.50617333121
20230815093406000,6.45,6.46,6.46,6.46,6.46,6.46,6.46,6.46,6.46,6.46,6.46,6.47,6.48,6.49,6.5,6.51,6.52,6.53,6.54,6.55,17100,17400,44000,44600,43700,6800,12600,5500,19400,3100,6.46,6.45,6.44,6.43,6.42,6.41,6.4,6.39,6.38,6.37,7600,121900,24400,5100,42000,20300,83400,11400,10100,3000,5,2,11,13,3,43,10,4,7,1,15,3,3,3,2,12,15,11,4,9,0.0,0.0,0.0,5.0,31963.333333333332,-1,-1,-1,-1,-1,22844.0,-1,-1,-1,-1,-1,-1,-1,-1,-1,127,168100,6.474851605087825,1088377.0,10,1116700,0,0,-1,0.0,0,-1,-1,29151.018599649517
20230815093409000,6.45,6.46,6.46,6.46,6.46,6.46,6.46,6.46,6.46,6.46,6.46,6.47,6.48,6.49,6.5,6.51,6.52,6.53,6.54,6.55,17500,17400,44000,44600,43700,6800,12600,5500,19400,3100,6.46,6.45,6.44,6.43,6.42,6.41,6.4,6.39,6.38,6.37,7600,121900,24400,5100,42000,20300,83400,11400,10100,3000,5,2,11,13,3,43,10,4,7,1,15,3,3,3,2,12,15,11,4,9,0.0,0.0,0.0,5.0,31963.333333333332,-1,-1,-1,-1,-1,22844.0,-1,-1,-1,-1,-1,-1,-1,-1,-1,127,168100,6.474851605087825,1088377.0,10,1116700,0,0,-1,0.0,0,-1,-1,29197.0198741437
20230815093412000,6.46,6.45,6.45,6.45,6.45,6.45,6.45,6.45,6.45,6.45,6.46,6.47,6.48,6.49,6.5,6.51,6.52,6.53,6.54,6.55,17100,17400,44000,44600,43700,6800,12600,5500,19400,3100,6.46,6.45,6.44,6.43,6.42,6.41,6.4,6.39,6.38,6.37,6500,120800,24400,5100,42000,20300,83400,11400,10100,3000,5,2,11,13,3,43,10,4,7,1,15,3,3,3,2,12,15,11,4,9,0.0,0.0,0.0,5.0,31963.333333333332,-1,-1,-1,-1,-1,22844.0,-1,-1,-1,-1,-1,-1,-1,-1,-1,128,169200,6.474420803782506,1095472.0,10,1116700,1,1100,6.474420803782506,7095.0,0,-1,-1,29006.11458499283
20230815093415000,6.45,6.45,6.45,6.45,6.45,6.45,6.45,6.45,6.45,6.45,6.46,6.47,6.48,6.49,6.5,6.51,6.52,6.53,6.54,6.55,17500,17400,44000,44600,43700,6800,12600,5500,19400,3100,6.46,6.45,6.44,6.43,6.42,6.41,6.4,6.39,6.38,6.37,6200,127900,24400,5100,42000,20300,83400,11400,10100,3000,5,2,11,13,3,43,10,4,7,1,15,3,3,3,2,12,15,11,4,9,0.0,0.0,0.0,5.0,31963.333333333332,-1,-1,-1,-1,-1,22844.0,-1,-1,-1,-1,-1,-1,-1,-1,-1,131,169500,6.474377581120944,1097407.0,10,1116700,3,300,6.474377581120944,1935.0,0,-1,-1,29040.61554086347
20230815093418000,6.45,6.45,6.45,6.45,6.45,6.45,6.45,6.45,6.45,6.45,6.46,6.47,6.48,6.49,6.5,6.51,6.52,6.53,6.54,6.55,17500,17400,44000,44600,43700,6800,12600,5500,19400,3100,6.46,6.45,6.44,6.43,6.42,6.41,6.4,6.39,6.38,6.37,6200,138000,24400,5600,42000,21300,83400,11400,10100,3000,5,2,11,13,3,43,10,4,7,1,15,3,3,3,2,12,15,11,4,9,0.0,0.0,0.0,5.0,31963.333333333332,-1,-1,-1,-1,-1,22844.0,-1,-1,-1,-1,-1,-1,-1,-1,-1,131,169500,6.474377581120944,1097407.0,10,1116700,0,0,-1,0.0,0,-1,-1,29753.635295523338
20230815093421000,6.45,6.45,6.45,6.45,6.45,6.45,6.45,6.45,6.45,6.45,6.46,6.47,6.48,6.49,6.5,6.51,6.52,6.53,6.54,6.55,18800,17400,44000,44600,43700,6800,12600,5500,19400,3100,6.46,6.45,6.44,6.43,6.42,6.41,6.4,6.39,6.38,6.37,6200,138000,24700,5600,42000,21300,84300,11400,10100,3000,5,2,11,13,3,43,10,4,7,1,16,3,3,3,2,12,15,11,4,9,0.0,0.0,0.0,5.0,31963.333333333332,-1,-1,-1,-1,-1,22844.0,-1,-1,-1,-1,-1,-1,-1,-1,-1,131,169500,6.474377581120944,1097407.0,10,1116700,0,0,-1,0.0,0,-1,-1,30498.855942329137
20230815093424000,6.45,6.45,6.45,6.45,6.45,6.45,6.45,6.45,6.45,6.45,6.46,6.47,6.48,6.49,6.5,6.51,6.52,6.53,6.54,6.55,18900,17500,44000,54600,43700,6800,12600,5500,19400,3100,6.46,6.45,6.44,6.43,6.42,6.41,6.4,6.39,6.38,6.37,5600,137400,24700,6100,42000,21300,84300,11400,15100,3000,5,2,11,13,3,43,10,4,7,1,16,3,3,3,2,12,15,11,4,9,0.0,0.0,0.0,5.0,31963.333333333332,-1,-1,-1,-1,-1,22844.0,-1,-1,-1,-1,-1,-1,-1,-1,-1,132,170100,6.474291593180482,1101277.0,10,1116700,1,600,6.474291593180482,3870.0,0,-1,-1,31016.830293133666
20230815093427000,6.45,6.45,6.45,6.45,6.45,6.45,6.45,6.45,6.45,6.45,6.46,6.47,6.48,6.49,6.5,6.51,6.52,6.53,6.54,6.55,18900,17500,44000,54600,43700,6800,12600,5500,19400,3100,6.46,6.45,6.44,6.43,6.42,6.41,6.4,6.39,6.38,6.37,5600,137400,24700,6100,42000,21300,84300,11400,15100,3000,5,2,11,13,3,43,10,4,7,1,16,3,3,3,2,12,15,11,4,10,0.0,0.0,0.0,5.0,31963.333333333332,-1,-1,-1,-1,-1,22844.0,-1,-1,-1,-1,-1,-1,-1,-1,-1,132,170100,6.474291593180482,1101277.0,10,1116700,0,0,-1,0.0,0,-1,-1,31142.288314481444
20230815093430000,6.45,6.45,6.45,6.45,6.45,6.45,6.45,6.45,6.45,6.45,6.46,6.47,6.48,6.49,6.5,6.51,6.52,6.53,6.54,6.55,46000,17600,44000,54400,43700,6800,12600,5500,19400,3100,6.46,6.45,6.44,6.43,6.42,6.41,6.4,6.39,6.38,6.37,1600,128700,34700,6100,42000,23000,84300,11400,15100,3000,5,2,11,13,3,43,10,4,7,1,16,3,3,3,2,12,15,11,4,10,0.0,0.0,0.0,5.0,31963.333333333332,-1,-1,-1,-1,-1,22844.0,-1,-1,-1,-1,-1,-1,-1,-1,-1,136,174100,6.47373348650201,1127077.0,10,1116700,4,4000,6.47373348650201,25800.0,0,-1,-1,30501.38999522065
20230815093433000,6.45,6.45,6.45,6.45,6.45,6.45,6.45,6.45,6.45,6.45,6.46,6.47,6.48,6.49,6.5,6.51,6.52,6.53,6.54,6.55,46000,17600,44000,54400,43700,6800,12600,5500,19400,3100,6.46,6.45,6.44,6.43,6.42,6.41,6.4,6.39,6.38,6.37,1000,128100,34700,6100,42000,23000,84300,11400,15100,3000,5,2,11,13,3,43,10,4,7,1,16,3,3,3,2,12,15,11,4,10,0.0,0.0,0.0,5.0,31963.333333333332,-1,-1,-1,-1,-1,22844.0,-1,-1,-1,-1,-1,-1,-1,-1,-1,137,174700,6.473651974813967,1130947.0,10,1116700,1,600,6.473651974813967,3870.0,0,-1,-1,30464.5889756253
20230815093436000,6.45,6.45,6.45,6.45,6.45,6.45,6.45,6.45,6.45,6.45,6.46,6.47,6.48,6.49,6.5,6.51,6.52,6.53,6.54,6.55,66000,17600,44000,54400,43700,6800,12600,5500,19400,3100,6.45,6.44,6.43,6.42,6.41,6.4,6.39,6.38,6.37,6.36,126900,34700,6100,42000,23000,84300,11400,15100,3000,1000,5,2,11,13,3,43,10,4,7,1,16,3,3,3,2,12,15,11,4,10,0.0,0.0,0.0,5.0,31963.333333333332,-1,-1,-1,-1,-1,-1,-1,-1,-1,-1,-1,-1,-1,-1,-1,140,177300,6.473305132543711,1147717.0,10,1116700,3,2600,6.473305132543711,16770.0,0,-1,-1,41316.587342679624
20230815093439000,6.46,6.46,6.46,6.46,6.46,6.46,6.46,6.46,6.46,6.46,6.46,6.47,6.48,6.49,6.5,6.51,6.52,6.53,6.54,6.55,60100,17700,44000,54400,28200,6800,12600,5500,19400,3100,6.45,6.44,6.43,6.42,6.41,6.4,6.39,6.38,6.37,6.36,126900,34700,6100,42000,23000,84300,12900,15100,3000,1000,5,2,11,13,3,43,10,4,7,1,16,3,3,3,2,12,15,11,4,10,0.0,0.0,0.0,5.0,31963.333333333332,-1,-1,-1,-1,-1,-1,-1,-1,-1,-1,-1,-1,-1,-1,-1,142,183300,6.473305132543711,1186477.0,10,1116700,2,6000,6.473305132543711,38760.0,0,-1,-1,35603.72192129999
20230815093442000,6.46,6.46,6.46,6.46,6.46,6.46,6.46,6.46,6.46,6.46,6.4,6.46,6.47,6.48,6.49,6.5,6.51,6.52,6.53,6.54,1300,60500,17700,44000,54400,28200,6800,12600,5500,19400,6.45,6.44,6.43,6.42,6.41,6.4,6.39,6.38,6.37,6.36,122500,34700,6100,42000,23000,84300,12900,15100,3000,1000,5,2,11,13,3,44,10,4,7,1,16,3,3,3,2,12,15,11,4,10,0.0,0.0,0.0,0.0,5.0,31963.333333333332,-1,-1,-1,-1,-1,-1,-1,-1,-1,-1,-1,-1,-1,-1,142,183300,6.473305132543711,1186477.0,10,1116700,0,0,-1,0.0,0,-1,-1,34846.37466146248
20230815093445000,6.46,6.46,6.46,6.46,6.46,6.46,6.46,6.46,6.46,6.46,6.4,6.46,6.47,6.48,6.49,6.5,6.51,6.52,6.53,6.54,1300,61100,17700,44000,54400,28200,6800,12600,5500,19400,6.45,6.44,6.43,6.42,6.41,6.4,6.39,6.38,6.37,6.36,122500,34700,7600,42000,23000,84300,12900,15100,3000,1000,5,2,11,13,3,44,10,4,7,1,16,3,3,3,2,12,15,11,4,10,0.0,0.0,0.0,0.0,5.0,31963.333333333332,-1,-1,-1,-1,-1,-1,-1,-1,-1,-1,-1,-1,-1,-1,142,183300,6.473305132543711,1186477.0,10,1116700,0,0,-1,0.0,0,-1,-1,35011.97924964155
20230815093448000,6.46,6.45,6.45,6.45,6.45,6.45,6.45,6.45,6.45,6.45,6.4,6.46,6.47,6.48,6.49,6.5,6.51,6.52,6.53,6.54,1300,61100,17700,44000,54400,28200,6800,12600,5500,19400,6.45,6.44,6.43,6.42,6.41,6.4,6.39,6.38,6.37,6.36,122300,34700,7600,42000,23000,84300,12900,15100,3000,1000,5,2,11,13,3,44,10,4,7,1,16,3,3,3,2,12,15,11,4,10,0.0,0.0,0.0,0.0,5.0,31963.333333333332,-1,-1,-1,-1,-1,-1,-1,-1,-1,-1,-1,-1,-1,-1,143,183500,6.472844686648501,1187767.0,10,1116700,1,200,6.472844686648501,1290.0,0,-1,-1,35048.78026923689
20230815093451000,6.45,6.46,6.46,6.46,6.46,6.45,6.45,6.46,6.45,6.46,6.46,6.47,6.48,6.49,6.5,6.51,6.52,6.53,6.54,6.55,89400,17700,44000,57500,28200,6800,12600,5500,19400,3100,6.45,6.44,6.43,6.42,6.41,6.4,6.39,6.38,6.37,6.36,113200,34700,7600,42000,23000,84300,12900,15100,3000,1000,5,2,11,13,3,44,10,4,7,1,16,3,3,3,2,12,16,11,4,10,4215.555555555556,0.0,0.0,5.0,31963.333333333332,-1,-1,-1,-1,-1,-1,-1,-1,-1,-1,-1,-1,-1,-1,-1,147,193600,6.471704545454545,1252922.0,11,1154640,4,10100,6.450990099009901,65155.0,1,37940,37940.0,42692.945475545646
20230815093454000,6.46,6.45,6.45,6.45,6.45,6.45,6.45,6.45,6.45,6.45,6.46,6.47,6.48,6.49,6.5,6.51,6.52,6.53,6.54,6.55,91200,17700,44000,57500,28200,6800,12600,5500,19400,3100,6.45,6.44,6.43,6.42,6.41,6.4,6.39,6.38,6.37,6.36,112700,34700,7600,42000,23000,84300,12900,15100,6000,1000,5,2,11,13,3,44,10,4,7,1,16,3,3,3,2,12,16,11,4,10,4215.555555555556,0.0,0.0,5.0,31963.333333333332,-1,-1,-1,-1,-1,-1,-1,-1,-1,-1,-1,-1,-1,-1,-1,148,194100,6.471648634724369,1256147.0,11,1154640,1,500,6.471648634724369,3225.0,0,-1,-1,43047.155289150876
20230815093457000,6.45,6.45,6.45,6.45,6.45,6.45,6.45,6.45,6.45,6.45,6.46,6.47,6.48,6.49,6.5,6.51,6.52,6.53,6.54,6.55,103000,17700,44000,53500,28200,6800,12600,5500,19400,3100,6.45,6.44,6.43,6.42,6.41,6.4,6.39,6.38,6.37,6.36,108800,34700,7800,42000,23000,84300,12900,15100,6000,1000,5,2,11,13,3,44,10,4,7,1,16,3,3,3,2,12,16,11,4,10,4215.555555555556,0.0,0.0,5.0,31963.333333333332,-1,-1,-1,-1,-1,-1,-1,-1,-1,-1,-1,-1,-1,-1,-1,152,198800,6.471275949367088,1286462.0,11,1154640,4,4700,6.471275949367088,30315.0,0,-1,-1,37550.1622988689
20230815093500000,6.45,6.45,6.45,6.45,6.45,6.45,6.45,6.45,6.45,6.45,6.45,6.46,6.47,6.48,6.49,6.5,6.51,6.52,6.53,6.54,28300,96200,17700,44000,53500,27400,6800,12600,5500,19400,6.45,6.44,6.43,6.42,6.41,6.4,6.39,6.38,6.37,6.36,48500,47900,7800,42000,23000,84300,12900,15100,6000,1000,5,2,11,13,3,44,10,4,7,1,16,3,3,3,2,12,16,11,4,10,6.5,4215.555555555556,0.0,0.0,5.0,31963.333333333332,-1,-1,-1,-1,58377.142857142855,-1,-1,-1,-1,-1,-1,-1,-1,-1,170,261100,6.46609345078514,1688297.0,25,1972050,18,62300,6.45,401835.0,14,817410,58386.42857142857,36124.779950613345
20230815093503000,6.45,6.45,6.45,6.45,6.45,6.45,6.45,6.45,6.45,6.45,6.45,6.46,6.47,6.48,6.49,6.5,6.51,6.52,6.53,6.54,27900,96200,17700,44000,53500,27400,6800,12600,5500,19400,6.45,6.44,6.43,6.42,6.41,6.4,6.39,6.38,6.37,6.36,48500,47900,7800,42000,23000,84300,12900,15100,6000,1000,5,2,11,13,3,44,10,4,7,1,16,3,3,3,2,12,16,11,4,10,6.5,4215.555555555556,0.0,0.0,5.0,31963.333333333332,-1,-1,-1,-1,51080.0,-1,-1,-1,-1,-1,-1,-1,-1,-1,172,262600,6.466001523229246,1697972.0,25,1972050,2,1500,6.466001523229246,9675.0,0,-1,-1,35931.574597737774
20230815093506000,6.45,6.45,6.45,6.45,6.45,6.45,6.45,6.45,6.45,6.45,6.46,6.47,6.48,6.49,6.5,6.51,6.52,6.53,6.54,6.55,96200,17700,44000,53500,27400,6800,12600,5500,19400,3100,6.45,6.44,6.43,6.42,6.41,6.4,6.39,6.38,6.37,6.36,48200,47900,7800,42000,23000,84300,12900,15100,6000,1000,5,2,11,13,3,44,10,4,7,1,16,3,3,3,2,12,16,11,4,10,4215.555555555556,0.0,0.0,5.0,31963.333333333332,-1,-1,-1,-1,-1,20955.897435897437,-1,-1,-1,-1,-1,-1,-1,-1,-1,227,310500,6.463955496512787,2006927.0,56,3317200,55,47900,6.45,308955.0,31,1345150,43391.93548387097,38551.74346821731
20230815093509000,6.45,6.46,6.46,6.46,6.46,6.46,6.46,6.46,6.46,6.46,6.46,6.47,6.48,6.49,6.5,6.51,6.52,6.53,6.54,6.55,86100,17700,44000,53500,27400,6800,12600,5500,19400,3100,6.45,6.44,6.43,6.42,6.41,6.4,6.39,6.38,6.37,6.36,48900,47900,7800,42000,23000,84300,12900,17100,6000,1000,5,2,11,13,3,44,10,4,7,1,16,3,3,3,2,12,16,11,4,10,4215.555555555556,0.0,0.0,5.0,31963.333333333332,-1,-1,-1,-1,-1,20955.897435897437,-1,-1,-1,-1,-1,-1,-1,-1,-1,228,310800,6.463529601029601,2008865.0,56,3317200,1,300,6.463529601029601,1938.0,0,-1,-1,37213.106380436526
20230815093512000,6.46,6.44,6.44,6.44,6.44,6.44,6.44,6.46,6.44,6.44,6.46,6.47,6.48,6.49,6.5,6.51,6.52,6.53,6.54,6.55,108400,17700,44000,53500,27400,6800,12600,5500,19400,3100,6.45,6.44,6.43,6.42,6.41,6.4,6.39,6.38,6.37,6.36,42700,41700,7800,42000,23000,84300,12900,17100,6000,1000,5,2,11,13,3,44,10,4,7,1,16,3,3,3,2,12,16,11,4,11,4215.555555555556,0.0,0.0,5.0,31963.333333333332,-1,-1,-1,-1,-1,20432.0,-1,-1,-1,-1,-1,-1,-1,-1,-1,234,317300,6.463077893409019,2050730.0,57,3317250,6,6500,6.440769230769231,41865.0,1,50,50.0,32509.079775370392
20230815093515000,6.44,6.45,6.46,6.45,6.46,6.46,6.45,6.46,6.45,6.46,6.46,6.47,6.48,6.49,6.5,6.51,6.52,6.53,6.54,6.55,104400,17700,44000,53500,27400,6800,12600,5500,19400,3100,6.45,6.44,6.43,6.42,6.41,6.4,6.39,6.38,6.37,6.36,38000,41700,7800,42000,23000,84400,12900,17100,6200,6300,5,2,11,13,3,45,10,4,7,1,16,3,3,3,2,12,16,11,4,11,24633.333333333332,0.0,0.0,5.0,31963.333333333332,-1,-1,-1,-1,-1,20432.0,-1,-1,-1,-1,-1,-1,-1,-1,-1,241,326300,6.462825620594545,2108820.0,63,3579530,7,9000,6.454444444444444,58090.0,6,262280,43713.333333333336,38490.05994105465
20230815093518000,6.44,6.45,6.46,6.45,6.46,6.46,6.45,6.46,6.45,6.46,6.45,6.46,6.47,6.48,6.49,6.5,6.51,6.52,6.53,6.54,2300,104400,17700,44000,53500,27400,6800,12600,5500,19400,6.45,6.44,6.43,6.42,6.41,6.4,6.39,6.38,6.37,6.36,38000,41700,8300,42000,33000,85500,12900,17100,6200,6300,5,2,11,13,3,45,10,4,7,1,18,3,3,3,2,12,16,11,4,11,24544.545454545456,24633.333333333332,0.0,0.0,5.0,31963.333333333332,-1,-1,-1,-1,20432.0,-1,-1,-1,-1,-1,-1,-1,-1,-1,241,326300,6.462825620594545,2108820.0,63,3579530,0,0,-1,0.0,0,-1,-1,32521.984028994742
20230815093521000,6.44,6.44,6.44,6.44,6.44,6.44,6.44,6.44,6.44,6.44,6.45,6.46,6.47,6.48,6.49,6.5,6.51,6.52,6.53,6.54,5200,104400,17700,44000,53500,27400,6800,12600,5500,19400,6.45,6.44,6.43,6.42,6.41,6.4,6.39,6.38,6.37,6.36,35600,39300,8300,42000,33000,85500,12900,17100,6200,6300,5,2,11,13,3,46,10,4,7,1,19,3,3,3,2,12,16,11,4,11,24544.545454545456,24633.333333333332,0.0,0.0,5.0,31963.333333333332,-1,-1,-1,-1,20432.0,-1,-1,-1,-1,-1,-1,-1,-1,-1,243,328700,6.462658959537572,2124276.0,63,3579530,2,2400,6.462658959537572,15456.0,0,-1,-1,28587.630436514257
20230815093524000,6.44,6.44,6.44,6.44,6.44,6.44,6.44,6.44,6.44,6.44,6.45,6.46,6.47,6.48,6.49,6.5,6.51,6.52,6.53,6.54,5200,120000,17700,44000,53500,27400,6800,12600,5500,19400,6.45,6.44,6.43,6.42,6.41,6.4,6.39,6.38,6.37,6.36,34400,38200,8300,42000,33000,85500,12900,17100,6200,6300,5,2,11,13,3,46,10,4,7,1,19,3,3,3,2,12,16,11,4,11,24544.545454545456,24633.333333333332,0.0,0.0,5.0,31963.333333333332,-1,-1,-1,-1,20432.0,-1,-1,-1,-1,-1,-1,-1,-1,-1,244,329900,6.462576538344953,2132004.0,63,3579530,1,1200,6.462576538344953,7728.0,0,-1,-1,29477.75509797674
20230815093527000,6.44,6.44,6.44,6.44,6.44,6.44,6.44,6.45,6.44,6.44,6.45,6.46,6.47,6.48,6.49,6.5,6.51,6.52,6.53,6.54,100,120000,17700,44000,53500,27400,6800,12600,5500,19400,6.45,6.44,6.43,6.42,6.41,6.4,6.39,6.38,6.37,6.36,31100,36400,23300,42000,33000,85500,12900,17100,6200,6300,5,2,11,13,3,46,10,4,7,1,19,3,3,3,2,12,16,11,4,11,24207.5,24633.333333333332,0.0,0.0,5.0,31963.333333333332,-1,-1,-1,-1,19933.658536585364,-1,-1,-1,-1,-1,-1,-1,-1,-1,249,343200,6.461993006993007,2217756.0,64,3585200,5,13300,6.447518796992481,85752.0,1,5670,5670.0,29498.455671499123
20230815093530000,6.44,6.44,6.44,6.44,6.44,6.44,6.44,6.44,6.44,6.44,6.44,6.45,6.46,6.47,6.48,6.49,6.5,6.51,6.52,6.53,800,400,120000,17700,44000,53500,27400,6800,12600,5500,6.45,6.44,6.43,6.42,6.41,6.4,6.39,6.38,6.37,6.36,29200,34500,23300,42000,34000,85500,12900,17200,6200,6300,5,2,11,13,3,46,10,4,7,1,19,3,3,3,2,12,16,11,4,12,0.0,24207.5,24633.333333333332,0.0,0.0,5.0,31963.333333333332,-1,-1,-1,19933.658536585364,-1,-1,-1,-1,-1,-1,-1,-1,-1,250,345100,6.461948240767665,2229992.0,64,3585200,1,1900,6.461948240767665,12236.0,0,-1,-1,29283.0382746535
20230815093533000,6.44,6.45,6.45,6.45,6.45,6.44,6.44,6.45,6.44,6.45,6.46,6.47,6.48,6.49,6.5,6.51,6.52,6.53,6.54,6.55,119600,17700,44000,53500,27400,6800,12600,5500,19400,3100,6.45,6.44,6.43,6.42,6.41,6.4,6.39,6.38,6.37,6.36,26200,31500,23300,42000,34000,85500,12900,17200,6200,6300,5,2,11,13,3,46,10,4,7,1,19,3,3,3,2,12,16,11,4,12,24633.333333333332,0.0,0.0,5.0,31963.333333333332,-1,-1,-1,-1,-1,19459.04761904762,-1,-1,-1,-1,-1,-1,-1,-1,-1,252,352300,6.461948240767665,2276402.0,64,3585200,2,7200,6.461948240767665,46410.0,0,-1,-1,40297.38429982476
20230815093536000,6.44,6.45,6.45,6.45,6.45,6.44,6.44,6.45,6.44,6.45,6.45,6.46,6.47,6.48,6.49,6.5,6.51,6.52,6.53,6.54,400,119600,18200,52300,53500,27400,6800,12600,5500,19400,6.45,6.44,6.43,6.42,6.41,6.4,6.39,6.38,6.37,6.36,25000,30800,23300,42000,36000,85500,12900,17200,6200,6300,5,2,11,13,3,46,10,4,7,1,19,3,3,3,2,12,16,11,4,12,24207.5,24633.333333333332,0.0,0.0,5.0,31963.333333333332,-1,-1,-1,-1,19006.511627906977,-1,-1,-1,-1,-1,-1,-1,-1,-1,254,357500,6.461948240767665,2309930.0,64,3585200,2,5200,6.461948240767665,33528.0,0,-1,-1,32728.13545483511
20230815093539000,6.44,6.44,6.44,6.44,6.44,6.44,6.44,6.44,6.44,6.44,6.45,6.46,6.47,6.48,6.49,6.5,6.51,6.52,6.53,6.54,1400,122000,18200,50100,53500,27400,6800,12600,5500,20400,6.45,6.44,6.43,6.42,6.41,6.4,6.39,6.38,6.37,6.36,18700,35200,23500,42000,36000,90800,19500,17200,6200,6300,5,2,11,13,3,46,10,4,7,1,21,3,3,3,2,12,17,11,4,12,24207.5,24633.333333333332,0.0,0.0,5.0,31963.333333333332,-1,-1,-1,-1,19006.511627906977,-1,-1,-1,-1,-1,-1,-1,-1,-1,256,363800,6.461948240767665,2350502.0,64,3585200,2,6300,6.461948240767665,40572.0,0,-1,-1,30344.71483192608
20230815093542000,6.45,6.45,6.45,6.45,6.45,6.45,6.45,6.45,6.45,6.45,6.45,6.46,6.47,6.48,6.49,6.5,6.51,6.52,6.53,6.54,1700,122000,18200,50100,53500,27400,6800,12600,5500,20400,6.45,6.44,6.43,6.42,6.41,6.4,6.39,6.38,6.37,6.36,18600,35200,23500,42000,36000,91800,19500,17200,6200,6300,5,2,11,13,3,46,10,4,7,1,22,3,3,3,2,12,18,11,4,12,24207.5,24633.333333333332,0.0,0.0,5.0,31963.333333333332,-1,-1,-1,-1,18574.545454545456,-1,-1,-1,-1,-1,-1,-1,-1,-1,258,364200,6.461948240767665,2353082.0,64,3585200,2,400,6.461948240767665,2580.0,0,-1,-1,31469.692926557273
20230815093545000,6.45,6.45,6.45,6.45,6.45,6.45,6.45,6.45,6.45,6.45,6.45,6.46,6.47,6.48,6.49,6.5,6.51,6.52,6.53,6.54,1400,122000,18200,50100,53500,27400,6800,12600,5500,20400,6.45,6.44,6.43,6.42,6.41,6.4,6.39,6.38,6.37,6.36,18600,35200,23500,42000,39000,91800,19500,17200,6200,6300,5,2,11,13,3,46,10,4,7,1,22,3,3,3,2,12,18,11,4,12,24207.5,24633.333333333332,0.0,0.0,5.0,31963.333333333332,-1,-1,-1,-1,18161.777777777777,-1,-1,-1,-1,-1,-1,-1,-1,-1,259,364500,6.461948240767665,2355017.0,64,3585200,1,300,6.461948240767665,1935.0,0,-1,-1,33594.360363230844
20230815093548000,6.45,6.44,6.44,6.44,6.44,6.44,6.44,6.44,6.44,6.44,6.45,6.46,6.47,6.48,6.49,6.5,6.51,6.52,6.53,6.54,1100,122000,18200,50100,53500,27400,6800,12600,5500,20400,6.45,6.44,6.43,6.42,6.41,6.4,6.39,6.38,6.37,6.36,18500,55100,23500,42000,39000,91800,19500,17200,6200,6300,5,2,11,13,3,47,10,4,7,1,22,3,3,3,2,12,18,11,4,12,24207.5,24633.333333333332,0.0,0.0,5.0,31963.333333333332,-1,-1,-1,-1,18161.777777777777,-1,-1,-1,-1,-1,-1,-1,-1,-1,260,364600,6.461948240767665,2355661.0,64,3585200,1,100,6.461948240767665,644.0,0,-1,-1,35076.58714353991
20230815093551000,6.44,6.44,6.44,6.44,6.44,6.44,6.44,6.44,6.44,6.44,6.45,6.46,6.47,6.48,6.49,6.5,6.51,6.52,6.53,6.54,19100,120900,18200,50100,53500,27400,6800,12600,5500,20400,6.45,6.44,6.43,6.42,6.41,6.4,6.39,6.38,6.37,6.36,11200,47800,23500,42000,39000,91800,19500,17200,6200,6300,5,2,11,13,3,47,10,4,7,1,22,3,3,3,2,12,18,11,4,12,24207.5,24633.333333333332,0.0,0.0,5.0,31963.333333333332,-1,-1,-1,-1,18161.777777777777,-1,-1,-1,-1,-1,-1,-1,-1,-1,263,371900,6.460535090077978,2402673.0,64,3585200,3,7300,6.460535090077978,47012.0,0,-1,-1,36224.31894216982
20230815093554000,6.44,6.44,6.44,6.44,6.44,6.44,6.44,6.44,6.44,6.44,6.45,6.46,6.47,6.48,6.49,6.5,6.51,6.52,6.53,6.54,19000,105300,18200,50100,53500,27400,6800,12600,5500,20400,6.45,6.44,6.43,6.42,6.41,6.4,6.39,6.38,6.37,6.36,11200,48200,23500,42000,39300,91800,19500,17200,6200,6300,5,2,11,13,3,47,10,4,7,1,22,3,3,3,2,12,18,11,4,12,24207.5,24633.333333333332,0.0,0.0,5.0,31963.333333333332,-1,-1,-1,-1,18161.777777777777,-1,-1,-1,-1,-1,-1,-1,-1,-1,263,371900,6.460535090077978,2402673.0,64,3585200,0,0,-1,0.0,0,-1,-1,34812.40839573045
20230815093557000,6.44,6.44,6.44,6.44,6.44,6.44,6.44,6.44,6.44,6.44,6.45,6.46,6.47,6.48,6.49,6.5,6.51,6.52,6.53,6.54,19000,105300,18200,50100,53500,27400,6800,12600,5500,20400,6.45,6.44,6.43,6.42,6.41,6.4,6.39,6.38,6.37,6.36,11200,48200,23500,42000,39300,91800,19500,17200,6200,6300,5,2,11,13,3,47,10,4,7,1,22,3,3,3,2,12,18,11,4,12,24207.5,24633.333333333332,0.0,0.0,5.0,31963.333333333332,-1,-1,-1,-1,18161.777777777777,-1,-1,-1,-1,-1,-1,-1,-1,-1,263,371900,6.460535090077978,2402673.0,64,3585200,0,0,-1,0.0,0,-1,-1,34812.40839573045
20230815093600000,6.44,6.44,6.44,6.44,6.44,6.44,6.44,6.44,6.44,6.44,6.45,6.46,6.47,6.48,6.49,6.5,6.51,6.52,6.53,6.54,19000,105300,18200,50100,53500,27400,6800,12600,5500,20400,6.45,6.44,6.43,6.42,6.41,6.4,6.39,6.38,6.37,6.36,11100,49400,24500,42000,39500,91800,19500,17700,6200,6300,5,2,11,13,3,47,10,4,7,1,22,3,3,3,2,12,18,11,4,12,24207.5,24633.333333333332,0.0,0.0,5.0,31963.333333333332,-1,-1,-1,-1,18161.777777777777,-1,-1,-1,-1,-1,-1,-1,-1,-1,264,372000,6.460529569892473,2403317.0,64,3585200,1,100,6.460529569892473,644.0,0,-1,-1,34969.798470606984
20230815093603000,6.44,6.45,6.45,6.45,6.45,6.45,6.45,6.45,6.45,6.45,6.45,6.46,6.47,6.48,6.49,6.5,6.51,6.52,6.53,6.54,18800,105300,18200,50100,53500,27400,6800,12600,5500,20400,6.45,6.44,6.43,6.42,6.41,6.4,6.39,6.38,6.37,6.36,11100,49700,24500,42000,39500,91800,19500,17700,6200,6300,5,2,11,13,3,47,10,4,7,1,22,3,3,3,2,12,18,11,4,13,24207.5,24633.333333333332,0.0,0.0,5.0,31963.333333333332,-1,-1,-1,-1,17766.956521739132,-1,-1,-1,-1,-1,-1,-1,-1,-1,265,372200,6.460529569892473,2404607.0,64,3585200,1,200,6.460529569892473,1290.0,0,-1,-1,34976.698661781105
20230815093606000,6.45,6.45,6.45,6.45,6.45,6.45,6.45,6.45,6.45,6.45,6.45,6.46,6.47,6.48,6.49,6.5,6.51,6.52,6.53,6.54,14400,105300,18200,50100,53500,27400,6800,12600,5500,20400,6.45,6.44,6.43,6.42,6.41,6.4,6.39,6.38,6.37,6.36,11100,55500,24600,42000,39500,91800,19500,17700,6200,6300,5,2,11,13,3,48,10,4,7,1,22,3,3,3,2,12,18,11,4,13,24956.491228070176,24633.333333333332,0.0,0.0,5.0,31963.333333333332,-1,-1,-1,-1,17026.666666666668,-1,-1,-1,-1,-1,-1,-1,-1,-1,268,376600,6.460490091055169,2432987.0,65,3652100,3,4400,6.45,28380.0,1,66900,66900.0,34821.21435399076
20230815093609000,6.45,6.46,6.46,6.46,6.46,6.46,6.46,6.46,6.46,6.46,6.45,6.46,6.47,6.48,6.49,6.5,6.51,6.52,6.53,6.54,14300,93100,18200,50100,53500,27400,6800,12600,5500,20400,6.45,6.44,6.43,6.42,6.41,6.4,6.39,6.38,6.37,6.36,14100,56500,24600,42000,39500,92000,19500,17700,6200,6300,5,2,11,13,3,48,10,4,7,1,23,3,3,3,2,12,18,11,4,13,24956.491228070176,24633.333333333332,0.0,0.0,5.0,31963.333333333332,-1,-1,-1,-1,17026.666666666668,-1,-1,-1,-1,-1,-1,-1,-1,-1,269,376700,6.460400849482347,2433633.0,65,3652100,1,100,6.460400849482347,646.0,0,-1,-1,34202.49721204397
20230815093612000,6.45,6.46,6.46,6.46,6.46,6.46,6.46,6.46,6.46,6.46,6.45,6.46,6.47,6.48,6.49,6.5,6.51,6.52,6.53,6.54,14300,93100,18200,50100,53500,27400,6800,12600,5500,20400,6.45,6.44,6.43,6.42,6.41,6.4,6.39,6.38,6.37,6.36,14800,56500,24600,42000,39900,92000,19500,17700,6200,6300,5,2,11,13,3,48,10,4,7,1,23,3,4,3,2,12,18,11,4,13,24956.491228070176,24633.333333333332,0.0,0.0,5.0,31963.333333333332,-1,-1,-1,-1,17026.666666666668,-1,-1,-1,-1,-1,-1,-1,-1,-1,269,376700,6.460400849482347,2433633.0,65,3652100,0,0,-1,0.0,0,-1,-1,34055.29313366258
20230815093615000,6.45,6.46,6.46,6.46,6.46,6.46,6.46,6.46,6.46,6.46,6.45,6.46,6.47,6.48,6.49,6.5,6.51,6.52,6.53,6.54,14300,93100,18100,50100,53500,27400,6800,12600,5500,20400,6.45,6.44,6.43,6.42,6.41,6.4,6.39,6.38,6.37,6.36,16000,56500,24600,42000,42900,92000,19500,17700,6200,6300,5,2,11,13,3,48,10,4,7,1,23,3,4,3,2,12,18,11,4,13,24956.491228070176,24633.333333333332,0.0,0.0,5.0,31963.333333333332,-1,-1,-1,-1,17026.666666666668,-1,-1,-1,-1,-1,-1,-1,-1,-1,269,376700,6.460400849482347,2433633.0,65,3652100,0,0,-1,0.0,0,-1,-1,34299.757049545966
20230815093618000,6.45,6.46,6.46,6.46,6.46,6.46,6.46,6.46,6.46,6.46,6.45,6.46,6.47,6.48,6.49,6.5,6.51,6.52,6.53,6.54,14300,92800,18100,50100,53500,27400,6800,12600,5500,20400,6.45,6.44,6.43,6.42,6.41,6.4,6.39,6.38,6.37,6.36,18300,56500,24600,42000,42900,92000,19500,17700,6200,6300,5,2,11,13,3,48,10,4,7,1,23,3,4,3,2,12,18,11,4,13,24956.491228070176,24633.333333333332,0.0,0.0,5.0,31963.333333333332,-1,-1,-1,-1,17026.666666666668,-1,-1,-1,-1,-1,-1,-1,-1,-1,269,376700,6.460400849482347,2433633.0,65,3652100,0,0,-1,0.0,0,-1,-1,34504.462721045085
20230815093621000,6.45,6.46,6.46,6.46,6.46,6.46,6.46,6.46,6.46,6.46,6.45,6.46,6.47,6.48,6.49,6.5,6.51,6.52,6.53,6.54,14300,110200,18100,50100,53500,27400,6800,12600,5500,20400,6.45,6.44,6.43,6.42,6.41,6.4,6.39,6.38,6.37,6.36,24200,56500,24600,42000,42900,92000,19500,17700,6200,6300,5,2,11,13,3,48,10,4,7,1,23,3,4,3,2,12,18,11,4,13,24956.491228070176,24633.333333333332,0.0,0.0,5.0,31963.333333333332,-1,-1,-1,-1,17026.666666666668,-1,-1,-1,-1,-1,-1,-1,-1,-1,269,376700,6.460400849482347,2433633.0,65,3652100,0,0,-1,0.0,0,-1,-1,36077.706308746216
20230815093624000,6.45,6.46,6.46,6.46,6.46,6.46,6.46,6.46,6.46,6.46,6.45,6.46,6.47,6.48,6.49,6.5,6.51,6.52,6.53,6.54,14300,110800,18100,50100,53500,27400,6800,12600,5500,20400,6.45,6.44,6.43,6.42,6.41,6.4,6.39,6.38,6.37,6.36,24300,56800,24600,42000,42900,92000,19500,17700,6200,6300,5,2,11,13,3,48,10,4,7,1,23,3,4,3,2,12,18,11,4,13,24956.491228070176,24633.333333333332,0.0,0.0,5.0,31963.333333333332,-1,-1,-1,-1,17026.666666666668,-1,-1,-1,-1,-1,-1,-1,-1,-1,269,376700,6.460400849482347,2433633.0,65,3652100,0,0,-1,0.0,0,-1,-1,36705.62370559184
20230815093627000,6.45,6.46,6.46,6.46,6.46,6.46,6.46,6.46,6.46,6.46,6.45,6.46,6.47,6.48,6.49,6.5,6.51,6.52,6.53,6.54,14300,111100,18100,50100,53500,27400,6800,12600,5500,20400,6.45,6.44,6.43,6.42,6.41,6.4,6.39,6.38,6.37,6.36,24600,56800,24600,42000,47900,92000,19500,17700,6200,6300,5,2,11,13,3,48,10,4,7,1,23,3,4,3,2,12,18,11,4,13,24956.491228070176,24633.333333333332,0.0,0.0,5.0,31963.333333333332,-1,-1,-1,-1,17026.666666666668,-1,-1,-1,-1,-1,-1,-1,-1,-1,269,376700,6.460400849482347,2433633.0,65,3652100,0,0,-1,0.0,0,-1,-1,36760.82523498486
20230815093630000,6.45,6.46,6.46,6.46,6.46,6.46,6.46,6.46,6.46,6.46,6.45,6.46,6.47,6.48,6.49,6.5,6.51,6.52,6.53,6.54,14300,111100,18100,50100,53500,29400,6800,12600,5500,20400,6.45,6.44,6.43,6.42,6.41,6.4,6.39,6.38,6.37,6.36,67200,56900,24600,42000,47900,92300,19500,18200,6200,6300,5,2,11,13,3,48,10,4,7,1,23,3,4,3,2,12,18,11,4,14,24956.491228070176,24633.333333333332,0.0,0.0,5.0,31963.333333333332,-1,-1,-1,-1,17026.666666666668,-1,-1,-1,-1,-1,-1,-1,-1,-1,269,376700,6.460400849482347,2433633.0,65,3652100,0,0,-1,0.0,0,-1,-1,40976.84204237692
20230815093633000,6.46,6.46,6.46,6.46,6.46,6.46,6.46,6.46,6.46,6.46,6.45,6.46,6.47,6.48,6.49,6.5,6.51,6.52,6.53,6.54,9900,106700,18100,50100,53500,29400,6800,12600,5500,20400,6.45,6.44,6.43,6.42,6.41,6.4,6.39,6.38,6.37,6.36,67200,56800,24600,43700,47900,92300,19500,24400,7200,6300,5,2,11,13,3,48,10,4,7,1,24,3,4,3,2,13,18,11,4,15,24956.491228070176,59316.0,0.0,0.0,5.0,31963.333333333332,-1,-1,-1,-1,17026.666666666668,-1,-1,-1,-1,-1,-1,-1,-1,-1,273,381100,6.460396221464182,2462057.0,68,4246240,4,4400,6.46,28424.0,3,594140,198046.66666666666,37430.401664808036
20230815093636000,6.46,6.46,6.46,6.46,6.46,6.46,6.46,6.46,6.46,6.46,6.45,6.46,6.47,6.48,6.49,6.5,6.51,6.52,6.53,6.54,9900,111900,18100,50100,53500,29400,6800,12600,5500,20400,6.45,6.44,6.43,6.42,6.41,6.4,6.39,6.38,6.37,6.36,67300,56800,24500,43700,48400,92300,19500,24400,7200,6300,5,2,11,13,3,48,10,4,8,1,24,3,4,3,2,13,18,11,4,15,24956.491228070176,59316.0,0.0,0.0,5.0,31963.333333333332,-1,-1,-1,-1,17026.666666666668,-1,-1,-1,-1,-1,-1,-1,-1,-1,273,381100,6.460396221464182,2462057.0,68,4246240,0,0,-1,0.0,0,-1,-1,40744.490799745094
20230815093639000,6.46,6.46,6.46,6.46,6.46,6.46,6.46,6.46,6.46,6.46,6.45,6.46,6.47,6.48,6.49,6.5,6.51,6.52,6.53,6.54,9900,112200,18100,50100,53500,28400,6800,12600,5500,20400,6.45,6.44,6.43,6.42,6.41,6.4,6.39,6.38,6.37,6.36,67500,56800,24500,43700,48400,92300,19500,25200,7200,6300,5,2,11,13,3,48,10,4,8,1,24,3,4,3,2,13,18,11,4,16,24956.491228070176,59316.0,0.0,0.0,5.0,31963.333333333332,-1,-1,-1,-1,17026.666666666668,-1,-1,-1,-1,-1,-1,-1,-1,-1,273,381100,6.460396221464182,2462057.0,68,4246240,0,0,-1,0.0,0,-1,-1,40754.742512346646
20230815093642000,6.46,6.46,6.46,6.46,6.46,6.46,6.46,6.46,6.46,6.46,6.45,6.46,6.47,6.48,6.49,6.5,6.51,6.52,6.53,6.54,9900,112700,18100,50100,53500,28400,6800,12600,5500,20400,6.45,6.44,6.43,6.42,6.41,6.4,6.39,6.38,6.37,6.36,67500,56800,24500,43700,48400,92300,19500,25200,7200,6300,5,2,11,13,3,48,10,4,8,1,24,3,4,3,2,13,18,11,4,16,24956.491228070176,59316.0,0.0,0.0,5.0,31963.333333333332,-1,-1,-1,-1,17026.666666666668,-1,-1,-1,-1,-1,-1,-1,-1,-1,273,381100,6.460396221464182,2462057.0,68,4246240,0,0,-1,0.0,0,-1,-1,40819.14429663851
20230815093645000,6.46,6.46,6.46,6.46,6.46,6.46,6.46,6.46,6.46,6.46,6.45,6.46,6.47,6.48,6.49,6.5,6.51,6.52,6.53,6.54,9900,112700,18100,50100,53500,28400,6800,12600,5500,20400,6.45,6.44,6.43,6.42,6.41,6.4,6.39,6.38,6.37,6.36,67500,56800,24700,43700,48400,93300,19500,25200,7200,6300,5,2,11,13,3,48,10,4,9,1,24,3,4,3,2,13,18,11,4,16,24956.491228070176,59316.0,0.0,0.0,5.0,31963.333333333332,-1,-1,-1,-1,17026.666666666668,-1,-1,-1,-1,-1,-1,-1,-1,-1,273,381100,6.460396221464182,2462057.0,68,4246240,0,0,-1,0.0,0,-1,-1,40830.18460251712
20230815093648000,6.46,6.46,6.46,6.46,6.46,6.46,6.46,6.46,6.46,6.46,6.45,6.46,6.47,6.48,6.49,6.5,6.51,6.52,6.53,6.54,5100,108500,18100,50100,53500,28400,6800,12600,5500,20400,6.45,6.44,6.43,6.42,6.41,6.4,6.39,6.38,6.37,6.36,67500,56800,24700,43700,48400,93300,19500,25200,7200,6300,5,2,11,13,3,48,10,4,9,1,25,3,4,3,2,13,18,11,4,16,24956.491228070176,59316.0,0.0,0.0,5.0,31963.333333333332,-1,-1,-1,-1,17026.666666666668,-1,-1,-1,-1,-1,-1,-1,-1,-1,275,385900,6.460391293081109,2493065.0,68,4246240,2,4800,6.460391293081109,31008.0,0,-1,-1,39815.85649992033
20230815093651000,6.46,6.45,6.45,6.45,6.45,6.46,6.46,6.46,6.45,6.45,6.45,6.46,6.47,6.48,6.49,6.5,6.51,6.52,6.53,6.54,3300,107900,18100,50100,53500,28400,6800,12600,5500,20400,6.45,6.44,6.43,6.42,6.41,6.4,6.39,6.38,6.37,6.36,63100,56800,24700,43700,48400,93600,19500,25200,7200,6300,5,2,11,13,3,49,10,4,9,1,26,3,4,3,2,13,18,11,4,16,24526.206896551725,59316.0,0.0,0.0,5.0,31963.333333333332,-1,-1,-1,-1,17749.8,-1,-1,-1,-1,-1,-1,-1,-1,-1,280,392100,6.460272889568987,2533073.0,70,4316450,5,6200,6.452903225806452,40008.0,2,70210,35105.0,39646.801816154206
20230815093654000,6.45,6.45,6.45,6.45,6.45,6.45,6.45,6.45,6.45,6.45,6.45,6.46,6.47,6.48,6.49,6.5,6.51,6.52,6.53,6.54,3100,108500,18100,50100,53500,28400,6800,12600,5500,20400,6.45,6.44,6.43,6.42,6.41,6.4,6.39,6.38,6.37,6.36,64700,56800,24700,43700,48400,94400,19500,35200,7200,6300,5,2,11,13,3,49,10,4,9,1,28,3,4,3,2,13,18,11,4,17,24110.508474576272,59316.0,0.0,0.0,5.0,31963.333333333332,-1,-1,-1,-1,17749.8,-1,-1,-1,-1,-1,-1,-1,-1,-1,281,392200,6.460270270270271,2533718.0,70,4316450,1,100,6.460270270270271,645.0,0,-1,-1,39619.20105145769
20230815093657000,6.45,6.45,6.45,6.45,6.45,6.45,6.45,6.45,6.45,6.45,6.45,6.46,6.47,6.48,6.49,6.5,6.51,6.52,6.53,6.54,3100,108600,18100,50100,53500,28400,6800,12600,5500,20400,6.45,6.44,6.43,6.42,6.41,6.4,6.39,6.38,6.37,6.36,64700,56800,24700,43700,48400,94400,19500,35200,7200,6300,5,2,11,13,3,49,10,4,9,1,28,3,4,3,2,13,18,11,4,17,24110.508474576272,59316.0,0.0,0.0,5.0,31963.333333333332,-1,-1,-1,-1,17749.8,-1,-1,-1,-1,-1,-1,-1,-1,-1,281,392200,6.460270270270271,2533718.0,70,4316450,0,0,-1,0.0,0,-1,-1,39605.40066910943
20230815093700000,6.45,6.45,6.45,6.45,6.45,6.46,6.46,6.46,6.45,6.45,6.45,6.46,6.47,6.48,6.49,6.5,6.51,6.52,6.53,6.54,2200,108400,18100,50100,53500,28400,6800,12600,5500,20400,6.45,6.44,6.43,6.42,6.41,6.4,6.39,6.38,6.37,6.36,63800,59900,24700,43700,48500,94400,19500,35200,7200,6300,5,2,11,13,3,49,10,4,9,1,28,3,4,3,2,13,18,11,4,17,23708.666666666668,59316.0,0.0,0.0,5.0,31963.333333333332,-1,-1,-1,-1,17749.8,-1,-1,-1,-1,-1,-1,-1,-1,-1,284,393400,6.460246568378241,2541461.0,70,4316450,3,1200,6.460246568378241,7743.0,0,-1,-1,39593.900350485885
20230815093703000,6.45,6.45,6.45,6.45,6.45,6.45,6.45,6.45,6.45,6.45,6.45,6.46,6.47,6.48,6.49,6.5,6.51,6.52,6.53,6.54,2200,108500,18100,50100,51200,28400,6800,12600,5500,20400,6.45,6.44,6.43,6.42,6.41,6.4,6.39,6.38,6.37,6.36,61300,59900,24700,43700,48500,94400,19500,35200,7200,6300,5,2,11,13,3,49,10,4,9,1,28,3,4,3,2,13,18,11,4,17,22226.875,59316.0,0.0,0.0,5.0,31963.333333333332,-1,-1,-1,-1,17749.8,-1,-1,-1,-1,-1,-1,-1,-1,-1,288,397100,6.460166456494325,2565326.0,70,4316450,4,3700,6.460166456494325,23865.0,0,-1,-1,39377.03719929902
20230815093706000,6.45,6.45,6.45,6.45,6.45,6.45,6.45,6.45,6.45,6.45,6.45,6.46,6.47,6.48,6.49,6.5,6.51,6.52,6.53,6.54,2200,108500,18100,50100,51200,28400,6800,12600,5500,20400,6.45,6.44,6.43,6.42,6.41,6.4,6.39,6.38,6.37,6.36,60100,59900,24700,43700,48500,94400,19500,34700,7200,6300,5,2,11,13,3,49,10,4,9,1,28,3,4,3,2,13,18,11,4,18,21884.923076923078,59316.0,0.0,0.0,5.0,31963.333333333332,-1,-1,-1,-1,17749.8,-1,-1,-1,-1,-1,-1,-1,-1,-1,289,398300,6.460166456494325,2573066.0,70,4316450,1,1200,6.460166456494325,7740.0,0,-1,-1,39202.232356221124
20230815093709000,6.45,6.45,6.45,6.45,6.45,6.45,6.45,6.45,6.45,6.45,6.45,6.46,6.47,6.48,6.49,6.5,6.51,6.52,6.53,6.54,2200,108500,18100,50100,51200,28600,6800,12600,5500,20400,6.45,6.44,6.43,6.42,6.41,6.4,6.39,6.38,6.37,6.36,62100,59900,24700,43700,48500,94400,19500,34700,7200,6300,5,2,11,13,3,49,10,4,9,1,28,3,4,3,2,13,18,11,4,18,21884.923076923078,59316.0,0.0,0.0,5.0,31963.333333333332,-1,-1,-1,-1,17749.8,-1,-1,-1,-1,-1,-1,-1,-1,-1,289,398300,6.460166456494325,2573066.0,70,4316450,0,0,-1,0.0,0,-1,-1,39246.91930858689
20230815093712000,6.46,6.46,6.46,6.46,6.46,6.46,6.46,6.46,6.46,6.46,6.45,6.46,6.47,6.48,6.49,6.5,6.51,6.52,6.53,6.54,1700,108600,18100,62200,51200,28600,6800,12600,5500,20400,6.46,6.45,6.44,6.43,6.42,6.41,6.4,6.39,6.38,6.37,13300,62100,59900,24700,43700,48500,94400,19500,34700,7200,5,2,11,13,3,49,10,4,9,1,28,3,4,3,2,13,19,11,4,18,21884.923076923078,59316.0,0.0,0.0,5.0,31963.333333333332,-1,-1,-1,-1,7138.75,17749.8,-1,-1,-1,-1,-1,-1,-1,-1,291,398800,6.460120361083249,2576296.0,70,4316450,2,500,6.460120361083249,3230.0,0,-1,-1,36825.59841484785
20230815093715000,6.46,6.46,6.46,6.46,6.46,6.46,6.46,6.46,6.46,6.46,6.46,6.47,6.48,6.49,6.5,6.51,6.52,6.53,6.54,6.55,92700,18900,62200,51200,28600,6800,12600,5500,20400,3100,6.46,6.45,6.44,6.43,6.42,6.41,6.4,6.39,6.38,6.37,13300,62100,59900,24700,43700,48500,104400,19500,34700,7200,5,2,11,13,3,49,10,4,9,1,29,3,4,3,2,13,20,11,4,18,59316.0,0.0,0.0,5.0,31963.333333333332,-1,-1,-1,-1,-1,3684.516129032258,17749.8,-1,-1,-1,-1,-1,-1,-1,-1,306,417200,6.460120361083249,2695160.0,70,4316450,15,18400,6.460120361083249,118864.0,0,-1,-1,42694.038752588815
20230815093718000,6.46,6.46,6.46,6.46,6.46,6.46,6.46,6.46,6.46,6.46,6.46,6.47,6.48,6.49,6.5,6.51,6.52,6.53,6.54,6.55,90000,18100,62200,51400,28600,6800,12600,5500,20400,3100,6.46,6.45,6.44,6.43,6.42,6.41,6.4,6.39,6.38,6.37,16900,63600,59900,24700,43700,53500,104400,19500,34700,7200,5,2,11,13,3,49,10,4,9,1,29,3,4,3,2,13,20,11,4,18,39060.0,0.0,0.0,5.0,31963.333333333332,-1,-1,-1,-1,-1,3263.4285714285716,17749.8,-1,-1,-1,-1,-1,-1,-1,-1,318,420900,6.460114041339986,2719062.0,74,4325090,12,3700,6.46,23902.0,4,8640,2160.0,42820.08224470288
20230815093721000,6.46,6.46,6.46,6.46,6.46,6.46,6.46,6.46,6.46,6.46,6.46,6.47,6.48,6.49,6.5,6.51,6.52,6.53,6.54,6.55,90500,18300,62200,51400,28600,6800,12600,5500,20400,3100,6.46,6.45,6.44,6.43,6.42,6.41,6.4,6.39,6.38,6.37,16900,63600,59900,24700,43700,54700,104900,19500,34700,7200,5,2,11,13,3,49,10,4,9,1,30,3,4,3,2,13,20,11,4,18,39060.0,0.0,0.0,5.0,31963.333333333332,-1,-1,-1,-1,-1,3172.777777777778,17749.8,-1,-1,-1,-1,-1,-1,-1,-1,319,421000,6.460114014251782,2719708.0,74,4325090,1,100,6.460114014251782,646.0,0,-1,-1,42876.81714991237
20230815093724000,6.46,6.46,6.46,6.46,6.46,6.46,6.46,6.46,6.46,6.46,6.46,6.47,6.48,6.49,6.5,6.51,6.52,6.53,6.54,6.55,89000,21800,62200,51400,28600,6800,12600,5500,20400,3100,6.46,6.45,6.44,6.43,6.42,6.41,6.4,6.39,6.38,6.37,15100,66000,59900,24700,43700,54700,104900,19500,34700,7200,5,2,11,13,3,49,10,4,9,1,30,3,4,3,2,13,20,11,4,18,35935.2,0.0,0.0,5.0,31963.333333333332,-1,-1,-1,-1,-1,3087.027027027027,17749.8,-1,-1,-1,-1,-1,-1,-1,-1,322,421500,6.460114014251782,2722938.0,74,4325090,3,500,6.460114014251782,3230.0,0,-1,-1,42853.81651266529
20230815093727000,6.46,6.46,6.46,6.46,6.46,6.46,6.46,6.46,6.46,6.46,6.46,6.47,6.48,6.49,6.5,6.51,6.52,6.53,6.54,6.55,89000,22000,62200,51400,28600,6800,12600,5500,20400,3100,6.46,6.45,6.44,6.43,6.42,6.41,6.4,6.39,6.38,6.37,16400,66000,59900,24700,43700,54700,104900,19500,34700,7200,5,2,11,13,3,49,10,4,9,1,30,3,4,3,2,13,21,11,4,18,35935.2,0.0,0.0,5.0,31963.333333333332,-1,-1,-1,-1,-1,3087.027027027027,17749.8,-1,-1,-1,-1,-1,-1,-1,-1,322,421500,6.460114014251782,2722938.0,74,4325090,0,0,-1,0.0,0,-1,-1,43152.82479687749
20230815093730000,6.46,6.46,6.46,6.46,6.46,6.46,6.46,6.46,6.46,6.46,6.46,6.47,6.48,6.49,6.5,6.51,6.52,6.53,6.54,6.55,89000,22300,62200,51400,28600,6800,12600,5500,20400,3100,6.46,6.45,6.44,6.43,6.42,6.41,6.4,6.39,6.38,6.37,14900,66000,59900,24700,43700,54700,104900,19500,34700,7200,5,2,11,13,3,50,10,4,9,1,30,3,4,3,2,13,21,11,4,18,34553.07692307692,0.0,0.0,5.0,31963.333333333332,-1,-1,-1,-1,-1,3087.027027027027,17749.8,-1,-1,-1,-1,-1,-1,-1,-1,323,423000,6.460113475177305,2732628.0,74,4325090,1,1500,6.460113475177305,9690.0,0,-1,-1,43042.42173809144
20230815093733000,6.46,6.46,6.46,6.46,6.46,6.46,6.46,6.46,6.46,6.46,6.46,6.47,6.48,6.49,6.5,6.51,6.52,6.53,6.54,6.55,88900,22300,66200,51400,28600,6800,12600,5500,20400,3100,6.46,6.45,6.44,6.43,6.42,6.41,6.4,6.39,6.38,6.37,15900,66300,59900,24700,43700,54700,104900,19500,34700,7200,5,2,11,13,3,50,10,4,9,1,30,3,4,3,2,13,21,11,4,18,27223.636363636364,0.0,0.0,5.0,31963.333333333332,-1,-1,-1,-1,-1,3087.027027027027,17749.8,-1,-1,-1,-1,-1,-1,-1,-1,330,423900,6.460113234253361,2738442.0,74,4325090,7,900,6.460113234253361,5814.0,0,-1,-1,43421.93225266847
20230815093736000,6.46,6.45,6.45,6.45,6.45,6.46,6.46,6.46,6.45,6.45,6.46,6.47,6.48,6.49,6.5,6.51,6.52,6.53,6.54,6.55,88700,24200,66200,51400,28600,6800,12600,5500,20400,3100,6.46,6.45,6.44,6.43,6.42,6.41,6.4,6.39,6.38,6.37,14500,65100,59900,24700,44000,54700,104900,19500,34700,7200,5,2,11,13,3,50,10,4,9,1,30,3,4,3,2,14,21,11,4,18,26422.941176470587,0.0,0.0,5.0,31963.333333333332,-1,-1,-1,-1,-1,3005.7894736842104,17749.8,-1,-1,-1,-1,-1,-1,-1,-1,333,425500,6.460113180853572,2748766.0,74,4325090,3,1600,6.460113180853572,10324.0,0,-1,-1,43383.15974988051
20230815093739000,6.45,6.46,6.46,6.46,6.46,6.46,6.46,6.46,6.46,6.46,6.46,6.47,6.48,6.49,6.5,6.51,6.52,6.53,6.54,6.55,88700,24200,66200,51400,29000,6800,12600,5500,20400,3100,6.46,6.45,6.44,6.43,6.42,6.41,6.4,6.39,6.38,6.37,14500,65100,59900,24700,44000,54700,104900,19500,34700,7200,5,2,11,13,3,51,10,4,9,1,30,3,4,3,3,14,21,11,4,18,25668.0,0.0,0.0,5.0,31963.333333333332,-1,-1,-1,-1,-1,3005.7894736842104,17749.8,-1,-1,-1,-1,-1,-1,-1,-1,334,425800,6.460113180853572,2750704.0,74,4325090,1,300,6.460113180853572,1938.0,0,-1,-1,43470.562171419464
20230815093742000,6.46,6.46,6.46,6.46,6.46,6.46,6.46,6.46,6.46,6.46,6.46,6.47,6.48,6.49,6.5,6.51,6.52,6.53,6.54,6.55,88700,24400,66200,51400,29000,6800,12600,5500,20400,3100,6.46,6.45,6.44,6.43,6.42,6.41,6.4,6.39,6.38,6.37,14400,65100,59900,24700,44000,54700,104900,19500,34700,7200,5,2,11,13,3,51,10,4,9,1,30,3,4,3,3,14,21,11,4,18,24955.0,0.0,0.0,5.0,31963.333333333332,-1,-1,-1,-1,-1,3005.7894736842104,17749.8,-1,-1,-1,-1,-1,-1,-1,-1,335,425900,6.460113180853572,2751350.0,74,4325090,1,100,6.460113180853572,646.0,0,-1,-1,43433.76115182412
20230815093745000,6.46,6.46,6.46,6.46,6.46,6.46,6.46,6.46,6.46,6.46,6.46,6.47,6.48,6.49,6.5,6.51,6.52,6.53,6.54,6.55,88700,35100,66100,51400,29000,6800,12600,5500,20400,3100,6.46,6.45,6.44,6.43,6.42,6.41,6.4,6.39,6.38,6.37,19900,65500,61900,24700,44000,254700,104900,19500,34700,7200,5,2,11,13,3,51,10,4,9,1,30,3,4,3,3,14,21,11,4,18,24955.0,0.0,0.0,5.0,31963.333333333332,-1,-1,-1,-1,-1,3005.7894736842104,17749.8,-1,-1,-1,-1,-1,-1,-1,-1,335,425900,6.460113180853572,2751350.0,74,4325090,0,0,-1,0.0,0,-1,-1,51822.09355583877
20230815093748000,6.46,6.47,6.47,6.47,6.47,6.47,6.47,6.47,6.47,6.47,6.46,6.47,6.48,6.49,6.5,6.51,6.52,6.53,6.54,6.55,88100,34500,66100,51400,29000,6800,12600,5500,20400,3100,6.46,6.45,6.44,6.43,6.42,6.41,6.4,6.39,6.38,6.37,20800,65500,61900,24700,44000,254700,104900,19500,34700,7200,5,2,11,13,3,51,10,4,9,1,30,3,4,3,3,14,21,11,4,18,24955.0,0.0,0.0,5.0,31963.333333333332,-1,-1,-1,-1,-1,3005.7894736842104,17749.8,-1,-1,-1,-1,-1,-1,-1,-1,336,426500,6.4600984759671745,2755232.0,74,4325090,1,600,6.4600984759671745,3882.0,0,-1,-1,48154.31535765493
20230815093751000,6.47,6.46,6.46,6.46,6.46,6.46,6.46,6.46,6.46,6.46,6.46,6.47,6.48,6.49,6.5,6.51,6.52,6.53,6.54,6.55,88000,34500,66100,51400,29000,6800,12600,5500,20400,3100,6.46,6.45,6.44,6.43,6.42,6.41,6.4,6.39,6.38,6.37,21900,65500,61900,24700,44000,254700,104900,19500,34700,7200,5,2,11,13,3,51,10,4,9,1,30,3,4,3,3,14,21,11,4,18,24955.0,0.0,0.0,5.0,31963.333333333332,-1,-1,-1,-1,-1,3005.7894736842104,17749.8,-1,-1,-1,-1,-1,-1,-1,-1,337,426600,6.4600984759671745,2755878.0,74,4325090,1,100,6.4600984759671745,646.0,0,-1,-1,51854.2944479847
20230815093754000,6.47,6.46,6.46,6.46,6.46,6.46,6.46,6.46,6.46,6.46,6.46,6.47,6.48,6.49,6.5,6.51,6.52,6.53,6.54,6.55,88000,35700,66100,51400,29000,6800,12600,5500,20400,3100,6.46,6.45,6.44,6.43,6.42,6.41,6.4,6.39,6.38,6.37,21900,65600,61900,24700,44000,254700,104900,19500,34700,7200,5,2,11,13,3,51,10,4,9,1,30,3,4,3,3,14,21,11,4,18,24955.0,0.0,0.0,5.0,31963.333333333332,-1,-1,-1,-1,-1,3005.7894736842104,17749.8,-1,-1,-1,-1,-1,-1,-1,-1,337,426600,6.4600984759671745,2755878.0,74,4325090,0,0,-1,0.0,0,-1,-1,51971.597697944875
20230815093757000,6.47,6.46,6.46,6.46,6.46,6.46,6.46,6.46,6.46,6.46,6.46,6.47,6.48,6.49,6.5,6.51,6.52,6.53,6.54,6.55,88000,35700,66100,51400,29000,6800,12600,5500,20400,3100,6.46,6.45,6.44,6.43,6.42,6.41,6.4,6.39,6.38,6.37,22700,65700,62100,24700,45000,254700,104900,19500,34700,7200,5,2,11,13,3,51,10,4,9,1,30,3,4,3,3,15,21,11,4,18,24955.0,0.0,0.0,5.0,31963.333333333332,-1,-1,-1,-1,-1,3005.7894736842104,17749.8,-1,-1,-1,-1,-1,-1,-1,-1,337,426600,6.4600984759671745,2755878.0,74,4325090,0,0,-1,0.0,0,-1,-1,52206.07276565238
20230815093800000,6.46,6.47,6.47,6.47,6.47,6.47,6.47,6.47,6.47,6.47,6.46,6.47,6.48,6.49,6.5,6.51,6.52,6.53,6.54,6.55,87900,39400,66100,51400,29000,6800,12600,5500,20400,3100,6.46,6.45,6.44,6.43,6.42,6.41,6.4,6.39,6.38,6.37,28400,65700,62100,25200,45000,254700,104900,19500,34700,7200,5,2,11,13,3,52,10,4,9,1,30,3,4,3,3,15,21,11,4,18,24955.0,0.0,0.0,5.0,31963.333333333332,-1,-1,-1,-1,-1,3005.7894736842104,17749.8,-1,-1,-1,-1,-1,-1,-1,-1,338,426700,6.4600984759671745,2756525.0,74,4325090,1,100,6.4600984759671745,647.0,0,-1,-1,53086.99717221602
20230815093803000,6.47,6.47,6.47,6.47,6.47,6.47,6.47,6.47,6.47,6.47,6.46,6.47,6.48,6.49,6.5,6.51,6.52,6.53,6.54,6.55,82900,34400,66100,51400,29000,6800,12600,5500,20400,3100,6.46,6.45,6.44,6.43,6.42,6.41,6.4,6.39,6.38,6.37,30400,66100,62100,25200,45000,254700,104900,19500,34700,7200,5,2,11,13,3,52,10,4,9,1,30,3,4,3,3,15,21,11,4,18,24955.0,0.0,0.0,5.0,31963.333333333332,-1,-1,-1,-1,-1,3005.7894736842104,17749.8,-1,-1,-1,-1,-1,-1,-1,-1,339,431700,6.4600984759671745,2788875.0,74,4325090,1,5000,6.4600984759671745,32350.0,0,-1,-1,52120.97040783813
20230815093806000,6.47,6.47,6.47,6.47,6.47,6.47,6.47,6.47,6.47,6.47,6.46,6.47,6.48,6.49,6.5,6.51,6.52,6.53,6.54,6.55,82900,34400,66100,51400,29000,6800,12600,5500,20400,3100,6.46,6.45,6.44,6.43,6.42,6.41,6.4,6.39,6.38,6.37,30500,66100,62100,25200,45000,254700,104900,19500,34700,7200,5,2,11,13,3,52,10,4,9,1,30,3,4,3,3,15,21,11,4,18,24955.0,0.0,0.0,5.0,31963.333333333332,-1,-1,-1,-1,-1,3005.7894736842104,17749.8,-1,-1,-1,-1,-1,-1,-1,-1,339,431700,6.4600984759671745,2788875.0,74,4325090,0,0,-1,0.0,0,-1,-1,52148.57117253464
20230815093809000,6.47,6.47,6.47,6.47,6.47,6.47,6.47,6.47,6.47,6.47,6.46,6.47,6.48,6.49,6.5,6.51,6.52,6.53,6.54,6.55,81900,36500,66800,51400,29000,6800,12600,5500,20400,3100,6.46,6.45,6.44,6.43,6.42,6.41,6.4,6.39,6.38,6.37,30500,66100,62100,25200,45000,254700,104900,19500,34700,7200,5,2,11,13,3,52,10,4,9,1,30,3,4,3,3,15,21,11,4,18,24955.0,0.0,0.0,5.0,31963.333333333332,-1,-1,-1,-1,-1,3005.7894736842104,17749.8,-1,-1,-1,-1,-1,-1,-1,-1,342,432700,6.4602380402126185,2795345.0,75,4326070,3,1000,6.47,6470.0,1,980,980.0,52252.07404014656
20230815093812000,6.47,6.46,6.46,6.46,6.46,6.46,6.46,6.46,6.46,6.46,6.46,6.47,6.48,6.49,6.5,6.51,6.52,6.53,6.54,6.55,81900,37100,66800,51400,29000,6800,12600,5500,20400,3100,6.46,6.45,6.44,6.43,6.42,6.41,6.4,6.39,6.38,6.37,30200,66100,62100,25200,45000,254700,104900,19500,34700,7200,5,2,11,13,3,52,10,4,9,1,30,3,4,3,3,15,21,11,4,18,24280.54054054054,0.0,0.0,5.0,31963.333333333332,-1,-1,-1,-1,-1,3005.7894736842104,17749.8,-1,-1,-1,-1,-1,-1,-1,-1,343,433000,6.4602380402126185,2797283.0,75,4326070,1,300,6.4602380402126185,1938.0,0,-1,-1,52279.674804843075
20230815093815000,6.46,6.47,6.47,6.47,6.47,6.46,6.46,6.47,6.46,6.47,6.46,6.47,6.48,6.49,6.5,6.51,6.52,6.53,6.54,6.55,81800,37000,66800,51400,29000,6800,12600,5500,20400,3100,6.46,6.45,6.44,6.43,6.42,6.41,6.4,6.39,6.38,6.37,29900,66100,64200,25200,45000,254700,104900,19500,34700,7200,5,2,11,13,3,52,10,4,9,1,30,3,4,3,3,15,21,11,4,18,23641.57894736842,0.0,0.0,5.0,31963.333333333332,-1,-1,-1,-1,-1,3005.7894736842104,17749.8,-1,-1,-1,-1,-1,-1,-1,-1,345,433400,6.460239963082603,2799868.0,75,4326070,2,400,6.460239963082603,2585.0,0,-1,-1,48223.25155328978
20230815093818000,6.46,6.46,6.46,6.46,6.46,6.46,6.46,6.46,6.46,6.46,6.46,6.47,6.48,6.49,6.5,6.51,6.52,6.53,6.54,6.55,81800,37200,67900,51400,29000,6800,12600,5500,20400,3100,6.46,6.45,6.44,6.43,6.42,6.41,6.4,6.39,6.38,6.37,29400,67100,64200,25200,45000,254700,104900,19500,34700,7200,5,2,11,13,3,52,10,4,9,1,30,3,4,3,3,15,21,11,4,18,21911.70731707317,0.0,0.0,5.0,31963.333333333332,-1,-1,-1,-1,-1,3005.7894736842104,17749.8,-1,-1,-1,-1,-1,-1,-1,-1,348,434400,6.460239963082603,2806328.0,75,4326070,3,1000,6.460239963082603,6460.0,0,-1,-1,52471.500119483826
20230815093821000,6.46,6.46,6.46,6.46,6.46,6.46,6.46,6.46,6.46,6.46,6.46,6.47,6.48,6.49,6.5,6.51,6.52,6.53,6.54,6.55,81800,37800,68000,51400,29000,6800,12600,5500,20400,3100,6.46,6.45,6.44,6.43,6.42,6.41,6.4,6.39,6.38,6.37,29200,67100,68800,25200,45000,254700,105100,19500,34700,7200,6,2,11,13,3,52,10,4,9,1,30,3,4,3,3,15,21,11,4,18,21390.0,0.0,0.0,5.0,31963.333333333332,-1,-1,-1,-1,-1,3005.7894736842104,17749.8,-1,-1,-1,-1,-1,-1,-1,-1,349,434600,6.460239963082603,2807620.0,75,4326070,1,200,6.460239963082603,1292.0,0,-1,-1,52769.1283654612
20230815093824000,6.48,6.46,6.46,6.46,6.46,6.48,6.47,6.48,6.46,6.46,6.46,6.47,6.48,6.49,6.5,6.51,6.52,6.53,6.54,6.55,74400,32200,61300,51400,29000,6800,12600,5500,20400,3100,6.46,6.45,6.44,6.43,6.42,6.41,6.4,6.39,6.38,6.37,29100,67100,68800,25200,45000,254700,105100,19500,34700,7200,6,2,11,13,3,52,10,4,9,1,31,3,4,3,3,15,21,11,4,18,21390.0,286.1111111111111,0.0,5.0,31963.333333333332,-1,-1,-1,-1,-1,3005.7894736842104,17749.8,-1,-1,-1,-1,-1,-1,-1,-1,353,442000,6.460552036199095,2855564.0,77,4331220,4,7400,6.478918918918919,47944.0,2,5150,2575.0,44899.30400669109
20230815093827000,6.48,6.46,6.46,6.46,6.46,6.46,6.46,6.46,6.46,6.46,6.46,6.47,6.48,6.49,6.5,6.51,6.52,6.53,6.54,6.55,74400,32200,67600,51400,29000,6800,12600,5500,20400,3100,6.47,6.46,6.45,6.44,6.43,6.42,6.41,6.4,6.39,6.38,200,30100,67100,68800,25200,45000,254700,105100,19500,34700,6,2,11,13,3,52,10,4,9,1,31,3,4,3,3,15,21,11,4,18,21390.0,286.1111111111111,0.0,5.0,31963.333333333332,-1,-1,-1,-1,-1,934.4444444444445,3005.7894736842104,17749.8,-1,-1,-1,-1,-1,-1,-1,353,442000,6.460552036199095,2855564.0,77,4331220,0,0,-1,0.0,0,-1,-1,51294.02083001433
20230815093830000,6.46,6.47,6.47,6.47,6.47,6.47,6.47,6.47,6.47,6.47,6.46,6.47,6.48,6.49,6.5,6.51,6.52,6.53,6.54,6.55,73800,31600,67600,51400,29000,6800,12600,5500,20400,3100,6.47,6.46,6.45,6.44,6.43,6.42,6.41,6.4,6.39,6.38,100,32100,67100,68800,25200,45000,256300,105100,19500,34700,6,2,11,13,3,52,10,4,9,1,31,3,4,3,3,15,21,11,4,18,21390.0,286.1111111111111,0.0,5.0,31963.333333333332,-1,-1,-1,-1,-1,934.4444444444445,3005.7894736842104,17749.8,-1,-1,-1,-1,-1,-1,-1,354,442600,6.460552036199095,2859446.0,77,4331220,1,600,6.460552036199095,3882.0,0,-1,-1,47078.73984387445
20230815093833000,6.46,6.47,6.47,6.47,6.47,6.47,6.47,6.47,6.47,6.47,6.46,6.47,6.48,6.49,6.5,6.51,6.52,6.53,6.54,6.55,73800,31600,67600,51400,29000,6800,12600,5500,20400,3100,6.47,6.46,6.45,6.44,6.43,6.42,6.41,6.4,6.39,6.38,100,32100,66700,68800,25200,47000,256300,105100,19500,34700,6,2,11,13,3,52,10,4,9,1,31,3,4,3,3,15,21,11,4,18,21390.0,286.1111111111111,0.0,5.0,31963.333333333332,-1,-1,-1,-1,-1,934.4444444444445,3005.7894736842104,17749.8,-1,-1,-1,-1,-1,-1,-1,354,442600,6.460552036199095,2859446.0,77,4331220,0,0,-1,0.0,0,-1,-1,47105.72725824438
20230815093836000,6.46,6.47,6.47,6.47,6.47,6.47,6.47,6.47,6.47,6.47,6.46,6.47,6.48,6.49,6.5,6.51,6.52,6.53,6.54,6.55,73800,31600,67600,51400,29000,6800,12600,5500,20400,3100,6.47,6.46,6.45,6.44,6.43,6.42,6.41,6.4,6.39,6.38,200,32900,66700,68800,25200,47000,256300,105100,19500,34700,6,2,11,13,3,52,10,4,9,1,31,3,4,3,3,16,21,11,4,18,21390.0,286.1111111111111,0.0,5.0,31963.333333333332,-1,-1,-1,-1,-1,934.4444444444445,3005.7894736842104,17749.8,-1,-1,-1,-1,-1,-1,-1,354,442600,6.460552036199095,2859446.0,77,4331220,0,0,-1,0.0,0,-1,-1,47101.12713079496
20230815093839000,6.46,6.47,6.47,6.47,6.47,6.47,6.47,6.47,6.47,6.47,6.46,6.47,6.48,6.49,6.5,6.51,6.52,6.53,6.54,6.55,73800,31600,67600,51400,29000,6800,12600,5500,20400,3100,6.47,6.46,6.45,6.44,6.43,6.42,6.41,6.4,6.39,6.38,200,32900,66700,68800,25200,47000,256300,105100,19500,34700,6,2,11,13,3,52,10,4,9,1,31,3,4,3,3,16,21,11,4,18,21390.0,286.1111111111111,0.0,5.0,31963.333333333332,-1,-1,-1,-1,-1,934.4444444444445,3005.7894736842104,17749.8,-1,-1,-1,-1,-1,-1,-1,354,442600,6.460552036199095,2859446.0,77,4331220,0,0,-1,0.0,0,-1,-1,47101.12713079496
20230815093842000,6.47,6.48,6.48,6.48,6.48,6.48,6.48,6.48,6.48,6.48,6.46,6.47,6.48,6.49,6.5,6.51,6.52,6.53,6.54,6.55,68200,26000,62000,51400,29000,6800,12600,5500,20400,3100,6.47,6.46,6.45,6.44,6.43,6.42,6.41,6.4,6.39,6.38,600,27300,66700,68800,25200,47000,256300,105100,19500,34700,6,2,11,13,3,53,10,4,9,1,31,3,4,3,3,16,21,11,4,18,21390.0,286.1111111111111,0.0,5.0,31963.333333333332,-1,-1,-1,-1,-1,934.4444444444445,3005.7894736842104,17749.8,-1,-1,-1,-1,-1,-1,-1,355,448200,6.460807675145024,2895734.0,77,4331220,1,5600,6.460807675145024,36288.0,0,-1,-1,41839.455552015286
20230815093845000,6.47,6.48,6.48,6.48,6.48,6.48,6.48,6.48,6.48,6.48,6.46,6.47,6.48,6.49,6.5,6.51,6.52,6.53,6.54,6.55,68200,26000,61800,51400,29000,6800,12600,5500,20400,3100,6.47,6.46,6.45,6.44,6.43,6.42,6.41,6.4,6.39,6.38,3100,28300,66700,68800,25200,47000,256300,105100,19500,34700,6,2,11,13,3,53,10,4,9,1,31,3,4,3,3,16,21,11,4,18,21390.0,286.1111111111111,0.0,5.0,31963.333333333332,-1,-1,-1,-1,-1,934.4444444444445,3005.7894736842104,17749.8,-1,-1,-1,-1,-1,-1,-1,355,448200,6.460807675145024,2895734.0,77,4331220,0,0,-1,0.0,0,-1,-1,45431.28086665604
20230815093848000,6.48,6.48,6.48,6.48,6.48,6.48,6.48,6.48,6.48,6.48,6.46,6.47,6.48,6.49,6.5,6.51,6.52,6.53,6.54,6.55,60900,18700,54300,51400,29000,6800,12600,5500,20400,3100,6.47,6.46,6.45,6.44,6.43,6.42,6.41,6.4,6.39,6.38,5200,28300,67400,68800,23700,47000,256300,105100,19500,34700,6,2,11,13,3,53,10,4,9,1,31,3,4,3,3,16,21,11,4,18,21390.0,286.1111111111111,0.0,5.0,31963.333333333332,-1,-1,-1,-1,-1,934.4444444444445,3005.7894736842104,17749.8,-1,-1,-1,-1,-1,-1,-1,357,455500,6.4611028119507905,2943038.0,77,4331220,2,7300,6.4611028119507905,47304.0,0,-1,-1,43535.568344750674
20230815093851000,6.48,6.47,6.47,6.47,6.47,6.48,6.48,6.48,6.47,6.47,6.46,6.47,6.48,6.49,6.5,6.51,6.52,6.53,6.54,6.55,60600,18300,54000,51400,29000,6800,12600,5500,20400,3100,6.47,6.46,6.45,6.44,6.43,6.42,6.41,6.4,6.39,6.38,6200,29000,67400,68800,23700,47000,256300,105100,20500,34700,6,2,11,13,3,54,10,4,9,1,31,3,4,3,3,16,21,11,4,18,20892.558139534885,286.1111111111111,0.0,5.0,31963.333333333332,-1,-1,-1,-1,-1,934.4444444444445,3005.7894736842104,17749.8,-1,-1,-1,-1,-1,-1,-1,359,455900,6.4611028119507905,2945629.0,77,4331220,2,400,6.4611028119507905,2591.0,0,-1,-1,43450.91405129839
20230815093854000,6.47,6.48,6.48,6.48,6.48,6.48,6.48,6.48,6.48,6.48,6.46,6.47,6.48,6.49,6.5,6.51,6.52,6.53,6.54,6.55,59600,17300,53600,51400,29000,6800,12600,5500,20400,3100,6.47,6.46,6.45,6.44,6.43,6.42,6.41,6.4,6.39,6.38,6300,29000,67400,68800,23700,47000,256300,105100,20500,34700,6,2,11,13,3,54,10,4,9,1,31,3,4,3,3,16,21,11,4,18,20892.558139534885,286.1111111111111,0.0,5.0,31963.333333333332,-1,-1,-1,-1,-1,934.4444444444445,3005.7894736842104,17749.8,-1,-1,-1,-1,-1,-1,-1,360,456900,6.4611028119507905,2952109.0,77,4331220,1,1000,6.4611028119507905,6480.0,0,-1,-1,39802.2891110403
20230815093857000,6.48,6.47,6.47,6.47,6.47,6.47,6.47,6.47,6.47,6.47,6.46,6.47,6.48,6.49,6.5,6.51,6.52,6.53,6.54,6.55,58400,18500,53600,51400,29100,6800,12600,5500,20400,3100,6.47,6.46,6.45,6.44,6.43,6.42,6.41,6.4,6.39,6.38,5100,29000,67700,68800,23700,47000,256300,105100,20500,34700,6,2,11,13,3,55,10,4,9,1,31,3,4,3,3,16,21,11,4,18,20892.558139534885,271.05263157894734,0.0,5.0,31963.333333333332,-1,-1,-1,-1,-1,934.4444444444445,3005.7894736842104,17749.8,-1,-1,-1,-1,-1,-1,-1,361,458100,6.4611028119507905,2959873.0,77,4331220,1,1200,6.4611028119507905,7764.0,0,-1,-1,43145.46558865699
20230815093900000,6.47,6.47,6.47,6.47,6.47,6.47,6.47,6.47,6.47,6.47,6.46,6.47,6.48,6.49,6.5,6.51,6.52,6.53,6.54,6.55,57500,19900,51700,51400,29100,7000,12600,5500,20400,3100,6.47,6.46,6.45,6.44,6.43,6.42,6.41,6.4,6.39,6.38,5100,29300,67700,68800,23700,47000,256300,105200,20500,35600,6,2,11,13,3,55,10,4,9,1,32,3,4,3,3,16,21,11,4,19,20892.558139534885,271.05263157894734,0.0,5.0,31963.333333333332,-1,-1,-1,-1,-1,841.0,3005.7894736842104,17749.8,-1,-1,-1,-1,-1,-1,-1,363,459000,6.4611028119507905,2965696.0,77,4331220,2,900,6.4611028119507905,5823.0,0,-1,-1,42937.6055440497
20230815093903000,6.48,6.47,6.47,6.47,6.47,6.47,6.47,6.48,6.47,6.47,6.46,6.47,6.48,6.49,6.5,6.51,6.52,6.53,6.54,6.55,55900,19300,51400,51400,29100,7000,12600,5500,20400,3100,6.47,6.46,6.45,6.44,6.43,6.42,6.41,6.4,6.39,6.38,4000,31000,67700,78800,23700,47000,256300,105200,20500,35600,6,2,11,13,3,55,10,4,9,1,32,3,4,3,3,16,21,11,4,19,20892.558139534885,257.5,8861.578947368422,5.0,31963.333333333332,-1,-1,-1,-1,-1,841.0,3005.7894736842104,17749.8,-1,-1,-1,-1,-1,-1,-1,367,460600,6.461231505657093,2976052.0,78,4499590,4,1600,6.4725,10356.0,1,168370,168370.0,43137.7110880994
20230815093906000,6.47,6.47,6.47,6.47,6.47,6.47,6.47,6.47,6.47,6.47,6.46,6.47,6.48,6.49,6.5,6.51,6.52,6.53,6.54,6.55,55700,19300,51400,52400,29100,7000,12600,5500,20400,3100,6.47,6.46,6.45,6.44,6.43,6.42,6.41,6.4,6.39,6.38,4100,31000,67700,78800,23700,47000,256300,105200,20500,36100,6,2,11,13,3,55,10,4,9,1,32,3,4,3,3,16,21,11,4,20,20892.558139534885,245.23809523809524,8861.578947368422,5.0,31963.333333333332,-1,-1,-1,-1,-1,841.0,3005.7894736842104,17749.8,-1,-1,-1,-1,-1,-1,-1,368,460800,6.461231505657093,2977346.0,78,4499590,1,200,6.461231505657093,1294.0,0,-1,-1,43248.114146885455
20230815093909000,6.47,6.47,6.47,6.47,6.47,6.47,6.47,6.47,6.47,6.47,6.46,6.47,6.48,6.49,6.5,6.51,6.52,6.53,6.54,6.55,55700,19300,51500,52400,29100,7000,12600,5500,20400,3100,6.47,6.46,6.45,6.44,6.43,6.42,6.41,6.4,6.39,6.38,4700,31000,67700,78800,23700,47000,256300,105200,20500,36100,6,2,11,13,3,55,10,4,9,1,32,3,4,3,3,16,21,11,4,20,20892.558139534885,245.23809523809524,8861.578947368422,5.0,31963.333333333332,-1,-1,-1,-1,-1,841.0,3005.7894736842104,17749.8,-1,-1,-1,-1,-1,-1,-1,368,460800,6.461231505657093,2977346.0,78,4499590,0,0,-1,0.0,0,-1,-1,43310.2158674526
20230815093912000,6.47,6.48,6.48,6.48,6.48,6.47,6.47,6.48,6.47,6.48,6.46,6.47,6.48,6.49,6.5,6.51,6.52,6.53,6.54,6.55,54400,19200,51600,52400,29100,7000,12600,5500,20400,3100,6.47,6.46,6.45,6.44,6.43,6.42,6.41,6.4,6.39,6.38,3500,31000,67700,78800,26700,47000,257600,105200,20500,37200,6,2,11,13,3,55,10,4,9,1,32,3,4,3,3,16,21,11,4,21,20892.558139534885,234.0909090909091,8861.578947368422,5.0,31963.333333333332,-1,-1,-1,-1,-1,1349.090909090909,3005.7894736842104,17749.8,-1,-1,-1,-1,-1,-1,-1,372,462100,6.461271388347412,2985758.0,80,4512450,4,1300,6.470769230769231,8412.0,2,12860,6430.0,43256.76676756412
20230815093915000,6.47,6.48,6.48,6.48,6.48,6.48,6.48,6.48,6.48,6.48,6.46,6.47,6.48,6.49,6.5,6.51,6.52,6.53,6.54,6.55,54400,19200,51900,52400,29100,7000,12600,5500,20400,3100,6.47,6.46,6.45,6.44,6.43,6.42,6.41,6.4,6.39,6.38,4400,33700,67700,78800,26700,47000,257600,105200,20500,37200,6,2,11,13,3,55,10,4,9,1,32,3,4,3,3,16,21,11,4,21,20892.558139534885,234.0909090909091,8861.578947368422,5.0,31963.333333333332,-1,-1,-1,-1,-1,1349.090909090909,3005.7894736842104,17749.8,-1,-1,-1,-1,-1,-1,-1,372,462100,6.461271388347412,2985758.0,80,4512450,0,0,-1,0.0,0,-1,-1,43546.57479687749
20230815093918000,6.48,6.47,6.47,6.47,6.47,6.47,6.47,6.47,6.47,6.47,6.46,6.47,6.48,6.49,6.5,6.51,6.52,6.53,6.54,6.55,53200,19200,51900,52400,29100,7000,12600,5500,20400,3100,6.47,6.46,6.45,6.44,6.43,6.42,6.41,6.4,6.39,6.38,17100,33700,67700,78800,26700,47000,257600,105200,20500,37200,6,2,11,13,3,55,10,4,10,1,33,3,4,3,3,16,21,11,4,21,20892.558139534885,223.91304347826087,8861.578947368422,5.0,31963.333333333332,-1,-1,-1,-1,-1,1349.090909090909,3005.7894736842104,17749.8,-1,-1,-1,-1,-1,-1,-1,373,463300,6.461271388347412,2993522.0,80,4512450,1,1200,6.461271388347412,7764.0,0,-1,-1,44935.81328660187
20230815093921000,6.47,6.47,6.47,6.47,6.47,6.47,6.47,6.47,6.47,6.47,6.46,6.47,6.48,6.49,6.5,6.51,6.52,6.53,6.54,6.55,52500,19200,52100,52400,29100,7000,12600,5500,20400,3100,6.47,6.46,6.45,6.44,6.43,6.42,6.41,6.4,6.39,6.38,16500,35700,67700,78800,26700,48000,257600,105200,20500,37200,6,2,11,13,3,55,10,4,10,1,33,3,4,3,3,17,21,11,4,21,20892.558139534885,214.58333333333334,8861.578947368422,5.0,31963.333333333332,-1,-1,-1,-1,-1,1349.090909090909,3005.7894736842104,17749.8,-1,-1,-1,-1,-1,-1,-1,374,464000,6.461316810344828,2998051.0,80,4512450,1,700,6.461316810344828,4529.0,0,-1,-1,44809.309781742864
