Timestamp,ask1,bid1,VWAP
20230727093000000,6.77,7.0,6.78
20230727093000030,6.77,7.0,6.78
20230727093000040,6.77,6.78,6.78
20230727093000060,6.77,6.78,6.78
20230727093000220,6.77,6.78,6.78
20230727093000230,6.77,6.78,6.78
20230727093000240,6.77,6.78,6.7799514563106795
20230727093000250,6.77,6.78,6.7799514563106795
20230727093000260,6.77,6.78,6.7799514563106795
20230727093000270,6.77,6.78,6.7799514563106795
20230727093000280,6.77,6.78,6.7799514563106795
20230727093000300,6.77,6.78,6.779903381642512
20230727093000310,6.77,6.78,6.779955267278013
20230727093000320,6.77,6.78,6.779955267278013
20230727093000330,6.77,6.78,6.779955267278013
20230727093000340,6.77,6.78,6.779955267278013
20230727093000350,6.77,6.78,6.779955267278013
20230727093000360,6.77,6.78,6.779955267278013
20230727093000370,6.77,6.78,6.779955267278013
20230727093000380,6.77,6.78,6.779955267278013
20230727093000390,6.77,6.78,6.779955267278013
20230727093000400,6.77,6.78,6.779955267278013
20230727093000420,6.77,6.78,6.779955267278013
20230727093000790,6.77,6.78,6.779955267278013
20230727093000810,6.77,6.78,6.779955267278013
20230727093000820,6.77,6.78,6.779955267278013
20230727093000830,6.77,6.78,6.779960714987232
20230727093000850,6.77,6.78,6.779960714987232
20230727093000870,6.77,6.78,6.779960714987232
20230727093000930,6.77,6.78,6.779960714987232
20230727093000950,6.77,6.78,6.779960714987232
20230727093000970,6.77,6.78,6.779960714987232
20230727093000990,6.77,6.78,6.779960714987232
20230727093001000,6.77,6.78,6.779961471778077
20230727093001010,6.77,6.78,6.779961471778077
20230727093001020,6.77,6.78,6.779961471778077
20230727093001030,6.77,6.78,6.779961471778077
20230727093001060,6.77,6.78,6.779961471778077
20230727093001080,6.77,6.78,6.780112128574098
20230727093001090,6.77,6.78,6.780111919418019
20230727093001100,6.77,6.78,6.780111919418019
20230727093001110,6.77,6.78,6.7801117110407745
20230727093001120,6.77,6.78,6.780110885233783
20230727093001130,6.77,6.78,6.780109669164687
20230727093001140,6.77,6.78,6.780108675964499
20230727093001150,6.77,6.78,6.780106553010122
20230727093001180,6.77,6.78,6.780106553010122
20230727093001190,6.77,6.78,6.780106553010122
20230727093001200,6.77,6.78,6.780106553010122
20230727093001210,6.77,6.78,6.780106553010122
20230727093001230,6.77,6.78,6.780106553010122
20230727093001950,6.77,6.78,6.780106553010122
20230727093001960,6.77,6.78,6.780106553010122
20230727093001970,6.77,6.78,6.780106553010122
20230727093002020,6.77,6.78,6.780106553010122
20230727093002050,6.77,6.78,6.780327529736252
20230727093002070,6.77,6.78,6.780327529736252
20230727093002110,6.77,6.78,6.780320350699713
20230727093002120,6.77,6.78,6.780320350699713
20230727093002150,6.77,6.78,6.780320350699713
20230727093002160,6.77,6.78,6.780320350699713
20230727093002190,6.77,6.78,6.780320350699713
20230727093002200,6.77,6.78,6.780320350699713
20230727093002230,6.77,6.78,6.780320350699713
20230727093002240,6.77,6.78,6.780320350699713
20230727093002250,6.77,6.78,6.780320350699713
20230727093002280,6.77,6.78,6.780320350699713
20230727093002290,6.77,6.78,6.780320350699713
20230727093002300,6.77,6.78,6.780320350699713
20230727093002330,6.77,6.78,6.780320350699713
20230727093002360,6.77,6.78,6.780320350699713
20230727093002430,6.77,6.78,6.780320350699713
20230727093002440,6.77,6.78,6.780320350699713
20230727093002470,6.77,6.78,6.780320350699713
20230727093002530,6.77,6.78,6.780320350699713
20230727093002540,6.77,6.78,6.780320350699713
20230727093002550,6.77,6.78,6.780320350699713
20230727093002570,6.77,6.78,6.780320350699713
20230727093002600,6.77,6.78,6.780320350699713
20230727093002650,6.77,6.78,6.780320350699713
20230727093002710,6.77,6.78,6.780320350699713
20230727093003950,6.77,6.78,6.780320350699713
20230727093003970,6.77,6.78,6.780319811479549
20230727093003980,6.77,6.78,6.780319811479549
20230727093004000,6.77,6.78,6.780319811479549
20230727093004010,6.77,6.78,6.780319811479549
20230727093004030,6.77,6.78,6.7802949852507375
20230727093004060,6.77,6.78,6.7802949852507375
20230727093004080,6.77,6.78,6.7802949852507375
20230727093004100,6.77,6.78,6.7802949852507375
20230727093004140,6.77,6.78,6.780290076335878
20230727093004150,6.78,6.78,6.7802480093982505
20230727093004230,6.78,6.78,6.7802480093982505
20230727093004260,6.78,6.78,6.7802480093982505
20230727093004400,6.78,6.78,6.7802480093982505
20230727093004430,6.78,6.78,6.7802480093982505
20230727093004470,6.78,6.78,6.780246433203632
20230727093004480,6.78,6.78,6.780246433203632
20230727093004540,6.78,6.78,6.7802366127023665
20230727093004600,6.78,6.78,6.7802366127023665
20230727093004780,6.78,6.78,6.7802366127023665
20230727093004880,6.78,6.78,6.780234857849196
20230727093004950,6.78,6.78,6.780234857849196
20230727093004970,6.78,6.78,6.780234857849196
20230727093004990,6.78,6.78,6.780234857849196
20230727093007130,6.78,6.78,6.780222222222222
20230727093007140,6.78,6.78,6.780222222222222
20230727093007150,6.78,6.78,6.780222222222222
20230727093007400,6.78,6.78,6.780222222222222
20230727093007420,6.78,6.78,6.780222222222222
20230727093007430,6.78,6.78,6.780222222222222
20230727093007470,6.78,6.78,6.780222222222222
20230727093007770,6.78,6.78,6.780222222222222
20230727093008030,6.78,6.78,6.780222222222222
20230727093008120,6.78,6.78,6.780222222222222
20230727093008140,6.78,6.78,6.780222222222222
20230727093008150,6.78,6.78,6.780222222222222
20230727093008160,6.78,6.78,6.780212514757969
20230727093008180,6.78,6.78,6.780212514757969
20230727093008190,6.78,6.78,6.780212514757969
20230727093008200,6.78,6.78,6.780212514757969
20230727093008210,6.78,6.78,6.780212514757969
20230727093008230,6.78,6.78,6.780212514757969
20230727093008320,6.78,6.78,6.78021101992966
20230727093008380,6.78,6.78,6.78021101992966
20230727093008530,6.78,6.78,6.78021101992966
20230727093008620,6.78,6.78,6.78021101992966
20230727093008670,6.78,6.78,6.78021101992966
20230727093008740,6.78,6.78,6.78021101992966
20230727093008770,6.78,6.78,6.78021101992966
20230727093008780,6.78,6.78,6.78021101992966
20230727093008790,6.78,6.78,6.78021101992966
20230727093008880,6.78,6.78,6.78021101992966
20230727093008910,6.78,6.78,6.78021101992966
20230727093008930,6.78,6.78,6.78021101992966
20230727093009010,6.78,6.78,6.78021101992966
20230727093009050,6.78,6.78,6.78021101992966
20230727093009060,6.78,6.78,6.78021101992966
20230727093009070,6.78,6.78,6.78021101992966
20230727093009140,6.78,6.78,6.78021101992966
20230727093009220,6.78,6.78,6.78021101992966
20230727093009390,6.78,6.78,6.78021101992966
20230727093009410,6.78,6.78,6.78021101992966
20230727093009580,6.78,6.78,6.78021101992966
20230727093009720,6.78,6.78,6.78021101992966
20230727093013170,6.78,6.78,6.78021101992966
20230727093013270,6.78,6.78,6.78021101992966
20230727093013320,6.78,6.78,6.780185830429732
20230727093013490,6.78,6.78,6.780185830429732
20230727093013790,6.78,6.78,6.780185830429732
20230727093014260,6.78,6.78,6.780185830429732
20230727093014330,6.78,6.78,6.780182648401826
20230727093014340,6.78,6.78,6.780171037628278
20230727093014500,6.78,6.78,6.780171037628278
20230727093014700,6.78,6.78,6.780171037628278
20230727093014820,6.78,6.78,6.780170454545455
20230727093014880,6.78,6.78,6.780170454545455
20230727093014990,6.78,6.78,6.780170454545455
20230727093015470,6.78,6.78,6.780166666666666
20230727093015660,6.78,6.78,6.780166666666666
20230727093015920,6.78,6.78,6.780166666666666
20230727093015930,6.78,6.78,6.780166666666666
20230727093018730,6.78,6.78,6.780166666666666
20230727093019030,6.78,6.78,6.780166666666666
20230727093019070,6.78,6.78,6.780166666666666
20230727093019080,6.78,6.78,6.780236051502146
20230727093019170,6.78,6.78,6.780236051502146
20230727093019180,6.78,6.78,6.780236051502146
20230727093019590,6.78,6.78,6.780256959314775
20230727093021300,6.78,6.78,6.780256959314775
20230727093021710,6.78,6.78,6.780256959314775
20230727093022320,6.78,6.78,6.780256959314775
20230727093023770,6.78,6.78,6.780255591054313
20230727093024430,6.78,6.78,6.780255591054313
20230727093024530,6.78,6.78,6.780255591054313
20230727093024750,6.78,6.78,6.780255591054313
20230727093024810,6.78,6.78,6.780255591054313
20230727093024930,6.78,6.78,6.780647118301315
20230727093024990,6.78,6.78,6.780712851405623
20230727093027190,6.78,6.78,6.780712851405623
20230727093027370,6.78,6.78,6.780712851405623
20230727093027650,6.78,6.78,6.7808866995073895
20230727093027660,6.78,6.78,6.7808866995073895
20230727093027690,6.78,6.78,6.7808866995073895
20230727093027700,6.78,6.78,6.7808866995073895
20230727093029230,6.78,6.78,6.7808866995073895
20230727093029330,6.78,6.78,6.7808866995073895
20230727093029340,6.78,6.78,6.7808866995073895
20230727093029530,6.78,6.78,6.7808866995073895
20230727093032220,6.78,6.78,6.7808866995073895
20230727093032230,6.78,6.78,6.7808866995073895
20230727093032380,6.78,6.78,6.7808866995073895
20230727093032400,6.78,6.78,6.7808866995073895
20230727093032410,6.78,6.78,6.7808866995073895
20230727093032420,6.78,6.78,6.7808866995073895
20230727093033050,6.78,6.78,6.7808866995073895
20230727093033070,6.78,6.78,6.7808866995073895
20230727093034630,6.78,6.78,6.7808866995073895
20230727093034720,6.78,6.78,6.7808866995073895
20230727093034760,6.78,6.78,6.7808866995073895
20230727093034810,6.8,6.78,6.7808866995073895
20230727093034820,6.8,6.78,6.7808866995073895
20230727093034860,6.8,6.78,6.7808866995073895
20230727093034880,6.8,6.78,6.7808866995073895
20230727093034890,6.8,6.78,6.7808866995073895
20230727093034900,6.8,6.78,6.7808866995073895
20230727093034930,6.79,6.78,6.7808866995073895
20230727093034960,6.8,6.78,6.7808866995073895
20230727093035100,6.8,6.78,6.7808866995073895
20230727093035110,6.8,6.78,6.7808866995073895
20230727093035150,6.8,6.78,6.7808866995073895
20230727093035190,6.8,6.78,6.7808866995073895
20230727093035220,6.8,6.78,6.7808866995073895
20230727093035250,6.8,6.78,6.7808866995073895
20230727093035300,6.79,6.78,6.7808866995073895
20230727093035650,6.79,6.78,6.7808866995073895
20230727093035700,6.79,6.78,6.7808866995073895
20230727093035730,6.79,6.78,6.7808866995073895
20230727093035800,6.8,6.78,6.7808866995073895
20230727093035830,6.8,6.78,6.7808866995073895
20230727093037410,6.8,6.78,6.7808866995073895
20230727093037450,6.8,6.78,6.7808866995073895
20230727093037570,6.8,6.78,6.7808866995073895
20230727093037860,6.8,6.79,6.7808866995073895
20230727093038020,6.8,6.79,6.7808866995073895
20230727093038090,6.8,6.79,6.7808866995073895
20230727093038100,6.8,6.79,6.7808866995073895
20230727093038120,6.8,6.79,6.7808866995073895
20230727093040000,6.8,6.79,6.7808866995073895
20230727093040030,6.8,6.79,6.7808866995073895
20230727093040190,6.8,6.79,6.7808866995073895
20230727093040220,6.8,6.79,6.7808866995073895
20230727093040230,6.8,6.79,6.7808866995073895
20230727093040250,6.8,6.79,6.7808866995073895
20230727093040260,6.8,6.79,6.7808866995073895
20230727093040270,6.8,6.79,6.7808866995073895
20230727093040290,6.8,6.79,6.7808866995073895
20230727093040330,6.8,6.79,6.7808866995073895
20230727093040370,6.8,6.79,6.7808866995073895
20230727093040430,6.8,6.79,6.7808866995073895
20230727093040540,6.8,6.79,6.7808866995073895
20230727093040570,6.8,6.79,6.7808866995073895
20230727093040640,6.8,6.79,6.7808866995073895
20230727093040690,6.8,6.79,6.7808866995073895
20230727093040840,6.8,6.79,6.7808866995073895
20230727093040880,6.8,6.79,6.7808866995073895
20230727093040890,6.8,6.79,6.7808866995073895
20230727093041010,6.8,6.79,6.7834642857142855
20230727093041020,6.8,6.79,6.7834642857142855
20230727093041040,6.8,6.79,6.7834642857142855
20230727093041160,6.8,6.79,6.7834642857142855
20230727093043090,6.8,6.79,6.7834642857142855
20230727093043100,6.8,6.79,6.7834642857142855
20230727093043330,6.8,6.79,6.7834642857142855
20230727093043630,6.8,6.79,6.7834642857142855
20230727093045870,6.8,6.79,6.7834642857142855
20230727093046000,6.8,6.79,6.7834642857142855
20230727093046040,6.8,6.79,6.7834642857142855
20230727093046120,6.8,6.79,6.7834642857142855
20230727093048170,6.8,6.79,6.7834642857142855
20230727093048180,6.8,6.79,6.7834642857142855
20230727093048590,6.8,6.79,6.7834642857142855
20230727093048610,6.8,6.79,6.7834642857142855
20230727093048720,6.8,6.79,6.7834642857142855
20230727093048800,6.8,6.79,6.7834642857142855
20230727093049000,6.8,6.79,6.7834642857142855
20230727093049080,6.8,6.79,6.7834642857142855
20230727093050830,6.8,6.79,6.7834642857142855
20230727093051270,6.8,6.79,6.7834642857142855
20230727093051300,6.8,6.79,6.7834642857142855
20230727093052010,6.8,6.79,6.7834642857142855
20230727093053560,6.8,6.79,6.7834642857142855
20230727093053580,6.8,6.79,6.7834642857142855
20230727093053790,6.8,6.79,6.7834642857142855
20230727093053860,6.8,6.79,6.7834642857142855
20230727093053970,6.8,6.79,6.7834642857142855
20230727093054600,6.8,6.79,6.7834642857142855
20230727093054750,6.8,6.79,6.7834642857142855
20230727093056220,6.8,6.79,6.7834642857142855
20230727093056420,6.8,6.79,6.7834642857142855
20230727093056440,6.8,6.79,6.7834642857142855
20230727093056540,6.8,6.79,6.7834642857142855
20230727093056650,6.8,6.79,6.7834642857142855
20230727093056910,6.8,6.79,6.7834642857142855
20230727093057210,6.8,6.79,6.7834642857142855
20230727093059110,6.8,6.79,6.7834642857142855
20230727093059540,6.8,6.79,6.7834642857142855
20230727093059730,6.8,6.79,6.7834642857142855
20230727093059880,6.8,6.79,6.7834642857142855
20230727093059910,6.8,6.79,6.7834642857142855
20230727093059970,6.8,6.79,6.7834642857142855
20230727093100080,6.8,6.79,6.7834642857142855
20230727093101670,6.8,6.79,6.7834642857142855
20230727093101690,6.8,6.79,6.7834642857142855
20230727093101710,6.8,6.79,6.7834642857142855
20230727093101780,6.8,6.79,6.7834642857142855
20230727093102020,6.8,6.79,6.7834642857142855
20230727093102150,6.8,6.79,6.7834642857142855
20230727093102200,6.8,6.79,6.7834642857142855
20230727093102570,6.8,6.79,6.7834642857142855
20230727093102820,6.8,6.79,6.7834642857142855
20230727093104520,6.8,6.79,6.7834642857142855
20230727093105490,6.8,6.79,6.7834642857142855
20230727093107040,6.8,6.79,6.7834642857142855
20230727093107060,6.8,6.79,6.784664964901085
20230727093107100,6.79,6.79,6.784761904761905
20230727093107170,6.79,6.79,6.784788029925187
20230727093107250,6.79,6.79,6.784788029925187
20230727093107610,6.79,6.79,6.784788029925187
20230727093107700,6.79,6.79,6.784788029925187
20230727093107800,6.79,6.79,6.784788029925187
20230727093108010,6.79,6.79,6.784788029925187
20230727093108030,6.79,6.79,6.784788029925187
20230727093108180,6.79,6.79,6.784788029925187
20230727093109900,6.79,6.79,6.784788029925187
20230727093110060,6.79,6.79,6.784788029925187
20230727093110160,6.79,6.79,6.784788029925187
20230727093110300,6.79,6.79,6.784788029925187
20230727093110480,6.79,6.79,6.784788029925187
20230727093110650,6.79,6.79,6.784788029925187
20230727093112420,6.79,6.79,6.784788029925187
20230727093112480,6.79,6.79,6.784788029925187
20230727093112790,6.79,6.79,6.784788029925187
20230727093112950,6.79,6.79,6.784788029925187
20230727093113000,6.8,6.79,6.784788029925187
20230727093113020,6.8,6.79,6.784994019138756
20230727093113080,6.8,6.79,6.784994019138756
20230727093113090,6.8,6.79,6.784994019138756
20230727093113230,6.8,6.79,6.784994019138756
20230727093113250,6.8,6.79,6.784994019138756
20230727093113280,6.8,6.79,6.784994019138756
20230727093113580,6.8,6.79,6.784994019138756
20230727093115170,6.8,6.79,6.784994019138756
20230727093115260,6.8,6.79,6.784994019138756
20230727093115350,6.8,6.79,6.784994019138756
20230727093115410,6.8,6.79,6.784994019138756
20230727093115720,6.8,6.79,6.784994019138756
20230727093115860,6.8,6.79,6.784994019138756
20230727093115920,6.8,6.79,6.784994019138756
20230727093116100,6.8,6.79,6.786358695652174
20230727093117960,6.8,6.79,6.786358695652174
20230727093118400,6.8,6.79,6.786358695652174
20230727093118630,6.8,6.79,6.786358695652174
20230727093118880,6.8,6.79,6.786358695652174
20230727093119030,6.8,6.8,6.786358695652174
20230727093119040,6.8,6.8,6.786358695652174
20230727093121060,6.8,6.8,6.786358695652174
20230727093121280,6.8,6.8,6.786358695652174
20230727093121290,6.8,6.8,6.786358695652174
20230727093121320,6.8,6.8,6.786358695652174
20230727093121640,6.8,6.8,6.786358695652174
20230727093123740,6.8,6.8,6.786358695652174
20230727093123940,6.8,6.8,6.786615138592751
20230727093124010,6.8,6.8,6.786615138592751
20230727093124240,6.8,6.8,6.786615138592751
20230727093124250,6.8,6.8,6.786615138592751
20230727093124290,6.8,6.8,6.786615138592751
20230727093124300,6.8,6.8,6.786615138592751
20230727093124390,6.8,6.8,6.786615138592751
20230727093125910,6.8,6.8,6.786720041322314
20230727093125960,6.8,6.8,6.786720041322314
20230727093126130,6.8,6.8,6.786720041322314
20230727093126260,6.8,6.8,6.786720041322314
20230727093126270,6.8,6.8,6.786720041322314
20230727093126280,6.8,6.8,6.786720041322314
20230727093126290,6.8,6.8,6.786720041322314
20230727093126540,6.8,6.8,6.786720041322314
20230727093126620,6.8,6.8,6.786720041322314
20230727093128870,6.8,6.8,6.786720041322314
20230727093128900,6.8,6.8,6.786720041322314
20230727093129060,6.8,6.8,6.786720041322314
20230727093129360,6.8,6.8,6.786720041322314
20230727093129600,6.8,6.8,6.786720041322314
20230727093129690,6.8,6.8,6.786975683890578
20230727093129700,6.8,6.8,6.786995447647952
20230727093131500,6.81,6.8,6.790388785046729
20230727093131510,6.81,6.8,6.790388785046729
20230727093131520,6.81,6.8,6.790388785046729
20230727093131780,6.81,6.8,6.790388785046729
20230727093131990,6.81,6.8,6.790899433427762
20230727093132140,6.81,6.8,6.790899433427762
20230727093132150,6.81,6.8,6.790899433427762
20230727093132300,6.81,6.8,6.790899433427762
20230727093132310,6.81,6.8,6.790899433427762
20230727093132360,6.81,6.8,6.790899433427762
20230727093132380,6.81,6.8,6.790899433427762
20230727093132390,6.81,6.8,6.79107167710508
20230727093132520,6.81,6.8,6.79107167710508
20230727093134040,6.81,6.8,6.79107167710508
20230727093134060,6.81,6.8,6.79107167710508
20230727093134090,6.81,6.8,6.79107167710508
20230727093134120,6.81,6.8,6.79107167710508
20230727093134140,6.81,6.8,6.79107167710508
20230727093134160,6.81,6.8,6.79107167710508
20230727093134190,6.81,6.8,6.79107167710508
20230727093134220,6.81,6.8,6.79107167710508
20230727093134270,6.81,6.8,6.79107167710508
20230727093134460,6.81,6.8,6.791145617667357
20230727093134480,6.81,6.8,6.791145617667357
20230727093134490,6.81,6.8,6.791145617667357
20230727093134700,6.81,6.8,6.791145617667357
20230727093134790,6.81,6.8,6.791145617667357
20230727093134800,6.81,6.8,6.7911681598897315
20230727093134840,6.81,6.8,6.791347062795409
20230727093134860,6.81,6.8,6.791347062795409
20230727093134870,6.81,6.8,6.791347062795409
20230727093134880,6.81,6.8,6.791347062795409
20230727093134890,6.81,6.8,6.791347062795409
20230727093134940,6.81,6.8,6.791347062795409
20230727093135070,6.81,6.8,6.791347062795409
20230727093135090,6.81,6.8,6.791347062795409
20230727093135140,6.81,6.8,6.791347062795409
20230727093135150,6.81,6.8,6.791347062795409
20230727093135200,6.81,6.8,6.791347062795409
20230727093135220,6.81,6.8,6.791347062795409
20230727093135230,6.81,6.8,6.791347062795409
20230727093136980,6.81,6.8,6.791347062795409
20230727093137040,6.81,6.8,6.791347062795409
20230727093137090,6.81,6.8,6.791347062795409
20230727093137100,6.81,6.8,6.791347062795409
20230727093137130,6.81,6.8,6.7913558178752105
20230727093137140,6.81,6.8,6.7913558178752105
20230727093137310,6.81,6.8,6.7913558178752105
20230727093137540,6.81,6.8,6.7913558178752105
20230727093137610,6.81,6.8,6.7913558178752105
20230727093137700,6.81,6.8,6.7913558178752105
20230727093137710,6.81,6.8,6.7913558178752105
20230727093139880,6.81,6.8,6.7913558178752105
20230727093140020,6.81,6.8,6.7913558178752105
20230727093140030,6.81,6.8,6.7913558178752105
20230727093140290,6.81,6.8,6.7913558178752105
20230727093140490,6.81,6.8,6.791451019725844
20230727093142250,6.81,6.8,6.791451019725844
20230727093142490,6.81,6.8,6.791535915259848
20230727093142580,6.81,6.8,6.791535915259848
20230727093142610,6.81,6.8,6.791535915259848
20230727093142620,6.81,6.8,6.791535915259848
20230727093142630,6.81,6.8,6.791535915259848
20230727093142640,6.81,6.8,6.791535915259848
20230727093142660,6.81,6.8,6.791535915259848
20230727093142680,6.81,6.8,6.791535915259848
20230727093142690,6.81,6.8,6.791535915259848
20230727093142700,6.81,6.8,6.791535915259848
20230727093142870,6.81,6.8,6.791883728483274
20230727093143090,6.81,6.8,6.791883728483274
20230727093144920,6.81,6.8,6.791883728483274
20230727093144980,6.81,6.8,6.791883728483274
20230727093145030,6.81,6.8,6.791883728483274
20230727093145040,6.81,6.8,6.791883728483274
20230727093145320,6.81,6.8,6.791883728483274
20230727093145330,6.81,6.8,6.791913099870298
20230727093145340,6.81,6.8,6.791913099870298
20230727093145720,6.81,6.8,6.791913099870298
20230727093145780,6.81,6.8,6.791913099870298
20230727093147500,6.81,6.8,6.792211118051218
20230727093147580,6.81,6.8,6.792211118051218
20230727093148270,6.81,6.8,6.792211118051218
20230727093148280,6.81,6.8,6.79223331253899
20230727093148320,6.81,6.8,6.79241975308642
20230727093148660,6.81,6.8,6.792425177414378
20230727093148700,6.81,6.8,6.792425177414378
20230727093148740,6.81,6.8,6.792425177414378
20230727093150370,6.81,6.8,6.792425177414378
20230727093150630,6.81,6.8,6.792425177414378
20230727093150770,6.81,6.8,6.792425177414378
20230727093150800,6.81,6.8,6.792430598396052
20230727093151250,6.81,6.8,6.792591687041565
20230727093152930,6.81,6.8,6.792591687041565
20230727093152940,6.81,6.8,6.792597005805072
20230727093153000,6.81,6.8,6.792597005805072
20230727093153370,6.81,6.8,6.792597005805072
20230727093153440,6.81,6.8,6.7930274135876045
20230727093153580,6.81,6.8,6.793513748191027
20230727093154090,6.81,6.8,6.793551833670228
20230727093154120,6.81,6.8,6.793556581986143
20230727093154140,6.81,6.8,6.793556581986143
20230727093155680,6.81,6.8,6.793556581986143
20230727093155880,6.81,6.8,6.793556581986143
20230727093156170,6.81,6.8,6.793556581986143
20230727093156180,6.81,6.8,6.793744292237443
20230727093156310,6.81,6.8,6.793744292237443
20230727093156390,6.81,6.8,6.793744292237443
20230727093156460,6.81,6.8,6.793744292237443
20230727093156680,6.81,6.8,6.793744292237443
20230727093156700,6.81,6.81,6.794177777777778
20230727093156790,6.81,6.81,6.794177777777778
20230727093158280,6.81,6.81,6.794282560706402
20230727093158310,6.81,6.8,6.794592913172843
20230727093158320,6.81,6.8,6.794592913172843
20230727093158340,6.81,6.8,6.794592913172843
20230727093158350,6.81,6.8,6.794592913172843
20230727093159030,6.81,6.8,6.794592913172843
20230727093159260,6.81,6.8,6.794592913172843
20230727093159340,6.81,6.8,6.794592913172843
20230727093201100,6.81,6.8,6.794592913172843
20230727093201140,6.81,6.8,6.794592913172843
20230727093201150,6.81,6.8,6.794592913172843
20230727093201210,6.81,6.8,6.794592913172843
20230727093201220,6.81,6.8,6.794592913172843
20230727093201230,6.81,6.8,6.794592913172843
20230727093201380,6.81,6.8,6.794770053475935
20230727093201430,6.81,6.8,6.794770053475935
20230727093201500,6.81,6.8,6.794770053475935
20230727093201540,6.81,6.8,6.794770053475935
20230727093201840,6.81,6.8,6.794770053475935
20230727093202190,6.81,6.8,6.794774124565624
20230727093202210,6.81,6.8,6.795162088591932
20230727093203690,6.81,6.8,6.795191405285256
20230727093204070,6.81,6.8,6.795191405285256
20230727093204080,6.81,6.8,6.795191405285256
20230727093204120,6.81,6.8,6.795191405285256
20230727093204160,6.81,6.8,6.795191405285256
20230727093204250,6.81,6.8,6.795191405285256
20230727093204540,6.81,6.8,6.795191405285256
20230727093204680,6.81,6.8,6.795191405285256
20230727093204800,6.81,6.8,6.795191405285256
20230727093206460,6.81,6.8,6.795191405285256
20230727093206650,6.81,6.8,6.795191405285256
20230727093206710,6.81,6.8,6.795191405285256
20230727093207020,6.81,6.8,6.795191405285256
20230727093207500,6.81,6.8,6.795191405285256
20230727093209320,6.81,6.8,6.795198716366329
20230727093209370,6.81,6.8,6.795198716366329
20230727093209410,6.81,6.8,6.795198716366329
20230727093209430,6.81,6.8,6.795198716366329
20230727093209530,6.81,6.8,6.795198716366329
20230727093209710,6.81,6.8,6.795198716366329
20230727093209740,6.81,6.8,6.795198716366329
20230727093209750,6.81,6.8,6.795198716366329
20230727093209770,6.81,6.8,6.795198716366329
20230727093209790,6.81,6.8,6.795198716366329
20230727093209900,6.81,6.8,6.795198716366329
20230727093209930,6.81,6.8,6.795198716366329
20230727093210080,6.81,6.8,6.795198716366329
20230727093210200,6.81,6.8,6.795198716366329
20230727093211960,6.81,6.8,6.795679484117507
20230727093212250,6.81,6.8,6.795679484117507
20230727093212540,6.81,6.8,6.796130002313208
20230727093212550,6.81,6.8,6.796149226149226
20230727093212570,6.81,6.8,6.796149226149226
20230727093212600,6.81,6.8,6.796149226149226
20230727093212680,6.81,6.8,6.796149226149226
20230727093212700,6.81,6.8,6.796149226149226
20230727093212800,6.81,6.8,6.796149226149226
20230727093212820,6.81,6.8,6.796149226149226
20230727093212940,6.81,6.8,6.796149226149226
20230727093215150,6.81,6.8,6.796165205353023
20230727093215200,6.81,6.8,6.796165205353023
20230727093215250,6.81,6.8,6.796165205353023
20230727093215280,6.81,6.8,6.796334362593736
20230727093215380,6.81,6.8,6.796334362593736
20230727093215420,6.81,6.8,6.796379424049242
20230727093215460,6.81,6.8,6.796379424049242
20230727093215680,6.81,6.8,6.796379424049242
20230727093217600,6.81,6.8,6.796379424049242
20230727093217630,6.81,6.8,6.796384193194292
20230727093219890,6.81,6.8,6.796424983620878
20230727093220180,6.81,6.8,6.796424983620878
20230727093220280,6.81,6.8,6.796424983620878
20230727093220500,6.81,6.8,6.796424983620878
20230727093220560,6.81,6.8,6.796424983620878
20230727093220720,6.81,6.8,6.796424983620878
20230727093220750,6.81,6.8,6.796424983620878
20230727093220850,6.81,6.8,6.796448659254414
20230727093220860,6.81,6.8,6.796454565264764
20230727093220870,6.81,6.8,6.796466361854996
20230727093220880,6.81,6.8,6.796472252448313
20230727093221030,6.81,6.8,6.796478137916032
20230727093221060,6.81,6.8,6.796478137916032
20230727093221070,6.81,6.8,6.796478137916032
20230727093222710,6.81,6.8,6.796478137916032
20230727093222910,6.81,6.8,6.796530877573131
20230727093222970,6.81,6.8,6.796530877573131
20230727093223050,6.81,6.8,6.796530877573131
20230727093223150,6.81,6.8,6.796530877573131
20230727093223340,6.81,6.8,6.796530877573131
20230727093223410,6.81,6.8,6.796530877573131
20230727093223460,6.81,6.8,6.796530877573131
20230727093223470,6.81,6.8,6.796530877573131
20230727093223480,6.81,6.8,6.796530877573131
20230727093223720,6.81,6.8,6.796530877573131
20230727093223750,6.81,6.8,6.796530877573131
20230727093225530,6.81,6.8,6.796530877573131
20230727093225550,6.81,6.8,6.796530877573131
20230727093225720,6.81,6.8,6.796530877573131
20230727093225800,6.81,6.8,6.796530877573131
20230727093226180,6.81,6.8,6.796530877573131
20230727093226250,6.81,6.8,6.796530877573131
20230727093228230,6.81,6.8,6.796530877573131
20230727093228280,6.81,6.8,6.796530877573131
20230727093228500,6.81,6.8,6.7965948275862065
20230727093228510,6.81,6.8,6.796603489123411
20230727093228520,6.81,6.8,6.796626531928617
20230727093228570,6.81,6.8,6.796626531928617
20230727093228860,6.81,6.81,6.796626531928617
20230727093228880,6.81,6.81,6.796655224200816
20230727093229030,6.81,6.81,6.796655224200816
20230727093230710,6.81,6.81,6.796655224200816
20230727093230730,6.81,6.81,6.796655224200816
20230727093230800,6.81,6.81,6.796655224200816
20230727093231010,6.81,6.81,6.796655224200816
20230727093231090,6.81,6.81,6.796760323541933
20230727093231100,6.81,6.81,6.79676314109385
20230727093231220,6.81,6.81,6.79676314109385
20230727093231410,6.81,6.81,6.79676314109385
20230727093231510,6.81,6.81,6.796774399319583
20230727093231520,6.81,6.81,6.796774399319583
20230727093231760,6.81,6.81,6.796774399319583
20230727093231790,6.81,6.81,6.796914177534708
20230727093233930,6.81,6.81,6.796914177534708
20230727093234120,6.81,6.81,6.796941645675902
20230727093234140,6.81,6.81,6.796941645675902
20230727093234170,6.81,6.81,6.796941645675902
20230727093234420,6.81,6.81,6.796941645675902
20230727093236090,6.81,6.81,6.796947125472094
20230727093236100,6.81,6.81,6.796960804862712
20230727093236110,6.81,6.81,6.796963537300922
20230727093236160,6.81,6.81,6.79709336099585
20230727093236170,6.81,6.81,6.7971387223485635
20230727093236320,6.81,6.81,6.797144038024385
20230727093236450,6.81,6.81,6.797144038024385
20230727093236830,6.81,6.81,6.797144038024385
20230727093236950,6.81,6.81,6.797144038024385
20230727093237030,6.81,6.81,6.7971520033044195
20230727093237080,6.81,6.81,6.7971573080099095
20230727093237090,6.81,6.81,6.797383897789495
20230727093237120,6.81,6.81,6.797389012771133
20230727093237140,6.81,6.81,6.79739412360689
20230727093237240,6.81,6.81,6.79739412360689
20230727093237300,6.81,6.8,6.79739412360689
20230727093237330,6.81,6.8,6.79739412360689
20230727093238920,6.81,6.8,6.79739412360689
20230727093239330,6.81,6.8,6.79739412360689
20230727093239340,6.81,6.8,6.79739412360689
20230727093239600,6.81,6.8,6.79739412360689
20230727093239740,6.81,6.8,6.79739412360689
20230727093239860,6.81,6.8,6.79739412360689
20230727093239930,6.81,6.8,6.79739412360689
20230727093241630,6.81,6.8,6.79739412360689
20230727093242570,6.81,6.8,6.79739412360689
20230727093242580,6.81,6.8,6.79739412360689
20230727093242720,6.81,6.8,6.79739412360689
20230727093244620,6.81,6.8,6.79739412360689
20230727093245320,6.81,6.8,6.797466135458167
20230727093245430,6.81,6.8,6.797466135458167
20230727093247160,6.81,6.8,6.797471127041019
20230727093247180,6.81,6.8,6.797578536585366
20230727093247210,6.81,6.8,6.797722275795564
20230727093247870,6.81,6.8,6.797722275795564
20230727093247920,6.81,6.8,6.797722275795564
20230727093248090,6.81,6.8,6.797722275795564
20230727093248110,6.81,6.8,6.797722275795564
20230727093250020,6.81,6.8,6.797841864018334
20230727093250030,6.81,6.8,6.7978465063001146
20230727093250070,6.81,6.8,6.7978465063001146
20230727093250100,6.81,6.8,6.797851145038168
20230727093250150,6.81,6.8,6.797851145038168
20230727093252550,6.81,6.8,6.797851145038168
20230727093252790,6.81,6.8,6.797851145038168
20230727093253040,6.81,6.79,6.7981741527485005
20230727093253060,6.81,6.79,6.798205291679949
20230727093253290,6.81,6.79,6.798205291679949
20230727093253470,6.81,6.79,6.798205291679949
20230727093255050,6.81,6.79,6.798205291679949
20230727093255100,6.81,6.79,6.798205291679949
20230727093255120,6.81,6.79,6.798205291679949
20230727093255270,6.81,6.79,6.7984258246052836
20230727093255290,6.81,6.79,6.7984258246052836
20230727093255300,6.81,6.79,6.7984258246052836
20230727093255310,6.81,6.79,6.7984258246052836
20230727093255320,6.81,6.79,6.7984258246052836
20230727093255340,6.81,6.79,6.7984258246052836
20230727093255350,6.81,6.79,6.7984258246052836
20230727093255490,6.81,6.79,6.7984258246052836
20230727093255520,6.81,6.8,6.7984258246052836
20230727093255710,6.81,6.8,6.7984258246052836
20230727093256170,6.81,6.8,6.7984258246052836
20230727093257700,6.81,6.8,6.7984258246052836
20230727093257710,6.81,6.8,6.7984258246052836
20230727093258090,6.8,6.8,6.7984258246052836
20230727093258100,6.8,6.8,6.7984258246052836
20230727093258130,6.8,6.8,6.7984258246052836
20230727093258140,6.8,6.8,6.7984258246052836
20230727093258170,6.8,6.8,6.7984258246052836
20230727093258200,6.8,6.8,6.7984258246052836
20230727093258360,6.8,6.8,6.7984258246052836
20230727093258540,6.8,6.8,6.7984258246052836
20230727093258580,6.8,6.8,6.7984258246052836
20230727093300390,6.8,6.8,6.7984258246052836
20230727093300410,6.8,6.8,6.7984258246052836
20230727093300620,6.8,6.8,6.7984258246052836
20230727093300740,6.8,6.8,6.7984258246052836
20230727093300780,6.8,6.8,6.7984258246052836
20230727093300820,6.8,6.8,6.7984258246052836
20230727093300980,6.8,6.8,6.7984258246052836
20230727093301040,6.8,6.8,6.7984258246052836
20230727093301160,6.8,6.8,6.7984258246052836
20230727093301270,6.8,6.8,6.7984258246052836
20230727093301310,6.81,6.79,6.7984258246052836
20230727093301320,6.81,6.79,6.7984258246052836
20230727093301400,6.81,6.79,6.7984258246052836
20230727093301470,6.81,6.79,6.7984258246052836
20230727093303090,6.8,6.79,6.7984258246052836
20230727093303410,6.8,6.79,6.7984258246052836
20230727093303750,6.81,6.79,6.7984258246052836
20230727093303850,6.81,6.79,6.7984258246052836
20230727093303940,6.81,6.79,6.7984258246052836
20230727093304100,6.8,6.79,6.7984258246052836
20230727093304230,6.8,6.79,6.7984258246052836
20230727093305990,6.8,6.79,6.7984258246052836
20230727093306300,6.81,6.79,6.7984258246052836
20230727093306360,6.81,6.79,6.7984258246052836
20230727093306380,6.81,6.79,6.7984258246052836
20230727093306490,6.81,6.79,6.7984258246052836
20230727093306500,6.8,6.79,6.7984258246052836
20230727093306730,6.8,6.79,6.7984258246052836
20230727093306970,6.8,6.79,6.7984258246052836
20230727093308710,6.8,6.79,6.7984258246052836
20230727093308800,6.8,6.79,6.7984258246052836
20230727093308820,6.8,6.79,6.7984258246052836
20230727093309320,6.8,6.79,6.7984258246052836
20230727093309440,6.8,6.79,6.7984258246052836
20230727093309550,6.8,6.79,6.7984258246052836
20230727093311180,6.8,6.79,6.7984258246052836
20230727093311870,6.8,6.79,6.7984258246052836
20230727093311880,6.8,6.79,6.7984258246052836
20230727093312280,6.8,6.79,6.7984258246052836
20230727093312350,6.8,6.79,6.7984258246052836
20230727093313910,6.8,6.79,6.7984258246052836
20230727093313990,6.8,6.79,6.7984258246052836
20230727093314080,6.8,6.79,6.7984258246052836
20230727093314120,6.8,6.79,6.7984258246052836
20230727093314200,6.8,6.79,6.7984258246052836
20230727093314920,6.8,6.79,6.7984258246052836
20230727093314960,6.8,6.79,6.7984258246052836
20230727093317000,6.8,6.79,6.7984258246052836
20230727093317080,6.8,6.79,6.7984258246052836
20230727093317450,6.8,6.79,6.7984258246052836
20230727093317490,6.8,6.79,6.7984258246052836
20230727093317640,6.8,6.79,6.7984258246052836
20230727093317700,6.8,6.79,6.7984258246052836
20230727093319730,6.8,6.79,6.7984258246052836
20230727093319740,6.8,6.79,6.7984258246052836
20230727093319800,6.8,6.79,6.7984258246052836
20230727093319900,6.8,6.79,6.7984258246052836
20230727093320160,6.8,6.79,6.798498583569405
20230727093320170,6.8,6.79,6.798498583569405
20230727093320340,6.8,6.79,6.798498583569405
20230727093322100,6.8,6.79,6.798498583569405
20230727093322280,6.8,6.79,6.798498583569405
20230727093322330,6.8,6.79,6.798498583569405
20230727093322690,6.8,6.79,6.798498583569405
20230727093322900,6.8,6.79,6.798498583569405
20230727093323090,6.8,6.79,6.798498583569405
20230727093324750,6.8,6.79,6.798498583569405
20230727093324910,6.8,6.79,6.798498583569405
20230727093325190,6.8,6.79,6.798498583569405
20230727093325200,6.8,6.79,6.7984992548435175
20230727093325250,6.8,6.79,6.7984992548435175
20230727093325270,6.8,6.79,6.7984992548435175
20230727093325530,6.8,6.79,6.7984992548435175
20230727093325560,6.8,6.79,6.7984992548435175
20230727093325600,6.8,6.79,6.7984992548435175
20230727093325620,6.8,6.79,6.7984992548435175
20230727093325660,6.8,6.79,6.7984992548435175
20230727093325850,6.8,6.79,6.7984992548435175
20230727093325860,6.8,6.79,6.7984992548435175
20230727093325900,6.8,6.79,6.7984992548435175
20230727093325920,6.8,6.79,6.7984992548435175
20230727093325930,6.8,6.79,6.7984992548435175
20230727093327370,6.8,6.79,6.7984992548435175
20230727093327410,6.8,6.79,6.7984992548435175
20230727093327440,6.8,6.79,6.798500372300819
20230727093327450,6.8,6.79,6.798500595592615
20230727093328020,6.8,6.79,6.798500818817924
20230727093330130,6.8,6.79,6.798500818817924
20230727093330240,6.8,6.79,6.798500818817924
20230727093330470,6.8,6.79,6.798500818817924
20230727093330540,6.8,6.79,6.797928353235212
20230727093330550,6.8,6.79,6.797928353235212
20230727093330670,6.8,6.79,6.797928353235212
20230727093330690,6.8,6.79,6.797928353235212
20230727093330730,6.8,6.79,6.7979201101928375
20230727093330810,6.8,6.79,6.7979201101928375
20230727093330820,6.8,6.79,6.7979201101928375
20230727093330890,6.8,6.79,6.7979201101928375
20230727093330920,6.8,6.79,6.7979201101928375
20230727093331080,6.8,6.79,6.797916838771857
20230727093332790,6.8,6.79,6.797916838771857
20230727093332920,6.8,6.79,6.797916838771857
20230727093333000,6.8,6.79,6.797917985413513
20230727093333040,6.8,6.79,6.797917985413513
20230727093333480,6.8,6.79,6.797917985413513
20230727093333570,6.8,6.79,6.797919416941694
20230727093333800,6.8,6.79,6.797919703011137
20230727093334020,6.8,6.79,6.797919703011137
20230727093336180,6.8,6.79,6.797919703011137
20230727093336650,6.8,6.79,6.797919703011137
20230727093338410,6.8,6.79,6.797919703011137
20230727093338420,6.8,6.79,6.797919703011137
20230727093338870,6.8,6.79,6.797919703011137
20230727093339120,6.8,6.79,6.797919703011137
20230727093339250,6.8,6.79,6.797919703011137
20230727093340970,6.8,6.79,6.797919703011137
20230727093341080,6.8,6.79,6.797919703011137
20230727093341380,6.8,6.79,6.797919703011137
20230727093341950,6.8,6.79,6.797919703011137
20230727093343790,6.8,6.79,6.797919703011137
20230727093343820,6.8,6.79,6.797919703011137
20230727093343890,6.8,6.79,6.797919703011137
20230727093344510,6.8,6.79,6.79796313736042
20230727093344520,6.8,6.79,6.79796313736042
20230727093344790,6.8,6.79,6.79796313736042
20230727093346480,6.8,6.79,6.79796313736042
20230727093346590,6.8,6.79,6.79796313736042
20230727093346610,6.8,6.79,6.79796313736042
20230727093346660,6.8,6.79,6.79796313736042
20230727093347150,6.8,6.79,6.797965053763441
20230727093347460,6.8,6.79,6.797965053763441
20230727093349210,6.8,6.79,6.797967785234899
20230727093349320,6.8,6.79,6.797967785234899
20230727093349380,6.8,6.79,6.797967785234899
20230727093349890,6.8,6.79,6.797967785234899
20230727093349960,6.8,6.79,6.797967785234899
20230727093350070,6.8,6.79,6.797967785234899
20230727093350160,6.8,6.79,6.797967785234899
20230727093351800,6.8,6.79,6.797967785234899
20230727093351810,6.8,6.79,6.797967785234899
20230727093351820,6.8,6.79,6.797967785234899
20230727093351870,6.8,6.79,6.797967785234899
20230727093352120,6.8,6.79,6.797967785234899
20230727093352210,6.8,6.79,6.797967785234899
20230727093352480,6.8,6.79,6.797967785234899
20230727093352660,6.8,6.79,6.797967785234899
20230727093352740,6.8,6.79,6.797967785234899
20230727093352760,6.8,6.79,6.797967785234899
20230727093352800,6.8,6.79,6.797967785234899
20230727093354410,6.8,6.79,6.797967785234899
20230727093354630,6.8,6.79,6.797967785234899
20230727093355080,6.8,6.79,6.797967785234899
20230727093355140,6.8,6.79,6.797967785234899
20230727093355490,6.8,6.79,6.797967785234899
20230727093355500,6.8,6.79,6.797967785234899
20230727093357830,6.8,6.79,6.797975935828877
20230727093357840,6.8,6.79,6.797978098290598
20230727093357860,6.8,6.79,6.797978098290598
20230727093357890,6.8,6.79,6.797984021304927
20230727093359960,6.8,6.79,6.797984021304927
20230727093400030,6.8,6.79,6.797984021304927
20230727093400130,6.8,6.79,6.797984021304927
20230727093400200,6.8,6.79,6.797984021304927
20230727093400250,6.8,6.79,6.797984021304927
20230727093400340,6.8,6.79,6.797984021304927
20230727093400420,6.8,6.79,6.797984021304927
20230727093400480,6.8,6.79,6.797984021304927
20230727093400860,6.8,6.79,6.797984021304927
20230727093400890,6.8,6.79,6.797984021304927
20230727093401000,6.8,6.79,6.797984021304927
20230727093402920,6.8,6.79,6.797984021304927
20230727093403190,6.8,6.79,6.797984021304927
20230727093403410,6.8,6.79,6.798007617546625
20230727093405620,6.8,6.79,6.798007617546625
20230727093406160,6.8,6.79,6.798007617546625
20230727093406170,6.8,6.79,6.798007617546625
20230727093406180,6.8,6.79,6.798007617546625
20230727093406240,6.8,6.79,6.798007617546625
20230727093408110,6.8,6.79,6.798007617546625
20230727093408260,6.8,6.79,6.798007617546625
20230727093408590,6.8,6.79,6.798007617546625
20230727093408600,6.8,6.79,6.798007617546625
20230727093408830,6.8,6.79,6.798007617546625
20230727093408910,6.8,6.79,6.798007617546625
20230727093409070,6.8,6.79,6.798007617546625
20230727093410660,6.8,6.79,6.798007617546625
20230727093410750,6.8,6.79,6.798007617546625
20230727093410880,6.8,6.79,6.798007617546625
20230727093411050,6.8,6.79,6.798007617546625
20230727093411070,6.8,6.79,6.798007617546625
20230727093411360,6.8,6.79,6.798007617546625
20230727093411790,6.8,6.79,6.797841689997455
20230727093413540,6.8,6.79,6.797841689997455
20230727093413710,6.8,6.79,6.797841689997455
20230727093413790,6.8,6.79,6.797841689997455
20230727093416170,6.8,6.79,6.797841689997455
20230727093416400,6.8,6.79,6.797841689997455
20230727093416410,6.8,6.79,6.797841689997455
20230727093416490,6.8,6.79,6.797793373798685
20230727093416500,6.8,6.79,6.797793652800607
20230727093416520,6.8,6.79,6.797793931731984
20230727093416740,6.8,6.79,6.797793931731984
20230727093416800,6.8,6.79,6.797793931731984
20230727093416950,6.8,6.79,6.797793931731984
20230727093418670,6.8,6.79,6.797793931731984
20230727093418840,6.8,6.79,6.797793931731984
20230727093418970,6.8,6.79,6.797793931731984
20230727093419500,6.8,6.79,6.797793931731984
20230727093421800,6.8,6.79,6.797793225480283
20230727093421860,6.8,6.79,6.797793225480283
20230727093422100,6.8,6.79,6.797793225480283
20230727093422400,6.8,6.79,6.797793225480283
20230727093424630,6.8,6.79,6.797793225480283
20230727093424690,6.8,6.79,6.797793225480283
20230727093424990,6.8,6.79,6.797793225480283
20230727093425020,6.8,6.79,6.797793225480283
20230727093425120,6.8,6.79,6.797793225480283
20230727093425170,6.8,6.79,6.797793225480283
20230727093427230,6.8,6.79,6.797793225480283
20230727093427600,6.8,6.79,6.797788303650373
20230727093427800,6.8,6.79,6.797788303650373
20230727093427890,6.8,6.79,6.797788303650373
20230727093427950,6.8,6.79,6.797788303650373
20230727093429460,6.8,6.79,6.797788303650373
20230727093429730,6.8,6.79,6.797788303650373
20230727093430040,6.8,6.79,6.797788303650373
20230727093430310,6.8,6.79,6.797788303650373
20230727093430560,6.8,6.79,6.797788303650373
20230727093430680,6.8,6.79,6.797788303650373
20230727093432910,6.8,6.79,6.797788303650373
20230727093432940,6.8,6.79,6.797788303650373
20230727093433400,6.8,6.79,6.797765743073048
20230727093435200,6.8,6.79,6.797765743073048
20230727093435550,6.8,6.79,6.797765743073048
20230727093436020,6.8,6.79,6.797765743073048
20230727093436060,6.8,6.79,6.797765743073048
20230727093437650,6.8,6.79,6.797765743073048
20230727093437790,6.8,6.79,6.797750125691302
20230727093437870,6.8,6.79,6.797750125691302
20230727093438480,6.8,6.79,6.797750125691302
20230727093438790,6.8,6.79,6.797750125691302
20230727093440530,6.8,6.79,6.797750125691302
20230727093440760,6.8,6.79,6.797750125691302
20230727093443140,6.8,6.79,6.797750125691302
20230727093443370,6.8,6.79,6.797750125691302
20230727093445650,6.8,6.79,6.797750125691302
20230727093445670,6.8,6.79,6.797750125691302
20230727093445830,6.8,6.79,6.797750125691302
20230727093445880,6.8,6.79,6.797750125691302
20230727093446070,6.8,6.79,6.797750125691302
20230727093446080,6.8,6.79,6.797750125691302
20230727093446170,6.8,6.79,6.797750125691302
20230727093446640,6.8,6.79,6.797750125691302
20230727093446850,6.8,6.79,6.797750125691302
20230727093446860,6.8,6.79,6.797745541321276
20230727093448360,6.8,6.79,6.797745541321276
20230727093448370,6.8,6.79,6.797745541321276
20230727093448820,6.8,6.79,6.797745541321276
20230727093448960,6.8,6.79,6.797745541321276
20230727093451140,6.8,6.79,6.797745541321276
20230727093451200,6.8,6.79,6.797745541321276
20230727093451770,6.8,6.79,6.79775147187774
20230727093452070,6.8,6.79,6.79775147187774
20230727093452280,6.8,6.79,6.797751753507014
20230727093454100,6.8,6.79,6.797751753507014
20230727093454360,6.8,6.79,6.797751753507014
20230727093454630,6.8,6.79,6.797751753507014
20230727093454710,6.8,6.79,6.797751753507014
20230727093454900,6.8,6.79,6.797751753507014
20230727093455000,6.8,6.79,6.797751753507014
20230727093456730,6.8,6.79,6.797751753507014
20230727093456780,6.8,6.79,6.797749123685528
20230727093457250,6.8,6.79,6.797749123685528
20230727093500150,6.8,6.79,6.797749123685528
20230727093500260,6.8,6.79,6.7977502502502505
20230727093500290,6.8,6.79,6.7977502502502505
20230727093500310,6.8,6.79,6.7977502502502505
20230727093502100,6.8,6.79,6.7977502502502505
20230727093502210,6.79,6.78,6.797415299892254
20230727093502220,6.79,6.78,6.797402007648183
20230727093502230,6.79,6.78,6.79737556561086
20230727093502290,6.79,6.78,6.797321513002364
20230727093502400,6.79,6.78,6.7973189176414985
20230727093502550,6.79,6.78,6.7973189176414985
20230727093502560,6.79,6.78,6.7973189176414985
20230727093502780,6.79,6.78,6.7973189176414985
20230727093502790,6.79,6.78,6.7973189176414985
20230727093502970,6.79,6.78,6.7973189176414985
20230727093503100,6.79,6.78,6.797311142587347
20230727093503110,6.79,6.78,6.797311142587347
20230727093504690,6.79,6.78,6.797311142587347
20230727093505030,6.79,6.78,6.797311142587347
20230727093505040,6.79,6.78,6.797311142587347
20230727093505060,6.79,6.78,6.797311142587347
20230727093505070,6.79,6.78,6.797311142587347
20230727093505090,6.79,6.78,6.797311142587347
20230727093505100,6.79,6.78,6.797311142587347
20230727093505110,6.79,6.78,6.797311142587347
20230727093505120,6.79,6.78,6.797311142587347
20230727093505190,6.79,6.78,6.797311142587347
20230727093505270,6.79,6.78,6.797311142587347
20230727093505500,6.79,6.78,6.797311142587347
20230727093505540,6.79,6.78,6.797311142587347
20230727093505690,6.79,6.78,6.797311142587347
20230727093507350,6.79,6.78,6.797284487827826
20230727093507360,6.79,6.78,6.797280206864128
20230727093507460,6.79,6.78,6.797279351275121
20230727093507630,6.79,6.78,6.797279351275121
20230727093507750,6.79,6.78,6.797245851834541
20230727093507980,6.79,6.78,6.797245851834541
20230727093508160,6.79,6.78,6.797245851834541
20230727093508420,6.79,6.78,6.797245851834541
20230727093508510,6.79,6.78,6.797245851834541
20230727093509950,6.79,6.78,6.797245851834541
20230727093509970,6.79,6.78,6.797245851834541
20230727093510080,6.79,6.78,6.797245851834541
20230727093510110,6.8,6.79,6.797245851834541
20230727093510220,6.79,6.79,6.797245851834541
20230727093510230,6.79,6.79,6.797183375781431
20230727093510270,6.79,6.78,6.797039375502239
20230727093510310,6.79,6.78,6.797039375502239
20230727093510320,6.79,6.78,6.797039375502239
20230727093510890,6.79,6.78,6.797039375502239
20230727093510910,6.79,6.78,6.797002398081535
20230727093510930,6.79,6.78,6.797002398081535
20230727093511060,6.79,6.78,6.797002398081535
20230727093512940,6.79,6.78,6.796997603560425
20230727093513020,6.79,6.78,6.796996805111821
20230727093513090,6.79,6.78,6.796993613138686
20230727093513120,6.79,6.78,6.796991221069433
20230727093513320,6.79,6.78,6.796991221069433
20230727093513520,6.79,6.78,6.796991221069433
20230727093513580,6.79,6.78,6.796991221069433
20230727093513640,6.79,6.78,6.796991221069433
20230727093513860,6.79,6.78,6.796990424076608
20230727093516000,6.79,6.78,6.796990424076608
20230727093516100,6.79,6.78,6.796987237921605
20230727093516110,6.79,6.78,6.796985645933014
20230727093516140,6.79,6.78,6.796985645933014
20230727093516320,6.79,6.78,6.796985645933014
20230727093516520,6.79,6.78,6.796985645933014
20230727093518210,6.79,6.78,6.79698485021073
20230727093518330,6.79,6.78,6.79698485021073
20230727093518450,6.8,6.78,6.796947654656696
20230727093518610,6.79,6.78,6.796947654656696
20230727093518880,6.79,6.78,6.796947654656696
20230727093520780,6.79,6.78,6.796947654656696
20230727093521180,6.79,6.78,6.796947654656696
20230727093521200,6.79,6.78,6.796947654656696
20230727093521430,6.79,6.78,6.796930995475113
20230727093521680,6.79,6.78,6.796930995475113
20230727093521700,6.79,6.78,6.796930995475113
20230727093521750,6.79,6.78,6.796930995475113
20230727093521930,6.79,6.78,6.796930995475113
20230727093521970,6.79,6.78,6.796930995475113
20230727093523500,6.79,6.78,6.796930995475113
20230727093523940,6.79,6.78,6.796930995475113
20230727093524240,6.79,6.78,6.796930995475113
20230727093524350,6.79,6.78,6.796930995475113
20230727093524630,6.79,6.78,6.796930995475113
20230727093526310,6.79,6.78,6.796930995475113
20230727093526630,6.79,6.78,6.796930995475113
20230727093526740,6.79,6.78,6.796930995475113
20230727093527340,6.79,6.78,6.796930995475113
20230727093529070,6.79,6.78,6.796930995475113
20230727093529490,6.79,6.78,6.796930995475113
20230727093529540,6.79,6.78,6.796930995475113
20230727093529900,6.79,6.78,6.796930995475113
20230727093531620,6.79,6.78,6.796930995475113
20230727093531960,6.79,6.78,6.796930995475113
20230727093532000,6.79,6.78,6.796930995475113
20230727093534310,6.79,6.78,6.796930995475113
20230727093534520,6.79,6.78,6.796930995475113
20230727093535370,6.79,6.78,6.796930995475113
20230727093537510,6.79,6.78,6.796919254658385
20230727093537640,6.79,6.78,6.796919254658385
20230727093537810,6.79,6.78,6.796919254658385
20230727093537870,6.79,6.78,6.796919254658385
20230727093539690,6.79,6.78,6.796919254658385
20230727093540090,6.79,6.78,6.796919254658385
20230727093540120,6.79,6.78,6.796919254658385
20230727093540130,6.79,6.78,6.796919254658385
20230727093540410,6.79,6.78,6.796919254658385
20230727093540440,6.79,6.78,6.796919254658385
20230727093540560,6.79,6.78,6.7969184733514005
20230727093542360,6.79,6.78,6.7969184733514005
20230727093542400,6.79,6.78,6.7969184733514005
20230727093542730,6.79,6.78,6.7969184733514005
20230727093542820,6.79,6.78,6.7969184733514005
20230727093543090,6.8,6.78,6.7969184733514005
20230727093543130,6.8,6.78,6.7969184733514005
20230727093543140,6.8,6.78,6.796806265274383
20230727093543270,6.8,6.78,6.796803997779012
20230727093543280,6.8,6.78,6.796803997779012
20230727093543440,6.8,6.78,6.796803997779012
20230727093543520,6.8,6.78,6.796803997779012
20230727093545110,6.8,6.78,6.796803997779012
20230727093545270,6.8,6.78,6.796776905209601
20230727093545280,6.8,6.78,6.796770165745857
20230727093545590,6.8,6.78,6.796761200617965
20230727093546060,6.8,6.79,6.796725576289791
20230727093546070,6.8,6.79,6.796725576289791
20230727093546080,6.8,6.79,6.796725576289791
20230727093546090,6.8,6.79,6.796725576289791
20230727093546100,6.8,6.79,6.796725576289791
20230727093546110,6.8,6.79,6.796725576289791
20230727093546140,6.8,6.79,6.796725576289791
20230727093546260,6.8,6.79,6.796725576289791
20230727093547830,6.8,6.79,6.796725576289791
20230727093547840,6.8,6.79,6.796725576289791
20230727093548380,6.8,6.79,6.7967218869994515
20230727093548630,6.8,6.79,6.7967218869994515
20230727093550500,6.8,6.78,6.796548038901357
20230727093550570,6.8,6.78,6.796548038901357
20230727093550610,6.79,6.78,6.796272982237457
20230727093550620,6.79,6.78,6.796271028037383
20230727093550630,6.79,6.78,6.796271028037383
20230727093550660,6.79,6.78,6.796271028037383
20230727093550720,6.79,6.78,6.796271028037383
20230727093550730,6.8,6.79,6.796259850684363
20230727093551050,6.8,6.79,6.796259850684363
20230727093551120,6.8,6.79,6.796259850684363
20230727093551550,6.8,6.79,6.796259850684363
20230727093551570,6.8,6.79,6.796259850684363
20230727093551700,6.8,6.79,6.796259850684363
20230727093553480,6.8,6.79,6.796259850684363
20230727093553760,6.8,6.79,6.796259850684363
20230727093553940,6.8,6.79,6.796259850684363
20230727093554040,6.8,6.79,6.796259850684363
20230727093554110,6.8,6.79,6.796259850684363
20230727093554170,6.8,6.79,6.796259850684363
20230727093554180,6.79,6.79,6.796242374108158
20230727093554190,6.79,6.79,6.796241083428098
20230727093554210,6.79,6.79,6.796241083428098
20230727093554220,6.79,6.79,6.796241083428098
20230727093554240,6.79,6.79,6.796241083428098
20230727093556270,6.79,6.79,6.796239793281654
20230727093556740,6.79,6.79,6.796239793281654
20230727093556750,6.79,6.79,6.796239793281654
20230727093557030,6.79,6.79,6.796239793281654
20230727093557040,6.79,6.79,6.796239793281654
20230727093558640,6.79,6.79,6.796239793281654
20230727093558840,6.79,6.79,6.796239793281654
20230727093559180,6.79,6.79,6.796239793281654
20230727093559400,6.79,6.79,6.796237859061789
20230727093559520,6.79,6.79,6.796237859061789
20230727093559580,6.79,6.79,6.796237859061789
20230727093601260,6.79,6.78,6.796150162999185
20230727093601280,6.79,6.78,6.796150162999185
20230727093601430,6.79,6.78,6.796150162999185
20230727093601710,6.79,6.78,6.796150162999185
20230727093602150,6.79,6.78,6.796150162999185
20230727093602360,6.79,6.78,6.796150162999185
20230727093604020,6.79,6.78,6.796150162999185
20230727093604080,6.79,6.78,6.796150162999185
20230727093604100,6.79,6.78,6.796150162999185
20230727093604310,6.79,6.78,6.796150162999185
20230727093604340,6.79,6.78,6.796097858085473
20230727093604390,6.79,6.78,6.796097858085473
20230727093604500,6.79,6.78,6.796097858085473
20230727093604510,6.79,6.78,6.796097858085473
20230727093605050,6.79,6.78,6.796097858085473
20230727093607010,6.79,6.78,6.796097858085473
20230727093607150,6.79,6.78,6.796097858085473
20230727093607200,6.79,6.78,6.796097858085473
20230727093607320,6.79,6.78,6.796097858085473
20230727093607590,6.79,6.78,6.796097858085473
20230727093609910,6.79,6.78,6.796097858085473
20230727093609950,6.79,6.78,6.796097858085473
20230727093610170,6.79,6.78,6.795320258912183
20230727093610230,6.79,6.78,6.795318778979907
20230727093610350,6.79,6.78,6.795289653184744
20230727093612570,6.79,6.78,6.7952720468285195
20230727093613130,6.79,6.78,6.7952720468285195
20230727093613150,6.79,6.78,6.7952720468285195
20230727093613210,6.79,6.78,6.795259124437207
20230727093615190,6.79,6.78,6.795259124437207
20230727093615340,6.79,6.78,6.795259124437207
20230727093615630,6.79,6.78,6.795259124437207
20230727093615860,6.79,6.78,6.795244053873341
20230727093617480,6.79,6.78,6.795244053873341
20230727093617860,6.79,6.78,6.795244053873341
20230727093617890,6.79,6.78,6.795244053873341
20230727093617960,6.79,6.78,6.795244053873341
20230727093618140,6.79,6.78,6.795244053873341
20230727093618280,6.79,6.78,6.795244053873341
20230727093618370,6.79,6.78,6.795244053873341
20230727093618470,6.79,6.78,6.795244053873341
20230727093618650,6.79,6.78,6.795244053873341
20230727093620420,6.79,6.78,6.795244053873341
20230727093620460,6.79,6.78,6.795244053873341
20230727093620880,6.79,6.78,6.795244053873341
20230727093621250,6.79,6.78,6.795244053873341
20230727093623190,6.79,6.78,6.795244053873341
20230727093623270,6.79,6.78,6.795244053873341
20230727093623650,6.79,6.78,6.795244053873341
20230727093623710,6.79,6.78,6.795244053873341
20230727093623820,6.79,6.78,6.795244053873341
20230727093623970,6.79,6.78,6.795244053873341
20230727093625680,6.79,6.78,6.795244053873341
20230727093625810,6.79,6.78,6.795244053873341
20230727093625820,6.79,6.78,6.795244053873341
20230727093626000,6.79,6.78,6.795244053873341
20230727093626260,6.79,6.78,6.795244053873341
20230727093628350,6.79,6.78,6.795244053873341
20230727093628560,6.79,6.78,6.795244053873341
20230727093628810,6.79,6.78,6.795244053873341
20230727093629460,6.79,6.78,6.795244053873341
20230727093631570,6.79,6.78,6.795244053873341
20230727093631650,6.79,6.78,6.795244053873341
20230727093631800,6.79,6.78,6.795244053873341
20230727093632060,6.79,6.78,6.795244053873341
20230727093633860,6.79,6.78,6.795244053873341
20230727093633890,6.79,6.78,6.795244053873341
20230727093634020,6.79,6.78,6.795244053873341
20230727093634050,6.79,6.78,6.795244053873341
20230727093634140,6.79,6.78,6.795244053873341
20230727093634170,6.79,6.78,6.795244053873341
20230727093634470,6.79,6.78,6.795244053873341
20230727093636460,6.79,6.78,6.795244053873341
20230727093636620,6.79,6.78,6.795244053873341
20230727093636930,6.79,6.78,6.795244053873341
20230727093636940,6.79,6.78,6.795169137210186
20230727093639150,6.79,6.78,6.795169137210186
20230727093639310,6.79,6.78,6.795169137210186
20230727093639330,6.79,6.78,6.795169137210186
20230727093639340,6.79,6.78,6.795169137210186
20230727093640170,6.79,6.78,6.795169137210186
20230727093640200,6.79,6.78,6.795169137210186
20230727093640310,6.79,6.78,6.795169137210186
20230727093641740,6.79,6.78,6.795169137210186
20230727093642190,6.79,6.78,6.795136057646724
20230727093642220,6.79,6.78,6.795136057646724
20230727093644490,6.79,6.78,6.795136057646724
20230727093644540,6.79,6.78,6.795136057646724
20230727093644790,6.79,6.78,6.795136057646724
20230727093644880,6.79,6.78,6.795136057646724
20230727093645430,6.79,6.78,6.795136057646724
20230727093645530,6.79,6.78,6.795136057646724
20230727093645540,6.79,6.78,6.795136057646724
20230727093647230,6.79,6.78,6.795136057646724
20230727093647590,6.79,6.78,6.795136057646724
20230727093647680,6.79,6.78,6.795136057646724
20230727093647790,6.79,6.78,6.795136057646724
20230727093647920,6.79,6.78,6.7951200605029305
20230727093648120,6.79,6.78,6.7951200605029305
20230727093648270,6.79,6.78,6.7951200605029305
20230727093650130,6.79,6.78,6.7951200605029305
20230727093650140,6.79,6.78,6.7951200605029305
20230727093650200,6.79,6.78,6.7951200605029305
20230727093650250,6.79,6.78,6.7951200605029305
20230727093650260,6.79,6.78,6.7951200605029305
20230727093650760,6.79,6.78,6.795060229625447
20230727093652680,6.79,6.78,6.795060229625447
20230727093652820,6.79,6.78,6.795060229625447
20230727093652850,6.79,6.78,6.795060229625447
20230727093653150,6.79,6.78,6.795060229625447
20230727093653200,6.79,6.78,6.795060229625447
20230727093655550,6.79,6.78,6.795060229625447
20230727093655600,6.79,6.78,6.795060229625447
20230727093655610,6.79,6.78,6.795060229625447
20230727093655650,6.79,6.78,6.795060229625447
20230727093655790,6.79,6.78,6.795017262293553
20230727093655880,6.79,6.78,6.795017262293553
20230727093656010,6.79,6.78,6.795017262293553
20230727093656020,6.79,6.78,6.794907365154696
20230727093656030,6.79,6.78,6.794904232032105
20230727093656040,6.79,6.78,6.794904232032105
20230727093656050,6.8,6.78,6.794904232032105
20230727093656060,6.8,6.79,6.794894856622667
20230727093656070,6.8,6.79,6.794894856622667
20230727093656100,6.8,6.79,6.794894856622667
20230727093656390,6.8,6.79,6.794886849041171
20230727093658080,6.8,6.79,6.794886849041171
20230727093658100,6.8,6.79,6.794886849041171
20230727093658130,6.79,6.79,6.794886849041171
20230727093658170,6.79,6.78,6.79478527607362
20230727093658210,6.79,6.78,6.79478527607362
20230727093658250,6.79,6.78,6.79478527607362
20230727093658620,6.79,6.78,6.79478527607362
20230727093658640,6.79,6.78,6.79478527607362
20230727093658690,6.79,6.78,6.79478527607362
20230727093659140,6.79,6.78,6.79478527607362
20230727093659150,6.79,6.78,6.794633449415127
20230727093659170,6.79,6.78,6.794633449415127
20230727093659190,6.79,6.78,6.794633449415127
20230727093700990,6.8,6.78,6.794633436259374
20230727093701030,6.8,6.78,6.794633436259374
20230727093701100,6.8,6.78,6.794633436259374
20230727093701160,6.8,6.79,6.794633436259374
20230727093701170,6.79,6.78,6.794632618858604
20230727093701230,6.79,6.78,6.794632618858604
20230727093701270,6.79,6.78,6.79463057661788
20230727093701280,6.79,6.78,6.79463057661788
20230727093701330,6.79,6.78,6.79463057661788
20230727093701440,6.79,6.78,6.79463057661788
20230727093701450,6.79,6.78,6.79463057661788
20230727093701550,6.79,6.78,6.79463057661788
20230727093701560,6.79,6.78,6.79463057661788
20230727093701600,6.79,6.78,6.79463057661788
20230727093701630,6.79,6.78,6.79463057661788
20230727093701710,6.79,6.78,6.79463057661788
20230727093703510,6.79,6.78,6.794625682578827
20230727093703680,6.79,6.78,6.794625682578827
20230727093703880,6.79,6.78,6.794625682578827
20230727093704030,6.79,6.78,6.794625682578827
20230727093704090,6.79,6.78,6.794625682578827
20230727093704580,6.79,6.78,6.794625682578827
20230727093706400,6.79,6.78,6.794625682578827
20230727093706560,6.79,6.78,6.794625682578827
20230727093706940,6.79,6.78,6.794625682578827
20230727093706980,6.79,6.78,6.794625682578827
20230727093707100,6.79,6.78,6.794625682578827
20230727093707120,6.79,6.78,6.794625682578827
20230727093707140,6.79,6.78,6.794625682578827
20230727093708770,6.79,6.78,6.794621819142379
20230727093708970,6.79,6.78,6.794621819142379
20230727093709050,6.79,6.78,6.794621819142379
20230727093709310,6.79,6.78,6.794621819142379
20230727093709810,6.79,6.78,6.794621819142379
20230727093710010,6.79,6.78,6.794621819142379
20230727093711580,6.79,6.78,6.794621819142379
20230727093711990,6.79,6.78,6.794621819142379
20230727093712570,6.79,6.78,6.794621819142379
20230727093712600,6.79,6.78,6.794621819142379
20230727093712680,6.79,6.78,6.794621819142379
20230727093714280,6.79,6.78,6.794621819142379
20230727093715160,6.79,6.78,6.794621819142379
20230727093715180,6.79,6.78,6.794621819142379
20230727093717990,6.79,6.78,6.794621819142379
20230727093720110,6.79,6.78,6.794621819142379
20230727093720450,6.79,6.78,6.794621819142379
20230727093720610,6.79,6.78,6.794621819142379
20230727093722600,6.79,6.78,6.794621819142379
20230727093722680,6.79,6.78,6.794621819142379
20230727093722790,6.79,6.78,6.794621819142379
20230727093722910,6.79,6.78,6.794621819142379
20230727093723210,6.79,6.78,6.794596724756984
20230727093723280,6.79,6.78,6.794596724756984
20230727093725030,6.79,6.78,6.794596724756984
20230727093725100,6.79,6.78,6.794596724756984
20230727093725130,6.79,6.78,6.794596724756984
20230727093725860,6.79,6.78,6.794596724756984
20230727093727640,6.79,6.78,6.794596724756984
20230727093727760,6.79,6.78,6.794596724756984
20230727093727810,6.79,6.78,6.794596724756984
20230727093728130,6.79,6.78,6.794596724756984
20230727093728790,6.79,6.78,6.794596724756984
20230727093730360,6.79,6.78,6.794596724756984
20230727093731090,6.79,6.78,6.794596724756984
20230727093731450,6.79,6.78,6.794596724756984
20230727093733910,6.79,6.78,6.794596724756984
20230727093733920,6.79,6.78,6.794596724756984
20230727093734000,6.79,6.78,6.794596724756984
20230727093734050,6.79,6.78,6.794596724756984
20230727093736110,6.79,6.78,6.794596724756984
20230727093736600,6.79,6.78,6.794596724756984
20230727093736770,6.79,6.78,6.794596724756984
20230727093736940,6.79,6.78,6.794596724756984
20230727093738610,6.79,6.78,6.794596724756984
20230727093738660,6.79,6.78,6.794596724756984
20230727093738680,6.79,6.78,6.794596724756984
20230727093738830,6.79,6.78,6.794596724756984
20230727093739270,6.79,6.78,6.794596724756984
20230727093739280,6.79,6.78,6.794596724756984
20230727093741170,6.79,6.78,6.794596724756984
20230727093741290,6.79,6.78,6.794596724756984
20230727093741330,6.79,6.78,6.794596724756984
20230727093741620,6.79,6.78,6.794596724756984
20230727093741630,6.79,6.78,6.794596724756984
20230727093742290,6.79,6.78,6.794596724756984
20230727093742320,6.79,6.78,6.794596724756984
20230727093743840,6.79,6.78,6.794596724756984
20230727093744100,6.79,6.78,6.794596724756984
20230727093744520,6.79,6.78,6.794596724756984
20230727093744650,6.79,6.78,6.794596724756984
20230727093747440,6.79,6.78,6.794596724756984
20230727093749670,6.79,6.78,6.794596724756984
20230727093749680,6.79,6.78,6.794596724756984
20230727093749800,6.79,6.78,6.794596724756984
20230727093749850,6.79,6.78,6.794557657107993
20230727093750340,6.79,6.78,6.794557657107993
20230727093752010,6.79,6.78,6.794557657107993
20230727093752110,6.79,6.78,6.794557657107993
20230727093752190,6.79,6.78,6.794557657107993
20230727093752270,6.79,6.78,6.794557657107993
20230727093752800,6.79,6.78,6.794557657107993
20230727093752960,6.79,6.78,6.794557657107993
20230727093755140,6.79,6.78,6.794557657107993
20230727093755230,6.79,6.78,6.794557657107993
20230727093755650,6.79,6.78,6.794557657107993
20230727093755710,6.79,6.78,6.794557657107993
20230727093757920,6.79,6.78,6.794557657107993
20230727093758000,6.79,6.78,6.794522573949144
20230727093758320,6.79,6.78,6.794522573949144
20230727093758460,6.79,6.78,6.794522573949144
20230727093800070,6.79,6.78,6.794522573949144
20230727093800220,6.79,6.78,6.794522573949144
20230727093801160,6.79,6.78,6.794522573949144
20230727093802750,6.79,6.78,6.794448842612512
20230727093802990,6.79,6.78,6.794448842612512
20230727093803060,6.79,6.78,6.794448842612512
20230727093803790,6.79,6.78,6.794448842612512
20230727093806210,6.79,6.78,6.794448077088531
20230727093806220,6.79,6.78,6.794445782096483
20230727093806340,6.79,6.78,6.794445782096483
20230727093808320,6.79,6.78,6.79443614188783
20230727093809050,6.79,6.78,6.79443614188783
20230727093809200,6.79,6.78,6.79443614188783
20230727093809210,6.79,6.78,6.794434999141336
20230727093811100,6.79,6.78,6.794434999141336
20230727093811280,6.79,6.78,6.794434999141336
20230727093811520,6.79,6.78,6.793840138294369
20230727093811530,6.79,6.78,6.793840138294369
20230727093811560,6.79,6.78,6.793840138294369
20230727093811590,6.79,6.78,6.793840138294369
20230727093811770,6.79,6.78,6.793840138294369
20230727093811900,6.79,6.78,6.793838242553892
20230727093812050,6.79,6.78,6.793838242553892
20230727093812080,6.79,6.78,6.793838242553892
20230727093813580,6.79,6.78,6.793838242553892
20230727093813600,6.79,6.78,6.793806920189326
20230727093813640,6.79,6.78,6.793806920189326
20230727093813680,6.79,6.78,6.793806920189326
20230727093813890,6.79,6.78,6.793806920189326
20230727093813900,6.79,6.78,6.793806920189326
20230727093814080,6.79,6.78,6.793806920189326
20230727093814100,6.79,6.78,6.793806920189326
20230727093814500,6.79,6.78,6.793806920189326
20230727093814510,6.79,6.78,6.793806920189326
20230727093816230,6.79,6.78,6.793806920189326
20230727093816290,6.79,6.78,6.793806920189326
20230727093816550,6.79,6.78,6.793304693715195
20230727093816560,6.79,6.78,6.793304693715195
20230727093816580,6.79,6.78,6.793304693715195
20230727093816700,6.79,6.78,6.793304693715195
20230727093816860,6.79,6.78,6.793304693715195
20230727093817160,6.79,6.78,6.793304693715195
20230727093819090,6.79,6.78,6.793304693715195
20230727093819390,6.79,6.78,6.793304693715195
20230727093819500,6.79,6.78,6.793304693715195
20230727093819680,6.79,6.78,6.793304693715195
20230727093821700,6.79,6.78,6.793301534303204
20230727093822000,6.79,6.78,6.793301534303204
20230727093822040,6.79,6.78,6.793301534303204
20230727093822070,6.79,6.78,6.793301534303204
20230727093822350,6.79,6.78,6.793301534303204
20230727093822360,6.79,6.78,6.793301534303204
20230727093822850,6.79,6.78,6.793301534303204
20230727093825150,6.79,6.78,6.793301534303204
20230727093825160,6.79,6.78,6.793301534303204
20230727093825190,6.79,6.78,6.793301534303204
20230727093827280,6.79,6.78,6.793301534303204
20230727093827420,6.79,6.78,6.793300476947536
20230727093827430,6.79,6.78,6.793300476947536
20230727093827620,6.79,6.78,6.793300476947536
20230727093828030,6.79,6.78,6.793300476947536
20230727093828070,6.79,6.78,6.793300476947536
20230727093828220,6.79,6.78,6.793300476947536
20230727093830920,6.79,6.78,6.793300476947536
20230727093832740,6.79,6.78,6.793224276908488
20230727093833130,6.79,6.78,6.793224276908488
20230727093833180,6.79,6.78,6.793224276908488
20230727093833410,6.79,6.78,6.793224276908488
20230727093835360,6.79,6.78,6.793224276908488
20230727093835460,6.79,6.78,6.793181567546278
20230727093835900,6.79,6.78,6.793181567546278
20230727093836040,6.79,6.78,6.793181567546278
20230727093836130,6.79,6.78,6.793181567546278
20230727093837900,6.79,6.78,6.793181567546278
20230727093838120,6.79,6.78,6.793181567546278
20230727093838130,6.79,6.78,6.793181567546278
20230727093838280,6.79,6.78,6.793181567546278
20230727093838820,6.79,6.78,6.793181567546278
20230727093838880,6.79,6.78,6.793181567546278
20230727093840800,6.79,6.78,6.793181567546278
20230727093840820,6.79,6.78,6.793181567546278
20230727093843390,6.79,6.78,6.793181567546278
20230727093843420,6.79,6.78,6.793181567546278
20230727093843640,6.79,6.78,6.793181567546278
20230727093844010,6.79,6.78,6.793181567546278
20230727093844040,6.79,6.78,6.793177415544531
20230727093846330,6.79,6.78,6.793177415544531
20230727093846540,6.79,6.78,6.7931711924439195
20230727093849090,6.79,6.78,6.7931711924439195
20230727093849160,6.79,6.78,6.7931711924439195
20230727093849220,6.79,6.78,6.7931711924439195
20230727093849320,6.79,6.78,6.7931711924439195
20230727093849440,6.79,6.78,6.7931711924439195
20230727093849610,6.79,6.78,6.7931711924439195
20230727093849670,6.79,6.78,6.7931711924439195
20230727093851680,6.79,6.78,6.7931711924439195
20230727093851730,6.79,6.78,6.7931711924439195
20230727093852060,6.79,6.78,6.7931711924439195
20230727093852070,6.79,6.78,6.7931711924439195
20230727093852080,6.79,6.78,6.7931711924439195
20230727093852210,6.79,6.78,6.793168870003147
20230727093854320,6.79,6.78,6.793168870003147
20230727093857150,6.78,6.78,6.793168870003147
20230727093857160,6.78,6.78,6.7931182879987455
20230727093857180,6.78,6.78,6.7931162316795985
20230727093857200,6.78,6.78,6.7931162316795985
20230727093857230,6.78,6.78,6.793108012845618
20230727093857320,6.78,6.78,6.793108012845618
20230727093857380,6.78,6.78,6.793105959746261
20230727093857520,6.78,6.78,6.793105959746261
20230727093900280,6.78,6.78,6.793105959746261
20230727093900380,6.78,6.78,6.793105959746261
20230727093902490,6.78,6.78,6.793105959746261
20230727093903080,6.79,6.78,6.793105959746261
20230727093903110,6.79,6.78,6.793070847851336
20230727093903280,6.79,6.78,6.79306657388077
20230727093904970,6.79,6.78,6.79306657388077
20230727093905010,6.79,6.78,6.79306657388077
20230727093905020,6.79,6.78,6.79306657388077
20230727093905510,6.79,6.78,6.79306657388077
20230727093905790,6.79,6.78,6.79306657388077
20230727093906030,6.79,6.78,6.79306657388077
20230727093906070,6.79,6.78,6.79306657388077
20230727093906080,6.79,6.78,6.79306657388077
20230727093908140,6.79,6.78,6.79306657388077
20230727093908150,6.79,6.79,6.79306657388077
20230727093910310,6.79,6.78,6.79306657388077
20230727093910380,6.8,6.78,6.793104258220943
20230727093910840,6.8,6.79,6.793104258220943
20230727093910940,6.8,6.78,6.793104258220943
20230727093910970,6.8,6.78,6.793097920604915
20230727093911460,6.8,6.78,6.793097920604915
20230727093913170,6.8,6.78,6.793097920604915
20230727093913190,6.8,6.78,6.793097920604915
20230727093913790,6.8,6.78,6.793097920604915
20230727093915820,6.8,6.78,6.793097920604915
20230727093916080,6.8,6.78,6.793097920604915
20230727093916700,6.8,6.78,6.793094465000378
20230727093918850,6.8,6.79,6.793094465000378
20230727093918910,6.8,6.78,6.793094465000378
20230727093919200,6.8,6.79,6.793094465000378
20230727093921170,6.8,6.79,6.793094465000378
20230727093921180,6.8,6.79,6.793094465000378
20230727093921530,6.8,6.79,6.793094465000378
20230727093923990,6.8,6.79,6.793094465000378
20230727093924270,6.8,6.79,6.793094465000378
20230727093924660,6.8,6.79,6.793094465000378
20230727093926640,6.8,6.79,6.793094465000378
20230727093926970,6.8,6.79,6.793094465000378
20230727093927230,6.79,6.78,6.793029496562431
20230727093927330,6.79,6.78,6.793002417759543
20230727093927420,6.79,6.78,6.79299539507346
20230727093927600,6.79,6.78,6.79299539507346
20230727093929350,6.79,6.78,6.79299539507346
20230727093929520,6.79,6.78,6.79299539507346
20230727093929730,6.79,6.78,6.79299539507346
20230727093929770,6.79,6.78,6.79299539507346
20230727093931880,6.79,6.78,6.79299539507346
20230727093931890,6.79,6.78,6.79299539507346
20230727093931990,6.79,6.78,6.79299539507346
20230727093932110,6.79,6.78,6.79299539507346
20230727093932310,6.79,6.78,6.79299539507346
20230727093932340,6.79,6.79,6.79299539507346
20230727093932590,6.79,6.79,6.79299539507346
20230727093932740,6.79,6.79,6.79299539507346
20230727093935560,6.79,6.78,6.792987969376595
20230727093935570,6.79,6.78,6.792987969376595
20230727093938120,6.79,6.78,6.792924247915912
20230727093940060,6.79,6.78,6.792924247915912
20230727093940290,6.79,6.78,6.792924247915912
20230727093941110,6.79,6.78,6.792924247915912
20230727093941120,6.79,6.78,6.792924247915912
20230727093942960,6.79,6.78,6.792924247915912
20230727093943130,6.79,6.78,6.792924247915912
20230727093943240,6.79,6.78,6.792924247915912
20230727093943650,6.79,6.78,6.792924247915912
20230727093943690,6.79,6.78,6.792924247915912
20230727093946360,6.79,6.78,6.792924247915912
20230727093948050,6.79,6.78,6.792924247915912
20230727093948100,6.79,6.78,6.792924247915912
20230727093948260,6.79,6.78,6.792924247915912
20230727093948290,6.79,6.78,6.792924247915912
20230727093948460,6.79,6.78,6.792924247915912
20230727093948710,6.79,6.78,6.792924247915912
20230727093948900,6.79,6.78,6.792924247915912
20230727093949070,6.79,6.78,6.792924247915912
20230727093949080,6.79,6.78,6.792924247915912
20230727093951100,6.79,6.78,6.792924247915912
20230727093951620,6.79,6.78,6.792924247915912
20230727093953430,6.79,6.78,6.792924247915912
20230727093953550,6.79,6.78,6.792924247915912
20230727093954080,6.79,6.78,6.792924247915912
20230727093954180,6.79,6.78,6.792924247915912
20230727093956530,6.79,6.78,6.792924247915912
20230727093957160,6.79,6.78,6.792924247915912
20230727093959410,6.79,6.78,6.792924247915912
20230727093959780,6.79,6.77,6.792924247915912
20230727093959970,6.79,6.78,6.792924247915912
20230727094000070,6.79,6.78,6.792924247915912
20230727094000080,6.79,6.78,6.792924247915912
20230727094001560,6.79,6.78,6.792924247915912
20230727094001570,6.79,6.78,6.792924247915912
20230727094001630,6.79,6.78,6.792924247915912
20230727094001720,6.79,6.78,6.792924247915912
20230727094001800,6.79,6.78,6.792924247915912
20230727094002130,6.79,6.78,6.792924247915912
20230727094002140,6.79,6.78,6.792924247915912
20230727094002240,6.79,6.78,6.792924247915912
20230727094002760,6.79,6.78,6.792924247915912
20230727094004300,6.79,6.78,6.792924247915912
20230727094004350,6.79,6.78,6.792924247915912
20230727094004370,6.79,6.78,6.792924247915912
20230727094004510,6.79,6.78,6.792924247915912
20230727094004540,6.79,6.78,6.792924247915912
20230727094004570,6.79,6.78,6.792924247915912
20230727094004640,6.79,6.78,6.792924247915912
20230727094005060,6.79,6.78,6.792924247915912
20230727094005230,6.79,6.78,6.792924247915912
20230727094005330,6.79,6.78,6.792924247915912
20230727094005460,6.79,6.78,6.792924247915912
20230727094007080,6.79,6.78,6.792924247915912
20230727094007940,6.79,6.78,6.792924247915912
20230727094009860,6.79,6.78,6.792924247915912
20230727094009890,6.79,6.78,6.792924247915912
20230727094010070,6.79,6.78,6.792924247915912
20230727094010710,6.79,6.78,6.792924247915912
20230727094012320,6.79,6.78,6.792924247915912
20230727094012330,6.79,6.78,6.792924247915912
20230727094012700,6.79,6.78,6.792924247915912
20230727094012880,6.79,6.78,6.792924247915912
20230727094012930,6.79,6.78,6.792924247915912
20230727094013080,6.79,6.78,6.792924247915912
20230727094013090,6.79,6.78,6.792924247915912
20230727094013450,6.79,6.78,6.792924247915912
20230727094013490,6.79,6.78,6.792924247915912
20230727094013500,6.79,6.78,6.792924247915912
20230727094013530,6.79,6.78,6.792924247915912
20230727094015060,6.79,6.78,6.792924247915912
20230727094015090,6.79,6.78,6.792924247915912
20230727094015100,6.79,6.78,6.792924247915912
20230727094015120,6.78,6.78,6.792924247915912
20230727094015420,6.78,6.78,6.792924247915912
20230727094015660,6.78,6.78,6.792924247915912
20230727094015740,6.78,6.78,6.792924247915912
20230727094016090,6.78,6.78,6.792924247915912
20230727094018370,6.78,6.78,6.792924247915912
20230727094018510,6.78,6.78,6.792924247915912
20230727094021530,6.78,6.78,6.792924247915912
20230727094023240,6.78,6.78,6.792924247915912
20230727094023300,6.78,6.78,6.792924247915912
20230727094023970,6.78,6.78,6.792924247915912
20230727094024100,6.78,6.78,6.792924247915912
20230727094025850,6.78,6.78,6.792924247915912
20230727094026300,6.78,6.78,6.792924247915912
20230727094027010,6.78,6.78,6.792924247915912
20230727094028990,6.78,6.78,6.792924247915912
20230727094029010,6.78,6.78,6.792924247915912
20230727094029110,6.78,6.78,6.792924247915912
20230727094031220,6.78,6.78,6.792924247915912
20230727094031340,6.78,6.78,6.792924247915912
20230727094031650,6.78,6.78,6.792924247915912
20230727094031760,6.78,6.78,6.792924247915912
20230727094031870,6.78,6.78,6.792924247915912
20230727094031880,6.78,6.78,6.792924247915912
20230727094032010,6.78,6.78,6.792924247915912
20230727094032420,6.78,6.78,6.792924247915912
20230727094033930,6.78,6.78,6.792924247915912
20230727094034070,6.78,6.78,6.792924247915912
20230727094034080,6.78,6.78,6.792924247915912
20230727094034150,6.78,6.78,6.792924247915912
20230727094034170,6.78,6.78,6.792924247915912
20230727094034330,6.78,6.78,6.792924247915912
20230727094034350,6.78,6.78,6.792924247915912
20230727094034910,6.78,6.78,6.792924247915912
20230727094036780,6.77,6.78,6.792924247915912
20230727094036790,6.78,6.78,6.792924247915912
20230727094036800,6.78,6.78,6.792924247915912
20230727094036830,6.78,6.78,6.792924247915912
20230727094036900,6.77,6.78,6.792924247915912
20230727094037050,6.77,6.78,6.792924247915912
20230727094037070,6.77,6.78,6.792924247915912
20230727094037090,6.78,6.78,6.792924247915912
20230727094037100,6.78,6.77,6.792924247915912
20230727094037160,6.78,6.77,6.792924247915912
20230727094037170,6.78,6.77,6.792924247915912
20230727094037180,6.78,6.77,6.792924247915912
20230727094037230,6.78,6.77,6.792924247915912
20230727094037240,6.78,6.77,6.792924247915912
20230727094037360,6.78,6.77,6.792924247915912
20230727094037380,6.78,6.77,6.792924247915912
20230727094037420,6.78,6.77,6.792924247915912
20230727094037450,6.78,6.77,6.792924247915912
20230727094037480,6.78,6.77,6.791643033087012
20230727094037500,6.78,6.77,6.791643033087012
20230727094037670,6.78,6.77,6.791643033087012
20230727094039400,6.78,6.77,6.791643033087012
20230727094039710,6.78,6.77,6.791643033087012
20230727094040070,6.77,6.77,6.791643033087012
20230727094040080,6.77,6.77,6.791643033087012
20230727094040100,6.77,6.77,6.791643033087012
20230727094040110,6.77,6.77,6.791643033087012
20230727094040120,6.77,6.77,6.791643033087012
20230727094040180,6.77,6.77,6.791643033087012
20230727094040190,6.78,6.77,6.791643033087012
20230727094040200,6.78,6.77,6.791643033087012
20230727094040240,6.78,6.77,6.791643033087012
20230727094040350,6.78,6.77,6.791643033087012
20230727094040530,6.78,6.77,6.791643033087012
20230727094040560,6.78,6.77,6.791643033087012
20230727094042100,6.78,6.77,6.791643033087012
20230727094042170,6.78,6.77,6.791643033087012
20230727094042480,6.78,6.77,6.791643033087012
20230727094042490,6.78,6.77,6.791643033087012
20230727094042610,6.78,6.77,6.791643033087012
20230727094042620,6.78,6.77,6.791643033087012
20230727094043020,6.78,6.77,6.791643033087012
20230727094043070,6.78,6.77,6.791643033087012
20230727094043120,6.78,6.77,6.791643033087012
20230727094043160,6.78,6.77,6.791643033087012
20230727094043170,6.78,6.77,6.791643033087012
20230727094045590,6.78,6.77,6.791643033087012
20230727094045780,6.78,6.77,6.791643033087012
20230727094048200,6.78,6.77,6.791643033087012
20230727094048430,6.78,6.77,6.791643033087012
20230727094050410,6.78,6.77,6.791643033087012
20230727094050860,6.78,6.77,6.791643033087012
20230727094051180,6.78,6.77,6.791643033087012
20230727094051310,6.78,6.77,6.791643033087012
20230727094052820,6.78,6.77,6.791643033087012
20230727094053240,6.78,6.77,6.791265665796344
20230727094053410,6.78,6.77,6.791265665796344
20230727094053580,6.78,6.77,6.791265665796344
20230727094053790,6.78,6.77,6.791265665796344
20230727094056160,6.77,6.77,6.791265665796344
20230727094056180,6.77,6.77,6.791265665796344
20230727094056260,6.77,6.77,6.791265665796344
20230727094058270,6.77,6.77,6.791265665796344
20230727094058450,6.77,6.77,6.791265665796344
20230727094058660,6.77,6.77,6.791265665796344
20230727094058780,6.77,6.77,6.791265665796344
20230727094100920,6.77,6.77,6.791126377187298
20230727094100950,6.77,6.77,6.791126377187298
20230727094101070,6.77,6.77,6.791126377187298
20230727094101080,6.77,6.77,6.791126377187298
20230727094101190,6.77,6.77,6.791126377187298
20230727094101890,6.77,6.77,6.791126377187298
20230727094104000,6.77,6.77,6.791125008100577
20230727094104010,6.77,6.77,6.7911126943005184
20230727094104080,6.77,6.77,6.7911126943005184
20230727094104110,6.77,6.77,6.7911126943005184
20230727094104700,6.77,6.77,6.7911126943005184
20230727094104830,6.77,6.77,6.7911126943005184
20230727094107030,6.77,6.77,6.7911126943005184
20230727094107050,6.77,6.77,6.7911126943005184
20230727094107060,6.77,6.77,6.7911126943005184
20230727094107110,6.77,6.77,6.791099029126213
20230727094109040,6.77,6.77,6.791099029126213
20230727094109060,6.77,6.77,6.791099029126213
20230727094109320,6.77,6.77,6.791099029126213
20230727094109420,6.77,6.77,6.791099029126213
20230727094109840,6.77,6.77,6.791099029126213
20230727094109880,6.77,6.77,6.791099029126213
20230727094112940,6.77,6.77,6.791099029126213
20230727094115120,6.77,6.77,6.791099029126213
20230727094115260,6.77,6.77,6.791099029126213
20230727094117340,6.77,6.77,6.791099029126213
20230727094117350,6.77,6.77,6.791099029126213
20230727094117360,6.77,6.77,6.791099029126213
20230727094117490,6.77,6.77,6.791099029126213
20230727094119900,6.77,6.77,6.791099029126213
20230727094120170,6.77,6.77,6.791099029126213
20230727094120610,6.77,6.77,6.791099029126213
20230727094120850,6.77,6.77,6.791099029126213
20230727094120970,6.77,6.77,6.791099029126213
20230727094122550,6.77,6.77,6.791085381630013
20230727094122560,6.77,6.77,6.791085381630013
20230727094122750,6.77,6.77,6.791085381630013
20230727094123650,6.77,6.77,6.791085381630013
20230727094123720,6.77,6.77,6.791085381630013
20230727094125350,6.77,6.77,6.791085381630013
20230727094125450,6.77,6.77,6.791085381630013
20230727094125900,6.77,6.77,6.791085381630013
20230727094126330,6.77,6.77,6.791085381630013
20230727094128230,6.77,6.77,6.791085381630013
20230727094130830,6.77,6.77,6.791085381630013
20230727094131130,6.77,6.77,6.791085381630013
20230727094131580,6.77,6.77,6.791085381630013
20230727094131620,6.77,6.77,6.791085381630013
20230727094131630,6.77,6.77,6.791085381630013
20230727094131740,6.77,6.77,6.791085381630013
20230727094131840,6.77,6.77,6.791085381630013
20230727094133420,6.77,6.77,6.79101605312359
20230727094133860,6.77,6.77,6.79101605312359
20230727094133990,6.77,6.77,6.790915339157245
20230727094134000,6.77,6.77,6.790915339157245
20230727094134090,6.77,6.77,6.790915339157245
20230727094136220,6.77,6.77,6.790915339157245
20230727094136350,6.77,6.77,6.790915339157245
20230727094136930,6.77,6.77,6.790915339157245
20230727094137060,6.77,6.77,6.790915339157245
20230727094138910,6.77,6.77,6.790915339157245
20230727094139230,6.77,6.77,6.790915339157245
20230727094141470,6.77,6.77,6.790915339157245
20230727094141570,6.77,6.77,6.790915339157245
20230727094141610,6.77,6.77,6.790915339157245
20230727094141650,6.77,6.77,6.790915339157245
20230727094142110,6.77,6.77,6.790915339157245
20230727094144510,6.77,6.77,6.790915339157245
20230727094144780,6.77,6.77,6.790915339157245
20230727094144980,6.77,6.77,6.790915339157245
20230727094145350,6.77,6.77,6.790915339157245
20230727094147310,6.77,6.77,6.790915339157245
20230727094147330,6.77,6.77,6.790915339157245
20230727094147550,6.77,6.77,6.790915339157245
20230727094149570,6.77,6.77,6.790915339157245
20230727094149770,6.77,6.77,6.790915339157245
20230727094149810,6.77,6.77,6.790915339157245
20230727094149880,6.77,6.77,6.790915339157245
20230727094150510,6.77,6.77,6.790915339157245
20230727094150530,6.77,6.77,6.790915339157245
20230727094150750,6.77,6.77,6.790915339157245
20230727094152780,6.77,6.77,6.790915339157245
20230727094152800,6.77,6.77,6.790915339157245
20230727094152950,6.77,6.77,6.790915339157245
20230727094155090,6.77,6.77,6.790915339157245
20230727094155230,6.77,6.77,6.790915339157245
20230727094155260,6.77,6.77,6.790915339157245
20230727094155300,6.77,6.77,6.790915339157245
20230727094155770,6.77,6.77,6.790915339157245
20230727094155800,6.77,6.77,6.790915339157245
20230727094156050,6.77,6.77,6.790915339157245
20230727094156080,6.77,6.77,6.790915339157245
20230727094157830,6.77,6.77,6.790915339157245
20230727094158010,6.77,6.77,6.790915339157245
20230727094158170,6.77,6.77,6.790915339157245
20230727094158830,6.77,6.77,6.790915339157245
20230727094200310,6.77,6.77,6.790915339157245
20230727094200330,6.77,6.77,6.790915339157245
20230727094200480,6.77,6.77,6.790915339157245
20230727094200560,6.77,6.77,6.790915339157245
20230727094200570,6.77,6.77,6.790915339157245
20230727094200600,6.77,6.77,6.790915339157245
20230727094200640,6.77,6.77,6.790915339157245
20230727094200660,6.77,6.77,6.790915339157245
20230727094200870,6.77,6.77,6.790915339157245
20230727094200890,6.77,6.77,6.790915339157245
20230727094201080,6.77,6.77,6.790915339157245
20230727094201090,6.78,6.77,6.790915339157245
20230727094201100,6.78,6.77,6.790915339157245
20230727094201170,6.78,6.77,6.790915339157245
20230727094201210,6.78,6.77,6.790915339157245
20230727094201550,6.78,6.77,6.790915339157245
20230727094201570,6.78,6.77,6.790915339157245
20230727094203120,6.78,6.77,6.790915339157245
20230727094203130,6.78,6.77,6.790915339157245
20230727094203160,6.78,6.77,6.790915339157245
20230727094203170,6.78,6.77,6.790915339157245
20230727094203210,6.78,6.77,6.790915339157245
20230727094203220,6.78,6.77,6.790915339157245
20230727094203230,6.78,6.77,6.790915339157245
20230727094203340,6.78,6.77,6.790915339157245
20230727094203360,6.78,6.77,6.790915339157245
20230727094204090,6.78,6.77,6.790915339157245
20230727094204120,6.78,6.77,6.790915339157245
20230727094204130,6.78,6.77,6.790915339157245
20230727094204140,6.78,6.77,6.790915339157245
20230727094204160,6.78,6.77,6.790915339157245
20230727094205700,6.78,6.77,6.790915339157245
20230727094205720,6.78,6.77,6.790915339157245
20230727094205730,6.78,6.77,6.790915339157245
20230727094205870,6.77,6.77,6.790915339157245
20230727094205980,6.78,6.77,6.790915339157245
20230727094206030,6.78,6.77,6.790915339157245
20230727094206420,6.78,6.77,6.789560633759902
20230727094206470,6.78,6.77,6.789560633759902
20230727094206560,6.78,6.77,6.789560633759902
20230727094206660,6.77,6.77,6.789560633759902
20230727094208520,6.77,6.77,6.789560633759902
20230727094208730,6.77,6.77,6.789560633759902
20230727094209020,6.77,6.77,6.789560633759902
20230727094209070,6.78,6.77,6.789560633759902
20230727094209120,6.78,6.77,6.789560633759902
20230727094209230,6.78,6.77,6.789560633759902
20230727094209270,6.78,6.77,6.789560633759902
20230727094209630,6.78,6.77,6.789560633759902
20230727094211150,6.77,6.77,6.789560633759902
20230727094211280,6.77,6.77,6.789560633759902
20230727094211310,6.77,6.77,6.789560633759902
20230727094211780,6.77,6.77,6.789560633759902
20230727094214500,6.77,6.77,6.789214565151971
20230727094215040,6.77,6.77,6.789214565151971
20230727094216820,6.77,6.74,6.78721104245791
20230727094216830,6.77,6.74,6.78721104245791
20230727094216860,6.77,6.74,6.78721104245791
20230727094216870,6.77,6.75,6.78721104245791
20230727094216890,6.77,6.75,6.78721104245791
20230727094216900,6.77,6.75,6.78721104245791
20230727094216920,6.77,6.75,6.78721104245791
20230727094217050,6.77,6.75,6.78721104245791
20230727094217060,6.77,6.75,6.78721104245791
20230727094217120,6.77,6.76,6.78721104245791
20230727094217140,6.77,6.76,6.78721104245791
20230727094217210,6.77,6.76,6.78721104245791
20230727094217270,6.77,6.76,6.78721104245791
20230727094217280,6.77,6.76,6.78721104245791
20230727094219860,6.77,6.76,6.78721104245791
20230727094219870,6.77,6.76,6.78721104245791
20230727094219980,6.77,6.76,6.78721104245791
20230727094220080,6.77,6.76,6.78721104245791
20230727094220130,6.77,6.76,6.78721104245791
20230727094220320,6.77,6.76,6.78721104245791
20230727094222590,6.77,6.76,6.78721104245791
20230727094222860,6.77,6.76,6.78721104245791
20230727094225090,6.77,6.76,6.78721104245791
20230727094225140,6.77,6.76,6.78721104245791
20230727094225160,6.77,6.76,6.78721104245791
20230727094225630,6.77,6.76,6.78721104245791
20230727094227450,6.77,6.76,6.787169939448814
20230727094227740,6.77,6.76,6.787169939448814
20230727094227760,6.77,6.76,6.787169939448814
20230727094228360,6.77,6.76,6.787169939448814
20230727094230430,6.77,6.76,6.787169939448814
20230727094231040,6.77,6.76,6.787169939448814
20230727094233150,6.77,6.76,6.787169939448814
20230727094233670,6.77,6.76,6.787169939448814
20230727094233690,6.77,6.76,6.787169939448814
20230727094235520,6.77,6.76,6.787169939448814
20230727094235570,6.77,6.76,6.787169939448814
20230727094235630,6.77,6.76,6.787169939448814
20230727094235640,6.77,6.76,6.787169939448814
20230727094236240,6.77,6.76,6.787169939448814
20230727094238430,6.77,6.76,6.787169939448814
20230727094238440,6.77,6.76,6.787086782677254
20230727094239010,6.77,6.76,6.787085820475279
20230727094239040,6.77,6.77,6.7870550871276
20230727094239120,6.77,6.77,6.787054128491934
20230727094240890,6.77,6.77,6.787054128491934
20230727094240900,6.77,6.77,6.787054128491934
20230727094240910,6.77,6.77,6.787054128491934
20230727094240920,6.77,6.77,6.787054128491934
20230727094240990,6.77,6.77,6.787054128491934
20230727094241000,6.77,6.77,6.787054128491934
20230727094241040,6.77,6.77,6.787054128491934
20230727094241090,6.77,6.77,6.787053169964029
20230727094241210,6.77,6.77,6.787053169964029
20230727094241260,6.77,6.77,6.787053169964029
20230727094241720,6.77,6.77,6.787053169964029
20230727094241820,6.77,6.77,6.787053169964029
20230727094242070,6.77,6.77,6.787053169964029
20230727094243660,6.77,6.77,6.787053169964029
20230727094246660,6.78,6.77,6.7870397172669135
20230727094246750,6.78,6.77,6.7870397172669135
20230727094247410,6.78,6.77,6.7870397172669135
20230727094248930,6.78,6.77,6.7870397172669135
20230727094249100,6.78,6.77,6.7870397172669135
20230727094249360,6.78,6.77,6.7870397172669135
20230727094249610,6.78,6.77,6.7870397172669135
20230727094250140,6.78,6.77,6.786989679218968
20230727094252390,6.78,6.77,6.786989679218968
20230727094254670,6.78,6.77,6.786989679218968
20230727094255150,6.78,6.77,6.786989679218968
20230727094255290,6.78,6.77,6.786989679218968
20230727094257180,6.78,6.77,6.786989679218968
20230727094257220,6.78,6.77,6.786989679218968
20230727094257480,6.78,6.77,6.786989679218968
20230727094257850,6.78,6.77,6.786989679218968
20230727094259780,6.78,6.77,6.786989679218968
20230727094259790,6.78,6.77,6.786989679218968
20230727094259860,6.78,6.77,6.786989679218968
20230727094259960,6.78,6.77,6.786989679218968
20230727094300280,6.78,6.77,6.786989679218968
20230727094300380,6.78,6.77,6.786989679218968
20230727094300430,6.78,6.77,6.786989679218968
20230727094302450,6.78,6.77,6.786893128500915
20230727094302820,6.78,6.77,6.786893128500915
20230727094303090,6.78,6.77,6.786893128500915
20230727094305490,6.78,6.77,6.786893128500915
20230727094305690,6.78,6.77,6.786893128500915
20230727094305820,6.78,6.77,6.786893128500915
20230727094305860,6.78,6.77,6.786893128500915
20230727094307950,6.78,6.77,6.786893128500915
20230727094308270,6.78,6.77,6.786893128500915
20230727094308540,6.78,6.77,6.786799580851533
20230727094308570,6.78,6.77,6.786799580851533
20230727094309010,6.78,6.77,6.786799580851533
20230727094311600,6.78,6.77,6.786799580851533
20230727094311760,6.78,6.77,6.786799580851533
20230727094313850,6.78,6.77,6.786799580851533
20230727094313860,6.78,6.77,6.786799580851533
20230727094313870,6.78,6.77,6.786799580851533
20230727094313920,6.78,6.77,6.786799580851533
20230727094313960,6.78,6.77,6.786799580851533
20230727094314170,6.78,6.77,6.786799580851533
20230727094315960,6.78,6.77,6.786799580851533
20230727094316060,6.78,6.77,6.786799580851533
20230727094316140,6.78,6.77,6.786799580851533
20230727094316200,6.78,6.77,6.786799580851533
20230727094316750,6.78,6.77,6.786799580851533
20230727094318670,6.78,6.77,6.786799580851533
20230727094318760,6.78,6.77,6.786799580851533
20230727094318780,6.78,6.77,6.786799580851533
20230727094319400,6.78,6.77,6.786799580851533
20230727094319860,6.78,6.77,6.786799580851533
20230727094321320,6.78,6.77,6.786799580851533
20230727094321680,6.78,6.77,6.786799580851533
20230727094321720,6.78,6.77,6.786799580851533
20230727094321760,6.78,6.77,6.786799580851533
20230727094321790,6.78,6.77,6.786799580851533
20230727094322170,6.78,6.77,6.786799580851533
20230727094322300,6.78,6.77,6.786799580851533
20230727094322540,6.78,6.78,6.786799580851533
20230727094324150,6.78,6.78,6.786799580851533
20230727094324160,6.78,6.78,6.786799580851533
20230727094324170,6.78,6.78,6.786799580851533
20230727094324190,6.78,6.78,6.786799580851533
20230727094324300,6.78,6.78,6.786799580851533
20230727094324590,6.78,6.78,6.786799580851533
20230727094324810,6.78,6.78,6.786763576522216
20230727094324890,6.78,6.78,6.786763576522216
20230727094325090,6.78,6.78,6.786763576522216
20230727094325190,6.78,6.78,6.786763576522216
20230727094326770,6.78,6.77,6.786476359911585
20230727094326850,6.78,6.77,6.786476359911585
20230727094327000,6.78,6.77,6.786476359911585
20230727094327010,6.78,6.77,6.786476359911585
20230727094327070,6.78,6.77,6.786476359911585
20230727094329740,6.78,6.77,6.786476359911585
20230727094330010,6.78,6.77,6.786476359911585
20230727094330170,6.78,6.77,6.786476359911585
20230727094330330,6.78,6.77,6.786476359911585
20230727094330650,6.78,6.77,6.786476359911585
20230727094332750,6.78,6.77,6.786476359911585
20230727094332920,6.78,6.77,6.786476359911585
20230727094333120,6.78,6.77,6.786476359911585
20230727094334880,6.78,6.77,6.786476359911585
20230727094335290,6.78,6.77,6.786476359911585
20230727094335430,6.78,6.77,6.786476359911585
20230727094335900,6.78,6.77,6.786476359911585
20230727094335910,6.78,6.77,6.786476359911585
20230727094335930,6.78,6.77,6.786476359911585
20230727094337530,6.78,6.77,6.786476359911585
20230727094337790,6.78,6.77,6.786476359911585
20230727094337860,6.78,6.77,6.786476359911585
20230727094337870,6.78,6.77,6.786476359911585
20230727094337880,6.78,6.77,6.786476359911585
20230727094338590,6.78,6.77,6.786476359911585
20230727094340960,6.78,6.77,6.786476359911585
20230727094341080,6.78,6.77,6.786476359911585
20230727094341170,6.78,6.77,6.786476359911585
20230727094341450,6.78,6.77,6.786476359911585
20230727094345840,6.78,6.77,6.786476359911585
20230727094346250,6.78,6.77,6.786476359911585
20230727094346310,6.78,6.77,6.786476359911585
20230727094348320,6.78,6.77,6.786476359911585
20230727094348630,6.78,6.77,6.786476359911585
20230727094349100,6.78,6.77,6.786476359911585
20230727094349310,6.78,6.77,6.786476359911585
20230727094349320,6.78,6.77,6.786476359911585
20230727094351590,6.78,6.77,6.786476359911585
20230727094351610,6.78,6.77,6.786476359911585
20230727094351900,6.78,6.77,6.786476359911585
20230727094352130,6.78,6.77,6.786476359911585
20230727094352140,6.78,6.77,6.786476359911585
20230727094352150,6.78,6.77,6.786476359911585
20230727094352160,6.78,6.77,6.786476359911585
20230727094352240,6.78,6.77,6.786476359911585
20230727094354300,6.78,6.77,6.786476359911585
20230727094354570,6.78,6.77,6.7863043710021325
20230727094356710,6.78,6.77,6.7863043710021325
20230727094359290,6.78,6.77,6.7863043710021325
20230727094359450,6.78,6.77,6.7863043710021325
20230727094359660,6.78,6.77,6.7863043710021325
20230727094359800,6.78,6.77,6.7863043710021325
20230727094359890,6.78,6.77,6.7863043710021325
20230727094400130,6.78,6.77,6.7863043710021325
20230727094402330,6.78,6.77,6.7863043710021325
20230727094402430,6.78,6.77,6.786062276832598
20230727094402440,6.78,6.77,6.786053376677852
20230727094402490,6.78,6.77,6.786053376677852
20230727094402630,6.78,6.77,6.786053376677852
20230727094404820,6.78,6.77,6.786053376677852
20230727094404940,6.78,6.77,6.786053376677852
20230727094405260,6.78,6.77,6.786053376677852
20230727094405560,6.78,6.77,6.786053376677852
20230727094405660,6.78,6.77,6.786053376677852
20230727094407700,6.78,6.77,6.786053376677852
20230727094410820,6.78,6.77,6.78604018417748
20230727094410910,6.78,6.77,6.7860263102944245
20230727094412970,6.78,6.77,6.7860263102944245
20230727094413070,6.78,6.77,6.7860263102944245
20230727094413230,6.78,6.77,6.7860263102944245
20230727094415600,6.78,6.77,6.7860263102944245
20230727094416270,6.78,6.77,6.7860263102944245
20230727094416330,6.78,6.77,6.7860263102944245
20230727094416340,6.78,6.77,6.786023901471663
20230727094418200,6.78,6.77,6.786023901471663
20230727094418290,6.78,6.77,6.786023901471663
20230727094418350,6.78,6.77,6.786023901471663
20230727094418500,6.78,6.77,6.786023901471663
20230727094418540,6.78,6.77,6.786023901471663
20230727094418950,6.78,6.77,6.786023901471663
20230727094423530,6.78,6.77,6.7859391706025844
20230727094423950,6.78,6.77,6.7859391706025844
20230727094424180,6.78,6.77,6.7859391706025844
20230727094424630,6.78,6.77,6.7859391706025844
20230727094426210,6.78,6.77,6.7859391706025844
20230727094426230,6.78,6.77,6.7859391706025844
20230727094426360,6.78,6.77,6.7859391706025844
20230727094427330,6.78,6.77,6.7859391706025844
20230727094428920,6.78,6.76,6.785535994333991
20230727094428950,6.78,6.76,6.785525783619818
20230727094429060,6.78,6.76,6.785525783619818
20230727094430020,6.78,6.76,6.785525783619818
20230727094431540,6.78,6.76,6.785525783619818
20230727094432570,6.78,6.76,6.785525783619818
20230727094434560,6.78,6.76,6.785525783619818
20230727094434670,6.78,6.76,6.785525783619818
20230727094434680,6.78,6.77,6.785525783619818
20230727094434870,6.78,6.77,6.785525783619818
20230727094435010,6.78,6.77,6.785525783619818
20230727094437010,6.78,6.77,6.785525783619818
20230727094437040,6.78,6.77,6.785525783619818
20230727094437080,6.78,6.77,6.785525783619818
20230727094437090,6.78,6.77,6.785525783619818
20230727094437170,6.78,6.77,6.785525783619818
20230727094437190,6.78,6.76,6.785525783619818
20230727094437300,6.78,6.76,6.785525783619818
20230727094437730,6.78,6.76,6.785525783619818
20230727094437890,6.78,6.76,6.785525783619818
20230727094437900,6.78,6.76,6.785525783619818
20230727094437920,6.78,6.76,6.785525783619818
20230727094437940,6.78,6.76,6.785525783619818
20230727094437950,6.78,6.76,6.785525783619818
20230727094437980,6.78,6.76,6.785525783619818
20230727094439680,6.78,6.76,6.785525783619818
20230727094440070,6.78,6.76,6.785525783619818
20230727094440080,6.78,6.76,6.785525783619818
20230727094440090,6.78,6.76,6.785525783619818
20230727094440110,6.78,6.76,6.785525783619818
20230727094440150,6.78,6.76,6.785525783619818
20230727094440170,6.77,6.76,6.785525783619818
20230727094440190,6.77,6.76,6.785525783619818
20230727094440330,6.77,6.76,6.785525783619818
20230727094440630,6.77,6.76,6.785525783619818
20230727094440720,6.77,6.76,6.785525783619818
20230727094440780,6.77,6.76,6.785525783619818
20230727094442720,6.77,6.76,6.785525783619818
20230727094443090,6.78,6.76,6.785525783619818
20230727094443110,6.78,6.76,6.785525783619818
20230727094443120,6.78,6.76,6.785525783619818
20230727094443190,6.78,6.76,6.785525783619818
20230727094443200,6.78,6.76,6.785525783619818
20230727094443310,6.78,6.76,6.785525783619818
20230727094443420,6.78,6.76,6.785525783619818
20230727094443440,6.78,6.76,6.785525783619818
20230727094446030,6.78,6.76,6.785525783619818
20230727094446040,6.78,6.76,6.785525783619818
20230727094446070,6.78,6.76,6.785525783619818
20230727094446080,6.78,6.76,6.785525783619818
20230727094446240,6.78,6.76,6.785525783619818
20230727094447760,6.78,6.76,6.785525783619818
20230727094448350,6.78,6.76,6.785525783619818
20230727094453150,6.78,6.76,6.785525783619818
20230727094453240,6.78,6.76,6.785525783619818
20230727094453440,6.78,6.76,6.785525783619818
20230727094453510,6.78,6.76,6.785525783619818
20230727094456370,6.78,6.76,6.785525783619818
20230727094456740,6.78,6.76,6.785525783619818
20230727094456970,6.78,6.76,6.785525783619818
20230727094459020,6.78,6.76,6.784952283571916
20230727094501360,6.78,6.76,6.784952283571916
20230727094504090,6.78,6.76,6.784952283571916
20230727094504460,6.77,6.76,6.784952283571916
20230727094504640,6.77,6.76,6.784952283571916
20230727094504930,6.77,6.76,6.784952283571916
20230727094506660,6.77,6.76,6.784952283571916
20230727094506960,6.77,6.76,6.784952283571916
20230727094507280,6.77,6.76,6.784952283571916
20230727094509320,6.77,6.76,6.784952283571916
20230727094509460,6.77,6.75,6.784952283571916
20230727094509800,6.77,6.76,6.784952283571916
20230727094509900,6.77,6.76,6.784952283571916
20230727094510060,6.77,6.76,6.784952283571916
20230727094510120,6.77,6.76,6.784952283571916
20230727094510230,6.77,6.76,6.784129196289844
20230727094510320,6.77,6.76,6.784129196289844
20230727094512580,6.77,6.76,6.784129196289844
20230727094512960,6.77,6.76,6.784129196289844
20230727094513090,6.77,6.76,6.784129196289844
20230727094514700,6.77,6.76,6.784095349929545
20230727094514970,6.77,6.76,6.784095349929545
20230727094515640,6.77,6.76,6.784095349929545
20230727094515830,6.77,6.76,6.784095349929545
20230727094517460,6.77,6.76,6.784095349929545
20230727094517590,6.77,6.76,6.784095349929545
20230727094520310,6.77,6.76,6.784095349929545
20230727094520740,6.77,6.76,6.784095349929545
20230727094520930,6.77,6.76,6.784095349929545
20230727094521030,6.77,6.76,6.784090717002394
20230727094523080,6.77,6.76,6.784090717002394
20230727094523910,6.77,6.76,6.784090717002394
20230727094526680,6.77,6.76,6.784090717002394
20230727094528190,6.77,6.76,6.784024863298593
20230727094528220,6.77,6.76,6.784024863298593
