TimeStamp,ask1,bid1,VWAP
20230703093000030,6.76,6.75,6.75
20230703093000040,6.76,6.75,6.75
20230703093000050,6.76,6.75,6.75
20230703093000060,6.76,6.75,6.75
20230703093000070,6.76,6.75,6.75
20230703093000080,6.76,6.75,6.753118811881188
20230703093000090,6.77,6.75,6.754034334763949
20230703093000230,6.77,6.75,6.754034334763949
20230703093000240,6.77,6.75,6.754034334763949
20230703093000250,6.77,6.75,6.754034334763949
20230703093000260,6.76,6.75,6.754314928425358
20230703093000270,6.76,6.75,6.754314928425358
20230703093000280,6.77,6.76,6.755044563279857
20230703093000320,6.77,6.76,6.755044563279857
20230703093000330,6.77,6.76,6.755044563279857
20230703093000340,6.77,6.76,6.755044563279857
20230703093000380,6.77,6.76,6.755105633802817
20230703093000390,6.77,6.76,6.755105633802817
20230703093000430,6.77,6.76,6.755105633802817
20230703093000840,6.77,6.76,6.755105633802817
20230703093000860,6.77,6.76,6.755105633802817
20230703093000880,6.77,6.76,6.755105633802817
20230703093000900,6.77,6.76,6.755105633802817
20230703093000950,6.77,6.76,6.755105633802817
20230703093000960,6.77,6.76,6.755105633802817
20230703093000970,6.77,6.76,6.755105633802817
20230703093000980,6.77,6.76,6.755105633802817
20230703093000990,6.77,6.77,6.755105633802817
20230703093001020,6.77,6.77,6.755105633802817
20230703093001030,6.77,6.77,6.755105633802817
20230703093001040,6.77,6.76,6.7553859348198975
20230703093001050,6.77,6.76,6.7553859348198975
20230703093001060,6.77,6.76,6.7553859348198975
20230703093001080,6.77,6.76,6.7553859348198975
20230703093001090,6.77,6.76,6.7553859348198975
20230703093001100,6.77,6.76,6.75553480475382
20230703093001110,6.77,6.76,6.756078431372549
20230703093001130,6.77,6.76,6.756078431372549
20230703093001150,6.77,6.76,6.756078431372549
20230703093001160,6.77,6.76,6.756078431372549
20230703093001170,6.77,6.76,6.756078431372549
20230703093001200,6.77,6.76,6.756078431372549
20230703093001230,6.77,6.76,6.756078431372549
20230703093001240,6.77,6.76,6.756078431372549
20230703093001250,6.77,6.76,6.756078431372549
20230703093001260,6.77,6.76,6.756842105263158
20230703093001280,6.77,6.76,6.756842105263158
20230703093001970,6.77,6.76,6.7570212765957445
20230703093001980,6.77,6.76,6.757291666666666
20230703093001990,6.77,6.76,6.757291666666666
20230703093002000,6.77,6.76,6.757291666666666
20230703093002020,6.77,6.76,6.757291666666666
20230703093002040,6.77,6.76,6.757294981640147
20230703093002050,6.77,6.76,6.757294981640147
20230703093002060,6.77,6.76,6.757321212121212
20230703093002070,6.77,6.76,6.757321212121212
20230703093002080,6.77,6.76,6.757321212121212
20230703093002090,6.77,6.76,6.757321212121212
20230703093002110,6.77,6.76,6.757321212121212
20230703093002120,6.77,6.76,6.757321212121212
20230703093002130,6.77,6.76,6.757321212121212
20230703093002150,6.77,6.76,6.757321212121212
20230703093002170,6.77,6.76,6.757321212121212
20230703093002190,6.77,6.76,6.757321212121212
20230703093002210,6.77,6.76,6.757321212121212
20230703093002220,6.77,6.76,6.757321212121212
20230703093002230,6.77,6.76,6.757321212121212
20230703093002260,6.77,6.76,6.757321212121212
20230703093002280,6.77,6.76,6.757321212121212
20230703093002320,6.77,6.76,6.757321212121212
20230703093002330,6.77,6.76,6.757321212121212
20230703093002340,6.77,6.76,6.757321212121212
20230703093002360,6.77,6.76,6.757321212121212
20230703093002420,6.77,6.76,6.757321212121212
20230703093002440,6.77,6.76,6.757321212121212
20230703093002460,6.77,6.76,6.757321212121212
20230703093002480,6.77,6.76,6.757321212121212
20230703093002520,6.77,6.76,6.757334137515079
20230703093002530,6.77,6.76,6.757334137515079
20230703093002540,6.77,6.76,6.7575444839857655
20230703093002550,6.77,6.76,6.7575444839857655
20230703093002570,6.77,6.76,6.7575444839857655
20230703093002580,6.77,6.76,6.7575444839857655
20230703093002630,6.77,6.76,6.7575444839857655
20230703093002660,6.77,6.76,6.7575444839857655
20230703093002690,6.77,6.76,6.7575444839857655
20230703093002710,6.77,6.76,6.7575444839857655
20230703093003950,6.77,6.76,6.7575444839857655
20230703093003980,6.77,6.76,6.7575444839857655
20230703093004010,6.77,6.76,6.7575444839857655
20230703093004020,6.77,6.76,6.7575444839857655
20230703093004040,6.77,6.76,6.757966601178782
20230703093004060,6.77,6.76,6.757966601178782
20230703093004070,6.77,6.76,6.757966601178782
20230703093004100,6.77,6.76,6.757966601178782
20230703093004130,6.77,6.76,6.75867674858223
20230703093004140,6.77,6.76,6.758698113207547
20230703093004150,6.77,6.77,6.758698113207547
20230703093004170,6.77,6.76,6.75870876531574
20230703093004180,6.77,6.77,6.75870876531574
20230703093004250,6.77,6.77,6.75870876531574
20230703093004280,6.77,6.76,6.758719397363465
20230703093004300,6.77,6.76,6.758719397363465
20230703093004320,6.77,6.76,6.758719397363465
20230703093004330,6.77,6.76,6.758719397363465
20230703093004370,6.77,6.76,6.758719397363465
20230703093004380,6.77,6.76,6.758719397363465
20230703093004390,6.77,6.76,6.758719397363465
20230703093004410,6.77,6.76,6.7587218045112785
20230703093004420,6.77,6.76,6.759418710263397
20230703093004440,6.77,6.76,6.759418710263397
20230703093004450,6.77,6.76,6.759418710263397
20230703093004460,6.77,6.76,6.759418710263397
20230703093004480,6.77,6.76,6.759418710263397
20230703093004490,6.77,6.76,6.759418710263397
20230703093004510,6.77,6.76,6.759418710263397
20230703093004520,6.77,6.76,6.759418710263397
20230703093004550,6.77,6.76,6.759418710263397
20230703093004630,6.77,6.76,6.759418710263397
20230703093004650,6.77,6.76,6.759418710263397
20230703093004660,6.77,6.76,6.759418710263397
20230703093004730,6.77,6.76,6.759418710263397
20230703093004780,6.77,6.76,6.759418710263397
20230703093004790,6.77,6.76,6.759419237749547
20230703093004800,6.77,6.76,6.7601401050788095
20230703093004810,6.77,6.76,6.7601401050788095
20230703093004830,6.77,6.76,6.7601401050788095
20230703093004900,6.77,6.76,6.760131578947369
20230703093004910,6.77,6.76,6.760131578947369
20230703093004920,6.77,6.76,6.760131578947369
20230703093006940,6.77,6.76,6.760131578947369
20230703093006950,6.77,6.76,6.760131578947369
20230703093007110,6.77,6.76,6.760131578947369
20230703093007120,6.77,6.76,6.760315955766193
20230703093007190,6.77,6.76,6.760315955766193
20230703093007240,6.77,6.76,6.760315955766193
20230703093007300,6.77,6.76,6.760315208825847
20230703093007380,6.77,6.76,6.760338050314465
20230703093007430,6.77,6.76,6.760338050314465
20230703093007540,6.77,6.76,6.760345640219953
20230703093007570,6.77,6.76,6.760345640219953
20230703093007580,6.77,6.76,6.760353218210361
20230703093007810,6.77,6.76,6.7603607843137254
20230703093007850,6.77,6.76,6.7603607843137254
20230703093007880,6.77,6.76,6.7603607843137254
20230703093008040,6.77,6.76,6.7603607843137254
20230703093008100,6.77,6.76,6.760360501567398
20230703093008150,6.77,6.76,6.760360501567398
20230703093008200,6.77,6.76,6.7605819295558955
20230703093008230,6.77,6.76,6.7605819295558955
20230703093008240,6.77,6.76,6.7605819295558955
20230703093008250,6.77,6.76,6.7605819295558955
20230703093008370,6.77,6.76,6.7605819295558955
20230703093008380,6.77,6.76,6.7605819295558955
20230703093008400,6.77,6.76,6.7605819295558955
20230703093008410,6.77,6.76,6.760550325850833
20230703093008450,6.77,6.76,6.760550325850833
20230703093008470,6.77,6.76,6.760550325850833
20230703093008640,6.77,6.76,6.7605499276411
20230703093008740,6.77,6.76,6.7605499276411
20230703093008760,6.77,6.76,6.760631276901004
20230703093008780,6.77,6.76,6.760631276901004
20230703093008790,6.77,6.76,6.760631276901004
20230703093008880,6.77,6.76,6.760631276901004
20230703093008900,6.77,6.76,6.760631276901004
20230703093008910,6.77,6.76,6.760631276901004
20230703093008920,6.77,6.76,6.760631276901004
20230703093008950,6.77,6.76,6.760631276901004
20230703093008960,6.77,6.76,6.760631276901004
20230703093008970,6.77,6.76,6.760631276901004
20230703093008990,6.77,6.76,6.760631276901004
20230703093009010,6.77,6.76,6.760631276901004
20230703093009030,6.77,6.76,6.760631276901004
20230703093009040,6.77,6.76,6.760631276901004
20230703093012160,6.77,6.76,6.760631276901004
20230703093012180,6.77,6.76,6.760631276901004
20230703093012240,6.77,6.76,6.760631276901004
20230703093012480,6.77,6.76,6.760631276901004
20230703093012570,6.77,6.76,6.760631276901004
20230703093013020,6.77,6.76,6.760631276901004
20230703093013030,6.77,6.76,6.760631276901004
20230703093013050,6.77,6.76,6.760631276901004
20230703093013080,6.77,6.76,6.760631276901004
20230703093013090,6.77,6.76,6.760631276901004
20230703093013130,6.77,6.76,6.760631276901004
20230703093013150,6.77,6.76,6.760631276901004
20230703093013470,6.77,6.76,6.760631276901004
20230703093013540,6.77,6.76,6.760631276901004
20230703093013590,6.77,6.76,6.760675306957708
20230703093013740,6.77,6.76,6.760675306957708
20230703093013800,6.77,6.76,6.760675306957708
20230703093013860,6.77,6.76,6.760675306957708
20230703093013870,6.77,6.76,6.760675306957708
20230703093014230,6.77,6.76,6.760901315789473
20230703093014310,6.77,6.76,6.761179846938775
20230703093014440,6.77,6.76,6.761179846938775
20230703093014630,6.77,6.76,6.761179846938775
20230703093014950,6.77,6.76,6.761179846938775
20230703093014990,6.77,6.76,6.761179846938775
20230703093017830,6.77,6.76,6.761179846938775
20230703093017900,6.77,6.76,6.761179846938775
20230703093017910,6.77,6.76,6.761179846938775
20230703093017920,6.77,6.76,6.761179846938775
20230703093017930,6.77,6.76,6.761179846938775
20230703093017940,6.77,6.76,6.761179846938775
20230703093018150,6.77,6.76,6.761179846938775
20230703093018160,6.77,6.76,6.761179846938775
20230703093018240,6.77,6.76,6.761179846938775
20230703093018300,6.77,6.76,6.761179846938775
20230703093018570,6.77,6.76,6.761179846938775
20230703093018800,6.77,6.76,6.761179846938775
20230703093018840,6.77,6.76,6.761522753792299
20230703093018920,6.77,6.76,6.761522753792299
20230703093018930,6.77,6.76,6.761522753792299
20230703093019060,6.77,6.76,6.761522753792299
20230703093019080,6.77,6.76,6.761522753792299
20230703093019090,6.77,6.76,6.761522753792299
20230703093019100,6.77,6.76,6.761522753792299
20230703093019290,6.77,6.76,6.761522753792299
20230703093019350,6.77,6.76,6.761522753792299
20230703093019440,6.77,6.76,6.761522753792299
20230703093021660,6.77,6.76,6.761689342403628
20230703093021760,6.77,6.76,6.761689342403628
20230703093021870,6.77,6.76,6.761689342403628
20230703093021880,6.77,6.76,6.761689342403628
20230703093021890,6.77,6.76,6.761689342403628
20230703093021980,6.77,6.76,6.761689342403628
20230703093022030,6.77,6.76,6.761689342403628
20230703093022080,6.77,6.76,6.7617749160134375
20230703093022120,6.77,6.76,6.7617749160134375
20230703093022140,6.77,6.76,6.7617749160134375
20230703093022210,6.76,6.76,6.76134951042997
20230703093022230,6.76,6.76,6.761348936170212
20230703093022240,6.77,6.76,6.7611727709951905
20230703093022260,6.77,6.76,6.7611727709951905
20230703093022370,6.77,6.76,6.7611727709951905
20230703093022390,6.77,6.76,6.7611727709951905
20230703093022560,6.77,6.76,6.761172337278106
20230703093024210,6.76,6.76,6.761172337278106
20230703093024330,6.77,6.76,6.761171470805617
20230703093024340,6.77,6.76,6.761171038049501
20230703093024350,6.77,6.76,6.761184064920694
20230703093024360,6.77,6.76,6.761184064920694
20230703093024440,6.77,6.76,6.7618652144315865
20230703093024450,6.77,6.76,6.7618652144315865
20230703093024650,6.77,6.76,6.7618652144315865
20230703093024680,6.77,6.76,6.7618652144315865
20230703093024700,6.77,6.76,6.7618652144315865
20230703093024750,6.77,6.76,6.761952204644901
20230703093024800,6.77,6.76,6.761952204644901
20230703093024960,6.77,6.76,6.762077534791253
20230703093025030,6.77,6.76,6.762077534791253
20230703093025040,6.77,6.76,6.762077534791253
20230703093025070,6.77,6.76,6.762077534791253
20230703093025080,6.77,6.77,6.762077534791253
20230703093025130,6.77,6.77,6.762080158993044
20230703093025150,6.77,6.77,6.762080158993044
20230703093025190,6.77,6.77,6.762080158993044
20230703093026890,6.77,6.77,6.762080158993044
20230703093027100,6.77,6.77,6.762080158993044
20230703093027140,6.77,6.77,6.762080158993044
20230703093027190,6.77,6.77,6.762080158993044
20230703093027580,6.77,6.77,6.762080158993044
20230703093027860,6.77,6.77,6.762080158993044
20230703093028070,6.77,6.77,6.762080158993044
20230703093029990,6.77,6.77,6.762080158993044
20230703093030010,6.77,6.77,6.762080158993044
20230703093030140,6.77,6.77,6.762080158993044
20230703093030240,6.77,6.77,6.762080158993044
20230703093030490,6.77,6.77,6.762080158993044
20230703093030640,6.77,6.77,6.762080158993044
20230703093030660,6.77,6.77,6.762549326652051
20230703093030700,6.77,6.77,6.762549326652051
20230703093030770,6.77,6.77,6.762549326652051
20230703093032830,6.77,6.77,6.762549326652051
20230703093032850,6.77,6.77,6.762549326652051
20230703093033080,6.77,6.77,6.762549326652051
20230703093033090,6.77,6.77,6.762549326652051
20230703093033100,6.77,6.77,6.762549326652051
20230703093033150,6.77,6.77,6.762556320400501
20230703093033170,6.77,6.77,6.762556320400501
20230703093033330,6.77,6.77,6.762556320400501
20230703093033380,6.77,6.77,6.762556320400501
20230703093033390,6.77,6.77,6.762564102564102
20230703093033470,6.77,6.77,6.762564102564102
20230703093034930,6.77,6.77,6.762564102564102
20230703093035200,6.77,6.77,6.762564102564102
20230703093035230,6.77,6.76,6.762564102564102
20230703093035240,6.77,6.76,6.762564102564102
20230703093035510,6.77,6.76,6.762564102564102
20230703093035530,6.77,6.76,6.762564102564102
20230703093035540,6.77,6.76,6.762564102564102
20230703093035550,6.77,6.77,6.762564102564102
20230703093035870,6.77,6.77,6.762564102564102
20230703093035930,6.77,6.77,6.762564102564102
20230703093035980,6.77,6.77,6.762564102564102
20230703093037640,6.77,6.77,6.762564102564102
20230703093037790,6.77,6.77,6.762564102564102
20230703093037950,6.77,6.77,6.762564102564102
20230703093038030,6.77,6.77,6.762715252152521
20230703093038040,6.77,6.77,6.762730899048788
20230703093038050,6.77,6.77,6.762773032336791
20230703093038060,6.77,6.77,6.762788432267884
20230703093038100,6.77,6.77,6.762803766707169
20230703093038160,6.77,6.76,6.7628156792339915
20230703093038170,6.77,6.76,6.762808955223881
20230703093038180,6.77,6.76,6.762808955223881
20230703093038230,6.77,6.76,6.762808955223881
20230703093038240,6.77,6.76,6.762808955223881
20230703093038320,6.77,6.76,6.762808955223881
20230703093038490,6.77,6.76,6.762808955223881
20230703093038550,6.77,6.76,6.762808955223881
20230703093038710,6.77,6.76,6.762808955223881
20230703093038770,6.77,6.76,6.762808955223881
20230703093038830,6.77,6.76,6.763239759381266
20230703093040420,6.77,6.76,6.763239759381266
20230703093040450,6.77,6.76,6.763282857142857
20230703093040480,6.77,6.76,6.763282857142857
20230703093040540,6.77,6.76,6.763282857142857
20230703093040620,6.77,6.76,6.763322919625106
20230703093040710,6.77,6.76,6.763290213723285
20230703093040730,6.77,6.76,6.763290213723285
20230703093040950,6.77,6.76,6.763290213723285
20230703093041090,6.77,6.76,6.763293985385048
20230703093041350,6.77,6.76,6.763293985385048
20230703093043140,6.77,6.76,6.763293985385048
20230703093043300,6.77,6.76,6.763293985385048
20230703093043350,6.77,6.76,6.763293985385048
20230703093043360,6.77,6.76,6.763381414701803
20230703093043390,6.77,6.76,6.763381414701803
20230703093043570,6.77,6.76,6.763381414701803
20230703093043580,6.77,6.76,6.763473741794311
20230703093043690,6.77,6.76,6.763473741794311
20230703093043700,6.77,6.76,6.763473741794311
20230703093043710,6.77,6.76,6.763473741794311
20230703093043720,6.77,6.76,6.763473741794311
20230703093043730,6.77,6.76,6.763473741794311
20230703093043740,6.77,6.76,6.763660998937301
20230703093043750,6.77,6.76,6.763796151846074
20230703093043880,6.77,6.76,6.763796151846074
20230703093043900,6.77,6.76,6.763796151846074
20230703093043910,6.77,6.77,6.763796151846074
20230703093043990,6.77,6.77,6.763796151846074
20230703093044020,6.77,6.76,6.763825051759834
20230703093045960,6.77,6.76,6.763825051759834
20230703093046030,6.77,6.76,6.763825051759834
20230703093046800,6.77,6.77,6.763825051759834
20230703093046810,6.77,6.77,6.763825051759834
20230703093048430,6.77,6.77,6.763825051759834
20230703093048670,6.77,6.77,6.763825051759834
20230703093048690,6.77,6.77,6.763825051759834
20230703093048850,6.77,6.77,6.763825051759834
20230703093048890,6.77,6.77,6.763825051759834
20230703093049120,6.77,6.77,6.763825051759834
20230703093051240,6.77,6.77,6.763825051759834
20230703093051320,6.77,6.77,6.763825051759834
20230703093051370,6.77,6.77,6.763825051759834
20230703093051430,6.77,6.77,6.763825051759834
20230703093051450,6.77,6.77,6.763825051759834
20230703093051470,6.77,6.77,6.763825051759834
20230703093051830,6.77,6.77,6.763825051759834
20230703093051890,6.77,6.77,6.763825051759834
20230703093051940,6.77,6.77,6.763825051759834
20230703093052130,6.77,6.77,6.763879487179487
20230703093052380,6.77,6.77,6.763879487179487
20230703093054040,6.77,6.77,6.763879487179487
20230703093054380,6.77,6.77,6.763879487179487
20230703093054400,6.77,6.76,6.763879487179487
20230703093054410,6.77,6.76,6.763879487179487
20230703093055070,6.77,6.76,6.763879487179487
20230703093056530,6.77,6.76,6.763879487179487
20230703093056560,6.77,6.76,6.763879487179487
20230703093056930,6.77,6.76,6.763879487179487
20230703093057210,6.78,6.77,6.76468137254902
20230703093057250,6.78,6.77,6.764691605433089
20230703093057720,6.78,6.77,6.764691605433089
20230703093059330,6.78,6.77,6.764691605433089
20230703093059450,6.78,6.77,6.764693968395282
20230703093059580,6.78,6.77,6.7646951490876726
20230703093059660,6.78,6.77,6.7646951490876726
20230703093059790,6.78,6.77,6.7646951490876726
20230703093059800,6.78,6.77,6.7646951490876726
20230703093059850,6.78,6.77,6.764696329254727
20230703093059860,6.78,6.77,6.764696329254727
20230703093059890,6.78,6.77,6.764696329254727
20230703093100010,6.78,6.77,6.764699733096085
20230703093100270,6.78,6.77,6.764712669181273
20230703093100310,6.78,6.77,6.764712669181273
20230703093100340,6.78,6.77,6.764712669181273
20230703093102350,6.78,6.77,6.764712669181273
20230703093102410,6.78,6.77,6.764712669181273
20230703093102470,6.78,6.77,6.764712669181273
20230703093102750,6.78,6.77,6.764712669181273
20230703093102840,6.78,6.77,6.764712669181273
20230703093102850,6.78,6.77,6.764712669181273
20230703093102980,6.78,6.77,6.764712669181273
20230703093103090,6.78,6.77,6.764712669181273
20230703093103160,6.78,6.77,6.764712669181273
20230703093104750,6.78,6.77,6.764712669181273
20230703093105020,6.78,6.77,6.764712669181273
20230703093105150,6.78,6.77,6.764712669181273
20230703093105260,6.78,6.77,6.764712669181273
20230703093105350,6.78,6.77,6.765162462590851
20230703093105570,6.78,6.77,6.765162462590851
20230703093105590,6.78,6.77,6.765162462590851
20230703093107490,6.78,6.77,6.765162462590851
20230703093107530,6.78,6.77,6.765162462590851
20230703093107610,6.78,6.77,6.765162462590851
20230703093107660,6.78,6.77,6.765162462590851
20230703093107670,6.78,6.77,6.765162462590851
20230703093108060,6.78,6.77,6.765162462590851
20230703093108100,6.78,6.77,6.765162462590851
20230703093108190,6.78,6.77,6.765162462590851
20230703093108410,6.78,6.77,6.765162462590851
20230703093108530,6.78,6.77,6.765162462590851
20230703093108540,6.78,6.77,6.765162462590851
20230703093110060,6.78,6.77,6.765162462590851
20230703093110120,6.78,6.77,6.765162462590851
20230703093110150,6.78,6.77,6.7655093945720255
20230703093110180,6.78,6.77,6.7655093945720255
20230703093110220,6.78,6.77,6.7655093945720255
20230703093110280,6.78,6.77,6.7655093945720255
20230703093110310,6.78,6.77,6.7662853191068955
20230703093110330,6.78,6.77,6.766298855112515
20230703093110340,6.78,6.77,6.766298855112515
20230703093110350,6.79,6.77,6.766298855112515
20230703093110360,6.79,6.77,6.767162936933604
20230703093110370,6.79,6.77,6.767359315243125
20230703093110380,6.79,6.77,6.767527403414196
20230703093110400,6.79,6.78,6.767559259757136
20230703093110410,6.79,6.78,6.767559259757136
20230703093110420,6.79,6.78,6.767559259757136
20230703093110440,6.79,6.78,6.767559259757136
20230703093110470,6.79,6.78,6.767559259757136
20230703093110510,6.79,6.78,6.767559259757136
20230703093110550,6.79,6.78,6.7677404762960665
20230703093110570,6.79,6.78,6.7677404762960665
20230703093110640,6.79,6.78,6.767742650645147
20230703093113080,6.79,6.78,6.767757849519508
20230703093113120,6.79,6.78,6.767757849519508
20230703093113130,6.79,6.78,6.767757849519508
20230703093113170,6.79,6.78,6.767757849519508
20230703093113180,6.79,6.78,6.767757849519508
20230703093113190,6.79,6.78,6.767757849519508
20230703093113240,6.79,6.78,6.767757849519508
20230703093113260,6.79,6.78,6.767757849519508
20230703093113380,6.79,6.78,6.767757849519508
20230703093113430,6.79,6.78,6.767757849519508
20230703093113530,6.79,6.78,6.767757849519508
20230703093113700,6.79,6.78,6.767757849519508
20230703093113760,6.79,6.78,6.767757849519508
20230703093113940,6.79,6.78,6.767949967083608
20230703093113950,6.79,6.78,6.767962646323819
20230703093113960,6.79,6.78,6.767964756936834
20230703093115520,6.79,6.78,6.767964756936834
20230703093115570,6.79,6.78,6.7679689759432105
20230703093115790,6.79,6.78,6.7679689759432105
20230703093115820,6.79,6.78,6.7679689759432105
20230703093115900,6.79,6.78,6.7679689759432105
20230703093115940,6.79,6.78,6.7679689759432105
20230703093115960,6.79,6.78,6.7679689759432105
20230703093116050,6.79,6.78,6.7679689759432105
20230703093116100,6.79,6.78,6.7679689759432105
20230703093116210,6.79,6.78,6.7679689759432105
20230703093116240,6.79,6.78,6.7679689759432105
20230703093116350,6.79,6.78,6.7679689759432105
20230703093116610,6.79,6.78,6.7679689759432105
20230703093118390,6.79,6.78,6.7679689759432105
20230703093118560,6.79,6.78,6.7679689759432105
20230703093118960,6.79,6.78,6.7679689759432105
20230703093119080,6.79,6.78,6.7679689759432105
20230703093119100,6.79,6.78,6.768059363711537
20230703093119160,6.79,6.78,6.768059363711537
20230703093119200,6.79,6.78,6.768059363711537
20230703093120890,6.79,6.78,6.768059363711537
20230703093121100,6.79,6.78,6.768059363711537
20230703093121460,6.79,6.78,6.768089877873876
20230703093121830,6.79,6.78,6.768089877873876
20230703093121890,6.79,6.78,6.768105103148751
20230703093122080,6.79,6.78,6.768105103148751
20230703093123870,6.79,6.78,6.768105103148751
20230703093124070,6.79,6.78,6.768105103148751
20230703093124080,6.79,6.78,6.7689319054354415
20230703093124170,6.79,6.78,6.768965906798467
20230703093124220,6.79,6.78,6.768965906798467
20230703093124230,6.79,6.78,6.768965906798467
20230703093124250,6.79,6.78,6.76898191047903
20230703093124280,6.79,6.78,6.76898191047903
20230703093124530,6.79,6.78,6.76898191047903
20230703093124620,6.79,6.78,6.76898191047903
20230703093124720,6.79,6.78,6.76898191047903
20230703093126230,6.79,6.78,6.76898191047903
20230703093126290,6.79,6.78,6.76898191047903
20230703093126320,6.79,6.78,6.76898191047903
20230703093126480,6.79,6.78,6.76898191047903
20230703093126510,6.78,6.78,6.76898191047903
20230703093126720,6.78,6.78,6.76898191047903
20230703093126810,6.78,6.78,6.76898191047903
20230703093127050,6.79,6.78,6.76898191047903
20230703093127150,6.79,6.78,6.76898191047903
20230703093127230,6.79,6.78,6.76898191047903
20230703093127300,6.79,6.78,6.76898191047903
20230703093127320,6.79,6.78,6.76898191047903
20230703093127420,6.79,6.78,6.76898191047903
20230703093128940,6.79,6.78,6.76898191047903
20230703093128960,6.79,6.78,6.76898191047903
20230703093129110,6.79,6.78,6.76898191047903
20230703093129410,6.79,6.78,6.76898191047903
20230703093129460,6.79,6.78,6.76898191047903
20230703093129560,6.78,6.78,6.76898191047903
20230703093129610,6.78,6.78,6.76898191047903
20230703093129900,6.78,6.78,6.76898191047903
20230703093130150,6.78,6.78,6.76898191047903
20230703093131700,6.78,6.78,6.76898191047903
20230703093131840,6.78,6.78,6.76898191047903
20230703093131920,6.78,6.78,6.76898191047903
20230703093132080,6.78,6.78,6.76898191047903
20230703093132280,6.78,6.78,6.76898191047903
20230703093132390,6.78,6.78,6.769232282689962
20230703093132620,6.78,6.78,6.769232282689962
20230703093134450,6.78,6.78,6.769232282689962
20230703093134460,6.78,6.78,6.769232282689962
20230703093134740,6.78,6.78,6.769326364239186
20230703093134820,6.78,6.78,6.769326364239186
20230703093135020,6.78,6.78,6.769331357947678
20230703093135060,6.78,6.78,6.769413903826067
20230703093135090,6.78,6.78,6.769413903826067
20230703093135370,6.78,6.78,6.769413903826067
20230703093135550,6.78,6.78,6.769413903826067
20230703093137160,6.78,6.78,6.769413903826067
20230703093137270,6.78,6.78,6.769413903826067
20230703093137370,6.78,6.78,6.769413903826067
20230703093137410,6.78,6.78,6.769413903826067
20230703093137570,6.78,6.78,6.769413903826067
20230703093137810,6.78,6.78,6.769413903826067
20230703093137920,6.78,6.78,6.769413903826067
20230703093138040,6.78,6.78,6.769413903826067
20230703093138110,6.78,6.78,6.769413903826067
20230703093138240,6.78,6.78,6.769413903826067
20230703093140110,6.78,6.77,6.769413903826067
20230703093140130,6.77,6.77,6.769413903826067
20230703093140140,6.77,6.77,6.769413903826067
20230703093140200,6.77,6.77,6.769452517357817
20230703093140420,6.77,6.77,6.769452517357817
20230703093140590,6.77,6.77,6.769452517357817
20230703093140660,6.77,6.77,6.769452517357817
20230703093140750,6.77,6.77,6.769452517357817
20230703093142450,6.77,6.77,6.769452517357817
20230703093142470,6.77,6.77,6.769452517357817
20230703093142520,6.77,6.77,6.769452517357817
20230703093142640,6.77,6.77,6.769452517357817
20230703093142780,6.77,6.77,6.769452517357817
20230703093142790,6.77,6.77,6.769452517357817
20230703093142940,6.77,6.77,6.769452517357817
20230703093143080,6.77,6.77,6.769452517357817
20230703093143140,6.77,6.77,6.769452517357817
20230703093143190,6.77,6.77,6.769452517357817
20230703093143580,6.77,6.77,6.769452517357817
20230703093145270,6.79,6.77,6.769619506366454
20230703093145460,6.79,6.77,6.769619506366454
20230703093145560,6.79,6.77,6.769619506366454
20230703093145690,6.79,6.77,6.769619506366454
20230703093145860,6.79,6.77,6.769619506366454
20230703093145950,6.78,6.77,6.769619506366454
20230703093146030,6.78,6.77,6.769619506366454
20230703093146080,6.78,6.77,6.769619506366454
20230703093146370,6.78,6.77,6.769619506366454
20230703093147820,6.79,6.77,6.769938108509175
20230703093147910,6.79,6.77,6.769938108509175
20230703093148010,6.79,6.77,6.769938108509175
20230703093148180,6.79,6.77,6.769938108509175
20230703093148520,6.79,6.77,6.769968642998738
20230703093148590,6.79,6.77,6.769968642998738
20230703093148660,6.79,6.77,6.769968642998738
20230703093148900,6.78,6.77,6.769968642998738
20230703093150740,6.78,6.77,6.769968642998738
20230703093151090,6.79,6.77,6.770098544950016
20230703093151270,6.78,6.77,6.770098544950016
20230703093151490,6.78,6.77,6.770098544950016
20230703093151540,6.78,6.77,6.770098544950016
20230703093151600,6.79,6.77,6.7701434288345075
20230703093151610,6.79,6.77,6.7701434288345075
20230703093151670,6.78,6.77,6.7701434288345075
20230703093151760,6.78,6.77,6.7701434288345075
20230703093153550,6.78,6.77,6.7701434288345075
20230703093153850,6.78,6.77,6.7701434288345075
20230703093154030,6.78,6.77,6.7701434288345075
20230703093154240,6.78,6.77,6.7701434288345075
20230703093154430,6.78,6.77,6.770150383921305
20230703093156110,6.78,6.77,6.770150383921305
20230703093156260,6.78,6.77,6.770150383921305
20230703093156450,6.78,6.77,6.770150383921305
20230703093156530,6.78,6.77,6.770150383921305
20230703093156750,6.78,6.77,6.770150383921305
20230703093156930,6.78,6.77,6.770150383921305
20230703093156940,6.78,6.77,6.770150383921305
20230703093156980,6.78,6.77,6.770150383921305
20230703093157040,6.78,6.77,6.770150383921305
20230703093157060,6.78,6.77,6.770150383921305
20230703093157070,6.78,6.77,6.770150383921305
20230703093157120,6.78,6.77,6.770150383921305
20230703093158620,6.78,6.77,6.770150383921305
20230703093158820,6.78,6.77,6.770150383921305
20230703093158870,6.78,6.77,6.770150383921305
20230703093159350,6.78,6.77,6.770150383921305
20230703093159480,6.78,6.77,6.770150383921305
20230703093159550,6.78,6.77,6.770150383921305
20230703093159750,6.78,6.77,6.770150383921305
20230703093201360,6.78,6.77,6.770150383921305
20230703093201400,6.78,6.77,6.770150383921305
20230703093201490,6.78,6.77,6.770150383921305
20230703093201570,6.78,6.77,6.770150383921305
20230703093201630,6.78,6.77,6.770150383921305
20230703093201810,6.78,6.77,6.770150383921305
20230703093201850,6.78,6.77,6.770150383921305
20230703093202000,6.78,6.77,6.770150383921305
20230703093202010,6.78,6.77,6.770150383921305
20230703093202130,6.78,6.77,6.770150383921305
20230703093202160,6.78,6.77,6.770150383921305
20230703093202300,6.78,6.77,6.770150383921305
20230703093202350,6.78,6.77,6.770150383921305
20230703093202510,6.78,6.77,6.770150383921305
20230703093204140,6.78,6.77,6.770150383921305
20230703093204210,6.78,6.77,6.770150383921305
20230703093204410,6.78,6.77,6.770150383921305
20230703093204440,6.78,6.77,6.770150383921305
20230703093204450,6.78,6.77,6.770150383921305
20230703093204480,6.78,6.77,6.770150383921305
20230703093204510,6.78,6.77,6.770150383921305
20230703093204620,6.78,6.77,6.770150383921305
20230703093204630,6.79,6.77,6.770395031913059
20230703093204860,6.79,6.77,6.770395031913059
20230703093204920,6.79,6.77,6.770395031913059
20230703093205090,6.79,6.77,6.770395031913059
20230703093205160,6.78,6.77,6.770395031913059
20230703093206860,6.78,6.77,6.770395031913059
20230703093206920,6.78,6.77,6.770395031913059
20230703093206950,6.78,6.77,6.770395031913059
20230703093207010,6.78,6.77,6.770395031913059
20230703093207050,6.78,6.77,6.770395031913059
20230703093207190,6.78,6.77,6.770395031913059
20230703093207220,6.78,6.77,6.770395031913059
20230703093207340,6.78,6.77,6.770395031913059
20230703093207460,6.78,6.77,6.770395031913059
20230703093207500,6.78,6.77,6.770395031913059
20230703093207650,6.78,6.77,6.770395031913059
20230703093209550,6.78,6.77,6.770395031913059
20230703093209580,6.78,6.77,6.770395031913059
20230703093209930,6.78,6.77,6.770395031913059
20230703093209950,6.79,6.77,6.770395031913059
20230703093210080,6.78,6.77,6.770395031913059
20230703093210280,6.78,6.77,6.770395031913059
20230703093210330,6.79,6.77,6.770606009509999
20230703093210570,6.79,6.77,6.770606009509999
20230703093212480,6.78,6.77,6.770606009509999
20230703093212730,6.78,6.77,6.770606009509999
20230703093212890,6.79,6.77,6.770606009509999
20230703093212900,6.79,6.77,6.770606009509999
20230703093213010,6.79,6.77,6.770606009509999
20230703093213180,6.79,6.77,6.770606009509999
20230703093213220,6.79,6.77,6.770606009509999
20230703093214830,6.79,6.77,6.770791338452918
20230703093214940,6.79,6.77,6.770791338452918
20230703093215130,6.79,6.77,6.770794979079498
20230703093217580,6.79,6.77,6.770794979079498
20230703093217760,6.79,6.77,6.770794979079498
20230703093217860,6.79,6.77,6.770794979079498
20230703093218010,6.79,6.77,6.770794979079498
20230703093218200,6.79,6.77,6.770794979079498
20230703093218270,6.79,6.77,6.770794979079498
20230703093218300,6.79,6.77,6.770794979079498
20230703093218310,6.79,6.77,6.770794979079498
20230703093218320,6.78,6.77,6.770794979079498
20230703093218510,6.78,6.77,6.770794979079498
20230703093218600,6.78,6.77,6.770794979079498
20230703093218630,6.78,6.77,6.770794979079498
20230703093218700,6.78,6.77,6.770794979079498
20230703093220400,6.78,6.77,6.770794979079498
20230703093220870,6.78,6.77,6.770794979079498
20230703093220910,6.78,6.77,6.770794979079498
20230703093220930,6.78,6.77,6.770794979079498
20230703093221050,6.78,6.77,6.770794979079498
20230703093221120,6.78,6.77,6.770794979079498
20230703093221170,6.78,6.77,6.770794979079498
20230703093221470,6.78,6.77,6.770794979079498
20230703093223030,6.78,6.77,6.770794979079498
20230703093223080,6.78,6.77,6.770794979079498
20230703093223170,6.78,6.77,6.770794979079498
20230703093223200,6.78,6.77,6.770794979079498
20230703093223350,6.78,6.77,6.770794979079498
20230703093223490,6.78,6.77,6.770794979079498
20230703093223880,6.79,6.78,6.771556981380985
20230703093223890,6.79,6.78,6.771556981380985
20230703093223910,6.79,6.78,6.771650111193477
20230703093223990,6.79,6.78,6.771650111193477
20230703093224020,6.79,6.78,6.771650111193477
20230703093226150,6.79,6.78,6.771796067006555
20230703093226180,6.79,6.78,6.7717979786211515
20230703093226380,6.79,6.78,6.7717979786211515
20230703093226490,6.79,6.78,6.7717979786211515
20230703093228540,6.79,6.78,6.7717979786211515
20230703093228650,6.79,6.78,6.7717979786211515
20230703093228760,6.79,6.78,6.7717979786211515
20230703093228830,6.79,6.78,6.7717979786211515
20230703093229190,6.79,6.78,6.771817362221899
20230703093229210,6.79,6.78,6.771819265548222
20230703093229220,6.79,6.78,6.771820216879379
20230703093229250,6.79,6.78,6.771820216879379
20230703093229270,6.79,6.78,6.7718391971459235
20230703093229280,6.79,6.78,6.771850543084721
20230703093229290,6.79,6.78,6.7718543180568025
20230703093229300,6.79,6.78,6.771856204231671
20230703093229380,6.79,6.78,6.771872201519485
20230703093229440,6.79,6.78,6.771874079422383
20230703093229500,6.79,6.78,6.771874079422383
20230703093231130,6.79,6.78,6.771875018048457
20230703093231210,6.79,6.78,6.771875018048457
20230703093231380,6.79,6.78,6.771941767126046
20230703093231610,6.79,6.78,6.771962525505073
20230703093231720,6.79,6.78,6.771962525505073
20230703093231730,6.79,6.78,6.771962525505073
20230703093231780,6.79,6.78,6.771962525505073
20230703093231870,6.79,6.78,6.771962525505073
20230703093231880,6.79,6.78,6.771962525505073
20230703093231980,6.79,6.78,6.771962525505073
20230703093232150,6.79,6.78,6.771962525505073
20230703093233800,6.79,6.78,6.771992891742383
20230703093233880,6.79,6.78,6.771992891742383
20230703093233980,6.79,6.78,6.771994956008369
20230703093234080,6.79,6.78,6.771994956008369
20230703093234090,6.79,6.78,6.771994956008369
20230703093234360,6.79,6.78,6.772071002539882
20230703093234390,6.79,6.78,6.772071002539882
20230703093234400,6.79,6.78,6.772161376780928
20230703093234420,6.79,6.78,6.772161376780928
20230703093234510,6.79,6.78,6.772205358395287
20230703093234570,6.79,6.78,6.772205358395287
20230703093234600,6.79,6.78,6.772205358395287
20230703093234640,6.79,6.78,6.772205358395287
20230703093234750,6.79,6.78,6.772243218274964
20230703093234920,6.79,6.78,6.772270758223638
20230703093236750,6.79,6.78,6.772270758223638
20230703093236780,6.79,6.78,6.772270758223638
20230703093236800,6.79,6.78,6.772270758223638
20230703093236810,6.79,6.78,6.772330471983777
20230703093236850,6.79,6.78,6.772330471983777
20230703093236860,6.79,6.78,6.772334730821557
20230703093237070,6.79,6.78,6.77233813448783
20230703093237080,6.79,6.78,6.772345781696194
20230703093237250,6.79,6.78,6.772345781696194
20230703093237280,6.79,6.78,6.772345781696194
20230703093237450,6.79,6.78,6.772345781696194
20230703093237470,6.79,6.78,6.772345781696194
20230703093237500,6.79,6.78,6.772347479003243
20230703093239220,6.79,6.78,6.772347479003243
20230703093239300,6.79,6.78,6.772347479003243
20230703093239610,6.79,6.78,6.772347479003243
20230703093239710,6.79,6.78,6.772347479003243
20230703093239770,6.79,6.78,6.772347479003243
20230703093239970,6.79,6.78,6.772347479003243
20230703093240040,6.79,6.78,6.772347479003243
20230703093240060,6.79,6.78,6.772347479003243
20230703093240080,6.79,6.78,6.772398050499766
20230703093241900,6.79,6.78,6.772398050499766
20230703093241990,6.79,6.78,6.772398050499766
20230703093242370,6.79,6.78,6.772398050499766
20230703093242450,6.79,6.78,6.772398050499766
20230703093242500,6.79,6.78,6.772418925227229
20230703093242670,6.79,6.78,6.772418925227229
20230703093242750,6.79,6.78,6.772418925227229
20230703093242770,6.79,6.78,6.772418925227229
20230703093242790,6.79,6.78,6.772683309442026
20230703093243070,6.79,6.78,6.772683309442026
20230703093244580,6.79,6.78,6.772683309442026
20230703093244770,6.79,6.78,6.772683309442026
20230703093244850,6.79,6.78,6.772683309442026
20230703093245210,6.79,6.78,6.772683309442026
20230703093245240,6.79,6.78,6.772837421257204
20230703093245340,6.79,6.78,6.772837421257204
20230703093245370,6.79,6.78,6.773167705129216
20230703093245410,6.79,6.78,6.773253995239714
20230703093245520,6.79,6.78,6.773253995239714
20230703093245530,6.79,6.78,6.773253995239714
20230703093245660,6.79,6.78,6.773253995239714
20230703093245720,6.79,6.78,6.7735753315717915
20230703093245750,6.79,6.78,6.773912236244574
20230703093245760,6.79,6.78,6.773912236244574
20230703093247500,6.79,6.78,6.773912236244574
20230703093247550,6.79,6.78,6.773912236244574
20230703093247560,6.79,6.78,6.773912236244574
20230703093247750,6.79,6.78,6.773912236244574
20230703093247820,6.79,6.78,6.773912236244574
20230703093248020,6.79,6.78,6.773912236244574
20230703093248110,6.79,6.78,6.773912236244574
20230703093248120,6.79,6.78,6.773912236244574
20230703093248230,6.79,6.78,6.774244293191145
20230703093248240,6.79,6.78,6.774244293191145
20230703093248260,6.79,6.78,6.774244293191145
20230703093248350,6.79,6.78,6.774244293191145
20230703093248360,6.79,6.78,6.774244293191145
20230703093248480,6.79,6.78,6.774246555154373
20230703093249960,6.79,6.78,6.774246555154373
20230703093250070,6.79,6.78,6.774248102758062
20230703093250260,6.79,6.78,6.774248102758062
20230703093250340,6.79,6.78,6.774248102758062
20230703093250610,6.79,6.78,6.774263562087494
20230703093250640,6.79,6.78,6.774263562087494
20230703093250770,6.79,6.78,6.774263562087494
20230703093250820,6.79,6.78,6.774263562087494
20230703093250860,6.79,6.78,6.774263562087494
20230703093251030,6.79,6.78,6.774263562087494
20230703093252850,6.79,6.78,6.774263562087494
20230703093253000,6.79,6.78,6.77431743159645
20230703093253120,6.79,6.78,6.77431743159645
20230703093253160,6.79,6.78,6.77431743159645
20230703093253170,6.79,6.78,6.77431743159645
20230703093253180,6.79,6.78,6.774700508098566
20230703093253200,6.79,6.78,6.774700508098566
20230703093253850,6.79,6.78,6.774821213053459
20230703093253870,6.79,6.78,6.775011333629332
20230703093255410,6.79,6.78,6.775024819967839
20230703093255460,6.79,6.78,6.775024819967839
20230703093255510,6.79,6.78,6.775024819967839
20230703093255820,6.79,6.78,6.775024819967839
20230703093256280,6.8,6.78,6.775079066527343
20230703093256360,6.79,6.78,6.775079066527343
20230703093256420,6.79,6.78,6.775079066527343
20230703093258030,6.79,6.78,6.775080452297476
20230703093258320,6.79,6.78,6.775080452297476
20230703093258410,6.79,6.78,6.775097753406909
20230703093258450,6.79,6.78,6.775097753406909
20230703093258480,6.79,6.78,6.775097753406909
20230703093258730,6.79,6.78,6.775111326457627
20230703093300750,6.79,6.78,6.7751117775983385
20230703093300990,6.79,6.78,6.7751117775983385
20230703093301150,6.79,6.78,6.7751117775983385
20230703093301370,6.79,6.78,6.7751117775983385
20230703093301690,6.8,6.78,6.77524791404732
20230703093301700,6.79,6.78,6.77524791404732
20230703093301920,6.79,6.78,6.77524791404732
20230703093301950,6.79,6.78,6.77524791404732
20230703093303600,6.79,6.78,6.775249262840293
20230703093303800,6.8,6.78,6.77526004431146
20230703093303850,6.8,6.78,6.77526004431146
20230703093304170,6.79,6.78,6.77526004431146
20230703093304260,6.79,6.78,6.77526004431146
20230703093304290,6.79,6.78,6.77526004431146
20230703093304560,6.79,6.78,6.77526004431146
20230703093306130,6.8,6.78,6.775284245091556
20230703093306240,6.8,6.78,6.775284245091556
20230703093306310,6.79,6.78,6.775284245091556
20230703093306470,6.79,6.78,6.775284245091556
20230703093306920,6.79,6.78,6.775284245091556
20230703093306960,6.79,6.78,6.775284245091556
20230703093307020,6.79,6.78,6.775284245091556
20230703093307060,6.79,6.78,6.775284245091556
20230703093307120,6.79,6.78,6.77528553516471
20230703093307270,6.79,6.78,6.77528553516471
20230703093308850,6.79,6.78,6.77528553516471
20230703093309100,6.79,6.78,6.77528553516471
20230703093309130,6.79,6.78,6.77528553516471
20230703093309400,6.79,6.78,6.77529090038969
20230703093309490,6.79,6.78,6.775300280124804
20230703093309630,6.79,6.78,6.775300280124804
20230703093309690,6.79,6.78,6.775300280124804
20230703093309820,6.79,6.78,6.775300280124804
20230703093309970,6.79,6.78,6.775300280124804
20230703093310000,6.79,6.78,6.775300280124804
20230703093311610,6.79,6.78,6.775341675561511
20230703093311660,6.79,6.78,6.775341675561511
20230703093311740,6.79,6.78,6.775341675561511
20230703093312110,6.79,6.78,6.775341675561511
20230703093312450,6.79,6.78,6.775346999931894
20230703093314430,6.79,6.78,6.775349660666864
20230703093314910,6.79,6.78,6.775349660666864
20230703093314950,6.79,6.78,6.775349660666864
20230703093315150,6.79,6.78,6.775349660666864
20230703093315240,6.79,6.78,6.775349660666864
20230703093315330,6.79,6.78,6.775349660666864
20230703093315470,6.79,6.78,6.775349660666864
20230703093317130,6.79,6.78,6.775349660666864
20230703093317250,6.79,6.78,6.775349660666864
20230703093317410,6.79,6.78,6.775349660666864
20230703093317640,6.79,6.78,6.775349660666864
20230703093317940,6.79,6.78,6.775511053657896
20230703093318010,6.79,6.78,6.775518123947236
20230703093318020,6.79,6.78,6.775518123947236
20230703093319670,6.79,6.78,6.775518123947236
20230703093319900,6.79,6.78,6.775518123947236
20230703093320090,6.79,6.78,6.775518123947236
20230703093320110,6.79,6.78,6.775555555555556
20230703093320120,6.79,6.78,6.775571400621725
20230703093320130,6.79,6.78,6.775571400621725
20230703093320260,6.79,6.78,6.775571400621725
20230703093320310,6.79,6.78,6.775571400621725
20230703093320550,6.79,6.78,6.775571400621725
20230703093320600,6.79,6.78,6.775571400621725
20230703093320660,6.79,6.78,6.775571400621725
20230703093320690,6.79,6.78,6.775571400621725
20230703093320820,6.79,6.78,6.775571400621725
20230703093320840,6.79,6.78,6.775571400621725
20230703093320860,6.79,6.78,6.775571400621725
20230703093322320,6.79,6.78,6.775571400621725
20230703093322410,6.79,6.78,6.775571400621725
20230703093322530,6.79,6.78,6.775571400621725
20230703093322730,6.79,6.78,6.775571400621725
20230703093322800,6.79,6.78,6.775571400621725
20230703093322810,6.79,6.78,6.775571400621725
20230703093323020,6.79,6.78,6.775621959393717
20230703093323170,6.79,6.78,6.775621959393717
20230703093323180,6.79,6.78,6.775621959393717
20230703093323260,6.79,6.78,6.775621959393717
20230703093323370,6.79,6.78,6.775621959393717
20230703093325630,6.79,6.78,6.775621959393717
20230703093325850,6.79,6.78,6.775621959393717
20230703093325900,6.79,6.78,6.775621959393717
20230703093325930,6.79,6.78,6.775621959393717
20230703093326080,6.79,6.78,6.775621959393717
20230703093326130,6.79,6.78,6.775621959393717
20230703093327780,6.79,6.78,6.775621959393717
20230703093327850,6.79,6.78,6.775621959393717
20230703093328070,6.79,6.78,6.775621959393717
20230703093328090,6.79,6.78,6.775621959393717
20230703093328260,6.79,6.78,6.775621959393717
20230703093328610,6.79,6.78,6.775621959393717
20230703093328750,6.79,6.78,6.775621959393717
20230703093328870,6.79,6.78,6.775621959393717
20230703093328920,6.79,6.78,6.775621959393717
20230703093330820,6.79,6.78,6.775621959393717
20230703093331080,6.79,6.78,6.775621959393717
20230703093331090,6.79,6.78,6.775621959393717
20230703093331150,6.79,6.78,6.775621959393717
20230703093331160,6.79,6.78,6.775621959393717
20230703093331240,6.79,6.78,6.775621959393717
20230703093331270,6.79,6.78,6.775621959393717
20230703093331330,6.79,6.78,6.775621959393717
20230703093331550,6.79,6.78,6.775621959393717
20230703093331560,6.79,6.78,6.775621959393717
20230703093333250,6.79,6.78,6.775621959393717
20230703093333260,6.79,6.78,6.775823366682613
20230703093333280,6.79,6.78,6.775823366682613
20230703093333290,6.79,6.78,6.77584135859998
20230703093333320,6.79,6.78,6.77584135859998
20230703093333390,6.79,6.78,6.7758694176454854
20230703093333430,6.79,6.78,6.7758694176454854
20230703093333450,6.79,6.78,6.7758694176454854
20230703093333670,6.79,6.78,6.7758694176454854
20230703093333870,6.79,6.78,6.7758694176454854
20230703093334010,6.79,6.78,6.7758694176454854
20230703093334040,6.79,6.78,6.7758694176454854
20230703093334070,6.79,6.78,6.7758694176454854
20230703093334080,6.79,6.78,6.7758694176454854
20230703093334090,6.79,6.78,6.7758694176454854
20230703093334160,6.79,6.78,6.775999442153288
20230703093334170,6.78,6.78,6.775999442153288
20230703093336330,6.78,6.78,6.775999442153288
20230703093336340,6.78,6.78,6.775999442153288
20230703093336380,6.78,6.78,6.775999442153288
20230703093336410,6.78,6.78,6.775999442153288
20230703093336460,6.78,6.78,6.775999442153288
20230703093336670,6.79,6.78,6.775999442153288
20230703093336700,6.78,6.78,6.775999442153288
20230703093336710,6.78,6.78,6.775999442153288
20230703093336800,6.78,6.78,6.775999442153288
20230703093336810,6.78,6.78,6.775999442153288
20230703093336990,6.78,6.78,6.775999442153288
20230703093337020,6.78,6.78,6.775999442153288
20230703093337040,6.78,6.78,6.775999442153288
20230703093338940,6.78,6.78,6.775999442153288
20230703093339260,6.78,6.78,6.775999442153288
20230703093339360,6.78,6.78,6.775999442153288
20230703093339420,6.78,6.78,6.775999442153288
20230703093339540,6.78,6.78,6.775999442153288
20230703093339630,6.78,6.78,6.775999442153288
20230703093339720,6.78,6.78,6.775999442153288
20230703093341480,6.78,6.78,6.775999442153288
20230703093341690,6.78,6.78,6.775999442153288
20230703093343920,6.78,6.78,6.775999442153288
20230703093344120,6.78,6.78,6.775999442153288
20230703093344230,6.78,6.78,6.776007711111553
20230703093344300,6.79,6.78,6.77608337070327
20230703093344310,6.78,6.78,6.77608337070327
20230703093344340,6.78,6.78,6.77608337070327
20230703093344390,6.78,6.78,6.77608337070327
20230703093344440,6.78,6.78,6.77608337070327
20230703093344480,6.78,6.78,6.77608337070327
20230703093344720,6.78,6.78,6.776084897386424
20230703093344730,6.78,6.78,6.776084897386424
20230703093344820,6.78,6.78,6.776084897386424
20230703093344930,6.78,6.78,6.776084897386424
20230703093345130,6.78,6.78,6.776084897386424
20230703093346790,6.78,6.78,6.776084897386424
20230703093347070,6.78,6.78,6.776084897386424
20230703093347440,6.78,6.78,6.776084897386424
20230703093347480,6.78,6.78,6.776084897386424
20230703093347660,6.78,6.77,6.776084897386424
20230703093347710,6.78,6.77,6.776084897386424
20230703093347720,6.78,6.77,6.776084897386424
20230703093347760,6.78,6.76,6.776084897386424
20230703093347800,6.78,6.76,6.776084897386424
20230703093349380,6.78,6.76,6.776084897386424
20230703093349410,6.78,6.76,6.776084897386424
20230703093349520,6.78,6.76,6.776084897386424
20230703093349740,6.78,6.76,6.776084897386424
20230703093349800,6.78,6.76,6.776084897386424
20230703093349820,6.78,6.76,6.775996698466322
20230703093349930,6.78,6.77,6.775996698466322
20230703093349950,6.78,6.77,6.77599976983716
20230703093350330,6.78,6.77,6.77599976983716
20230703093352060,6.78,6.77,6.77599976983716
20230703093352340,6.78,6.77,6.77599976983716
20230703093352360,6.78,6.77,6.77599976983716
20230703093352410,6.78,6.77,6.77599976983716
20230703093352420,6.78,6.77,6.77599976983716
20230703093352490,6.78,6.77,6.77599976983716
20230703093352550,6.78,6.77,6.77599976983716
20230703093352570,6.78,6.77,6.776007427685357
20230703093352640,6.78,6.77,6.776007427685357
20230703093352670,6.78,6.77,6.776007427685357
20230703093352700,6.78,6.77,6.776007427685357
20230703093352760,6.78,6.77,6.776007427685357
20230703093352830,6.78,6.77,6.775976650885099
20230703093352850,6.78,6.77,6.775976650885099
20230703093352960,6.78,6.76,6.775976650885099
20230703093352970,6.78,6.76,6.775976650885099
20230703093352990,6.78,6.76,6.775976650885099
20230703093353030,6.78,6.76,6.775976650885099
20230703093353040,6.78,6.76,6.775976650885099
20230703093354770,6.78,6.76,6.775976650885099
20230703093354810,6.78,6.76,6.775907741152301
20230703093354820,6.78,6.76,6.775907741152301
20230703093355120,6.78,6.76,6.775907741152301
20230703093355340,6.78,6.76,6.775907741152301
20230703093355360,6.78,6.76,6.775907741152301
20230703093355390,6.78,6.76,6.775907741152301
20230703093355520,6.78,6.76,6.775907741152301
20230703093355550,6.78,6.76,6.775907741152301
20230703093355650,6.78,6.76,6.775907741152301
20230703093357470,6.78,6.77,6.775907741152301
20230703093357520,6.78,6.77,6.775907741152301
20230703093357600,6.78,6.77,6.775907741152301
20230703093357620,6.78,6.77,6.775907741152301
20230703093357690,6.78,6.77,6.775907741152301
20230703093357900,6.78,6.77,6.775908352473251
20230703093357930,6.78,6.77,6.775908352473251
20230703093357970,6.78,6.77,6.775908352473251
20230703093358000,6.78,6.77,6.775908352473251
20230703093358060,6.78,6.77,6.775908352473251
20230703093358120,6.78,6.77,6.775908352473251
20230703093358250,6.78,6.77,6.775922254254627
20230703093358270,6.78,6.77,6.775922254254627
20230703093358300,6.78,6.77,6.775918154955491
20230703093358440,6.78,6.77,6.775918154955491
20230703093358460,6.78,6.77,6.775918154955491
20230703093358580,6.78,6.77,6.775918154955491
20230703093358670,6.78,6.77,6.775918154955491
20230703093400110,6.78,6.77,6.775918154955491
20230703093400350,6.78,6.77,6.775918154955491
20230703093400360,6.78,6.77,6.775918154955491
20230703093400420,6.78,6.77,6.775918154955491
20230703093400690,6.78,6.77,6.775918154955491
20230703093400720,6.78,6.77,6.775918154955491
20230703093400770,6.78,6.77,6.775918154955491
20230703093400780,6.78,6.77,6.775924214589248
20230703093400990,6.78,6.77,6.775926935558647
20230703093401090,6.78,6.77,6.775926935558647
20230703093401190,6.78,6.77,6.775926935558647
20230703093401220,6.78,6.77,6.775926935558647
20230703093401300,6.78,6.77,6.775926935558647
20230703093401360,6.78,6.77,6.775926935558647
20230703093402810,6.78,6.77,6.775926935558647
20230703093402930,6.78,6.77,6.775926935558647
20230703093403010,6.78,6.77,6.7759272376643365
20230703093403340,6.78,6.77,6.7759272376643365
20230703093403680,6.78,6.77,6.7759272376643365
20230703093403940,6.78,6.77,6.7759272376643365
20230703093406080,6.78,6.77,6.7759272376643365
20230703093406300,6.78,6.77,6.7759272376643365
20230703093406320,6.78,6.77,6.775930256258222
20230703093406620,6.78,6.77,6.775930256258222
20230703093406650,6.78,6.77,6.775930256258222
20230703093406760,6.78,6.77,6.775930557871528
20230703093408210,6.78,6.77,6.775930557871528
20230703093408260,6.78,6.77,6.775930557871528
20230703093408270,6.78,6.77,6.775930557871528
20230703093408390,6.78,6.77,6.775930557871528
20230703093408790,6.78,6.77,6.775930557871528
20230703093408890,6.78,6.77,6.775930557871528
20230703093408930,6.78,6.77,6.775931022986164
20230703093409230,6.78,6.77,6.775931022986164
20230703093409300,6.78,6.77,6.775931022986164
20230703093410940,6.78,6.77,6.775931022986164
20230703093411150,6.78,6.77,6.775931022986164
20230703093411300,6.78,6.77,6.775931022986164
20230703093411370,6.78,6.76,6.775931022986164
20230703093411580,6.78,6.76,6.775931022986164
20230703093411700,6.78,6.76,6.775931022986164
20230703093411730,6.78,6.76,6.775931022986164
20230703093411750,6.78,6.76,6.775931022986164
20230703093411810,6.78,6.76,6.775931022986164
20230703093411820,6.78,6.76,6.775931022986164
20230703093411880,6.78,6.76,6.775931022986164
20230703093411970,6.78,6.77,6.775931022986164
20230703093412040,6.78,6.77,6.775931022986164
20230703093412090,6.78,6.76,6.775931022986164
20230703093412100,6.78,6.76,6.775931022986164
20230703093412110,6.78,6.76,6.775931022986164
20230703093413810,6.78,6.76,6.775931022986164
20230703093413830,6.78,6.76,6.775931022986164
20230703093413890,6.78,6.76,6.775931022986164
20230703093413950,6.78,6.76,6.775931022986164
20230703093414050,6.78,6.76,6.775931022986164
20230703093414150,6.78,6.77,6.775931022986164
20230703093414360,6.78,6.77,6.775855160942441
20230703093414480,6.78,6.77,6.775855160942441
20230703093414600,6.78,6.77,6.775855160942441
20230703093416330,6.78,6.77,6.775855160942441
20230703093416460,6.78,6.77,6.775855160942441
20230703093416480,6.78,6.77,6.775855160942441
20230703093416500,6.78,6.77,6.775855160942441
20230703093416730,6.78,6.77,6.775855160942441
20230703093416800,6.78,6.76,6.775855160942441
20230703093416820,6.78,6.76,6.775855160942441
20230703093416880,6.78,6.76,6.775855160942441
20230703093416910,6.78,6.76,6.775855160942441
20230703093416950,6.78,6.76,6.775855160942441
20230703093416960,6.78,6.76,6.775855160942441
20230703093416980,6.78,6.76,6.775855160942441
20230703093416990,6.78,6.76,6.775855160942441
20230703093417070,6.78,6.76,6.775855160942441
20230703093417080,6.78,6.76,6.775855160942441
20230703093417100,6.78,6.76,6.775855160942441
20230703093417150,6.78,6.76,6.775855160942441
20230703093417170,6.78,6.76,6.775855160942441
20230703093417190,6.78,6.76,6.775855160942441
20230703093417220,6.78,6.76,6.775717626059794
20230703093417230,6.78,6.76,6.775364493493879
20230703093417240,6.77,6.76,6.775364493493879
20230703093417250,6.77,6.76,6.775364493493879
20230703093417260,6.77,6.76,6.775364493493879
20230703093417280,6.77,6.76,6.775364493493879
20230703093417290,6.77,6.76,6.775364493493879
20230703093417400,6.77,6.76,6.775364493493879
20230703093417410,6.77,6.76,6.775364493493879
20230703093417440,6.77,6.76,6.775364493493879
20230703093417530,6.77,6.76,6.775364493493879
20230703093419110,6.77,6.76,6.775364493493879
20230703093419160,6.77,6.76,6.775364493493879
20230703093419200,6.77,6.76,6.775364493493879
20230703093419210,6.77,6.76,6.775364493493879
20230703093419230,6.77,6.76,6.775364493493879
20230703093419460,6.77,6.76,6.775364493493879
20230703093419570,6.77,6.76,6.77536090238147
20230703093419620,6.77,6.76,6.77536090238147
20230703093419630,6.77,6.76,6.77536090238147
20230703093419710,6.77,6.76,6.77536090238147
20230703093420050,6.77,6.76,6.77536090238147
20230703093420150,6.77,6.76,6.77536090238147
20230703093420160,6.77,6.76,6.77536090238147
20230703093421720,6.77,6.76,6.77536090238147
20230703093422470,6.77,6.76,6.77536090238147
20230703093422590,6.77,6.76,6.77536090238147
20230703093422640,6.77,6.76,6.7753605435346484
20230703093422750,6.77,6.76,6.775359825985109
20230703093422810,6.77,6.76,6.775359825985109
20230703093424680,6.77,6.76,6.775359825985109
20230703093424690,6.77,6.77,6.775359825985109
20230703093424830,6.77,6.77,6.775361378272142
20230703093424960,6.77,6.77,6.775361378272142
20230703093425050,6.77,6.77,6.775361378272142
20230703093425110,6.77,6.77,6.775361378272142
20230703093425170,6.77,6.77,6.775361378272142
20230703093425180,6.77,6.77,6.775361378272142
20230703093425270,6.77,6.77,6.775361378272142
20230703093425580,6.77,6.77,6.775361378272142
20230703093427510,6.77,6.77,6.775361378272142
20230703093427520,6.77,6.77,6.775361378272142
20230703093427740,6.77,6.77,6.775361378272142
20230703093427880,6.77,6.77,6.775361378272142
20230703093427980,6.77,6.77,6.775361378272142
20230703093428010,6.77,6.77,6.775361378272142
20230703093428080,6.77,6.77,6.775361378272142
20230703093428120,6.77,6.76,6.775361378272142
20230703093429830,6.77,6.76,6.775361378272142
20230703093429940,6.77,6.76,6.775361378272142
20230703093429960,6.77,6.76,6.775361378272142
20230703093429970,6.77,6.76,6.775361378272142
20230703093429980,6.77,6.76,6.775361378272142
20230703093430080,6.77,6.76,6.775361378272142
20230703093430090,6.77,6.76,6.775361378272142
20230703093430100,6.77,6.76,6.775361378272142
20230703093430210,6.77,6.76,6.775361378272142
20230703093430220,6.77,6.76,6.775361378272142
20230703093430450,6.77,6.76,6.775361378272142
20230703093430460,6.77,6.76,6.775361378272142
20230703093430950,6.77,6.76,6.775361378272142
20230703093430960,6.77,6.76,6.775361378272142
20230703093432500,6.77,6.76,6.775361378272142
20230703093432510,6.77,6.76,6.775361378272142
20230703093432520,6.77,6.76,6.775361378272142
20230703093432680,6.77,6.76,6.775361378272142
20230703093432820,6.77,6.76,6.775361378272142
20230703093432880,6.77,6.76,6.775361378272142
20230703093432910,6.77,6.76,6.775361378272142
20230703093432930,6.77,6.76,6.775361378272142
20230703093432970,6.77,6.76,6.775361378272142
20230703093433100,6.77,6.76,6.775361378272142
20230703093433380,6.77,6.76,6.775361378272142
20230703093433390,6.77,6.76,6.775361378272142
20230703093433430,6.77,6.76,6.775361378272142
20230703093433520,6.77,6.76,6.775361378272142
20230703093433620,6.77,6.76,6.775361378272142
20230703093433710,6.77,6.76,6.775361378272142
20230703093435470,6.77,6.76,6.775361378272142
20230703093435580,6.77,6.76,6.775361378272142
20230703093435910,6.77,6.76,6.775361378272142
20230703093435940,6.77,6.76,6.775361378272142
20230703093436140,6.77,6.76,6.775361378272142
20230703093436210,6.77,6.76,6.775361378272142
20230703093436300,6.77,6.76,6.775361378272142
20230703093438010,6.77,6.76,6.775361378272142
20230703093438140,6.77,6.76,6.775272480241247
20230703093438240,6.77,6.76,6.775272480241247
20230703093438490,6.77,6.76,6.775272480241247
20230703093438510,6.77,6.76,6.775272480241247
20230703093438530,6.77,6.76,6.775189927654456
20230703093438580,6.77,6.76,6.775188926423334
20230703093438780,6.77,6.76,6.775188926423334
20230703093438850,6.77,6.76,6.775187900555217
20230703093440660,6.77,6.76,6.775187900555217
20230703093440980,6.77,6.76,6.775187900555217
20230703093441110,6.77,6.76,6.775187900555217
20230703093441190,6.77,6.76,6.775184825383235
20230703093441250,6.77,6.76,6.775164849620969
20230703093441550,6.77,6.76,6.775164849620969
20230703093441590,6.77,6.76,6.775164849620969
20230703093441600,6.77,6.76,6.775164849620969
20230703093441840,6.77,6.76,6.775164849620969
20230703093441850,6.77,6.76,6.775164849620969
20230703093443400,6.77,6.76,6.775164849620969
20230703093443490,6.77,6.76,6.775164849620969
20230703093443530,6.77,6.76,6.775162854934973
20230703093443640,6.77,6.76,6.775162854934973
20230703093443700,6.77,6.76,6.775161836503214
20230703093443710,6.77,6.76,6.775161836503214
20230703093443840,6.77,6.76,6.775161836503214
20230703093443970,6.77,6.76,6.775161836503214
20230703093444150,6.77,6.76,6.775161836503214
20230703093444170,6.77,6.76,6.77514492159979
20230703093444310,6.77,6.76,6.77514492159979
20230703093444400,6.77,6.76,6.77514492159979
20230703093446140,6.77,6.76,6.77514492159979
20230703093446170,6.77,6.76,6.77514392909219
20230703093446490,6.77,6.76,6.77514392909219
20230703093446540,6.77,6.76,6.77514392909219
20230703093446610,6.77,6.76,6.775116434449605
20230703093446620,6.77,6.76,6.775116434449605
20230703093446650,6.77,6.76,6.775116434449605
20230703093446960,6.77,6.76,6.775116434449605
20230703093447000,6.77,6.76,6.775116434449605
20230703093447020,6.77,6.76,6.775116434449605
20230703093447070,6.77,6.76,6.775116434449605
20230703093448780,6.77,6.76,6.775116434449605
20230703093448880,6.77,6.76,6.7750930334595445
20230703093449100,6.77,6.76,6.7750930334595445
20230703093449180,6.77,6.76,6.7750930334595445
20230703093449370,6.77,6.76,6.7750930334595445
20230703093449820,6.77,6.76,6.7750930334595445
20230703093449920,6.77,6.76,6.7750930334595445
20230703093449930,6.77,6.76,6.7750930334595445
20230703093449940,6.77,6.76,6.7750930334595445
20230703093449960,6.77,6.76,6.775042118708467
20230703093451400,6.77,6.76,6.775042118708467
20230703093451460,6.77,6.76,6.775042118708467
20230703093451580,6.77,6.76,6.775042118708467
20230703093451740,6.77,6.76,6.775042118708467
20230703093452220,6.77,6.76,6.775042118708467
20230703093452280,6.77,6.76,6.775042118708467
20230703093452290,6.77,6.76,6.775042118708467
20230703093452320,6.77,6.76,6.775042118708467
20230703093454150,6.77,6.76,6.775042118708467
20230703093454400,6.77,6.76,6.775042118708467
20230703093454470,6.77,6.76,6.775042118708467
20230703093454560,6.77,6.76,6.775042118708467
20230703093454780,6.77,6.76,6.775042118708467
20230703093454950,6.77,6.76,6.775042118708467
20230703093454960,6.77,6.76,6.775042118708467
20230703093455020,6.77,6.76,6.775042118708467
20230703093455050,6.77,6.76,6.775042118708467
20230703093455060,6.77,6.76,6.775039511320115
20230703093455250,6.77,6.76,6.774973922197234
20230703093455330,6.77,6.76,6.774886847057707
20230703093456830,6.77,6.76,6.774886847057707
20230703093456890,6.77,6.76,6.7748561281096285
20230703093457040,6.77,6.76,6.7748561281096285
20230703093457080,6.77,6.76,6.7748561281096285
20230703093457330,6.77,6.76,6.7748561281096285
20230703093457380,6.77,6.76,6.7748561281096285
20230703093457490,6.77,6.76,6.774854260618155
20230703093457780,6.77,6.76,6.774854260618155
20230703093457910,6.77,6.76,6.774854260618155
20230703093457960,6.77,6.76,6.774854260618155
20230703093457990,6.77,6.76,6.774751234216637
20230703093458010,6.77,6.76,6.774748605069401
20230703093458020,6.77,6.76,6.774748605069401
20230703093459500,6.77,6.76,6.774748605069401
20230703093459560,6.77,6.76,6.774748605069401
20230703093459650,6.77,6.76,6.774748605069401
20230703093500080,6.77,6.76,6.774748605069401
20230703093500450,6.77,6.76,6.774748605069401
20230703093500490,6.77,6.76,6.774748605069401
20230703093500650,6.77,6.76,6.774748605069401
20230703093500710,6.77,6.76,6.774748605069401
20230703093502210,6.77,6.76,6.774748605069401
20230703093502320,6.77,6.76,6.774748605069401
20230703093502500,6.77,6.76,6.774748605069401
20230703093502640,6.77,6.76,6.774748605069401
20230703093502680,6.77,6.76,6.774748605069401
20230703093502790,6.77,6.76,6.774748605069401
20230703093502900,6.77,6.76,6.774748605069401
20230703093502950,6.77,6.76,6.774727097455358
20230703093503250,6.77,6.76,6.774727097455358
20230703093505040,6.77,6.76,6.774727097455358
20230703093505050,6.77,6.76,6.774727097455358
20230703093505070,6.77,6.76,6.774727097455358
20230703093505090,6.77,6.76,6.774727097455358
20230703093505150,6.77,6.76,6.774727097455358
20230703093505340,6.77,6.76,6.774727097455358
20230703093505610,6.77,6.76,6.774727097455358
20230703093505620,6.77,6.76,6.774727097455358
20230703093506070,6.77,6.76,6.774727097455358
20230703093506090,6.77,6.76,6.774727097455358
20230703093507700,6.77,6.76,6.774716128539806
20230703093507760,6.77,6.76,6.774716128539806
20230703093507800,6.77,6.76,6.774716128539806
20230703093507930,6.77,6.76,6.774716128539806
20230703093507940,6.77,6.76,6.774716128539806
20230703093507990,6.77,6.76,6.774716128539806
20230703093508420,6.78,6.76,6.774716128539806
20230703093508580,6.78,6.76,6.774716128539806
20230703093508670,6.78,6.76,6.774716128539806
20230703093508820,6.78,6.76,6.774716128539806
20230703093510880,6.78,6.76,6.774716128539806
20230703093510990,6.78,6.76,6.774716128539806
20230703093511220,6.78,6.76,6.774716128539806
20230703093511250,6.77,6.76,6.774716128539806
20230703093511540,6.77,6.76,6.774659144051049
20230703093513240,6.77,6.76,6.774659144051049
20230703093513260,6.77,6.76,6.774659144051049
20230703093513410,6.77,6.76,6.774659144051049
20230703093513470,6.77,6.76,6.774659144051049
20230703093513790,6.77,6.76,6.774659144051049
20230703093513930,6.77,6.76,6.774659144051049
20230703093514150,6.77,6.76,6.774659144051049
20230703093514200,6.77,6.76,6.774659144051049
20230703093515760,6.77,6.76,6.774659144051049
20230703093515960,6.77,6.76,6.774634462196389
20230703093516090,6.77,6.76,6.774634462196389
20230703093516120,6.77,6.76,6.774634462196389
20230703093516170,6.77,6.76,6.774634462196389
20230703093516310,6.77,6.76,6.774634462196389
20230703093516360,6.77,6.76,6.774634462196389
20230703093516560,6.78,6.76,6.774634462196389
20230703093516620,6.78,6.76,6.77460033187329
20230703093516800,6.78,6.76,6.77460033187329
20230703093518850,6.78,6.76,6.77460033187329
20230703093518960,6.78,6.76,6.77460033187329
20230703093519030,6.78,6.76,6.7745365011827365
20230703093519080,6.77,6.76,6.7745365011827365
20230703093519220,6.77,6.76,6.7745365011827365
20230703093519230,6.77,6.76,6.7745365011827365
20230703093519310,6.78,6.76,6.7745365011827365
20230703093521330,6.78,6.76,6.7745365011827365
20230703093521400,6.78,6.76,6.7745365011827365
20230703093521940,6.78,6.76,6.7745365011827365
20230703093522070,6.78,6.76,6.7745365011827365
20230703093522260,6.78,6.76,6.7745365011827365
20230703093523900,6.77,6.76,6.7745365011827365
20230703093523920,6.78,6.76,6.7745365011827365
20230703093524000,6.78,6.76,6.774517396267251
20230703093524050,6.78,6.76,6.774517396267251
20230703093524150,6.78,6.76,6.774517396267251
20230703093524160,6.78,6.76,6.774517396267251
20230703093524210,6.78,6.76,6.774517396267251
20230703093524220,6.78,6.76,6.774517396267251
20230703093524640,6.78,6.76,6.774517396267251
20230703093524840,6.78,6.76,6.774517396267251
20230703093526520,6.78,6.76,6.774479732614809
20230703093526560,6.78,6.76,6.774479732614809
20230703093526680,6.78,6.76,6.774479732614809
20230703093526700,6.78,6.76,6.774479732614809
20230703093527070,6.78,6.76,6.774479732614809
20230703093527530,6.78,6.76,6.774453344307109
20230703093529270,6.78,6.76,6.774453344307109
20230703093529790,6.78,6.76,6.774453344307109
20230703093529830,6.78,6.76,6.774453344307109
20230703093530200,6.78,6.76,6.774453344307109
20230703093530460,6.78,6.76,6.774453344307109
20230703093532100,6.78,6.76,6.774426599785864
20230703093532480,6.78,6.76,6.774422369173473
20230703093532580,6.78,6.76,6.774422369173473
20230703093532720,6.78,6.76,6.774422369173473
20230703093532970,6.78,6.76,6.774421004793807
20230703093533110,6.77,6.76,6.774421004793807
20230703093534980,6.77,6.76,6.774421004793807
20230703093535040,6.77,6.76,6.774421004793807
20230703093535090,6.77,6.76,6.774421004793807
20230703093535160,6.77,6.76,6.774421004793807
20230703093535300,6.77,6.76,6.774421004793807
20230703093535520,6.77,6.76,6.774421004793807
20230703093535600,6.77,6.76,6.774421004793807
20230703093535640,6.77,6.76,6.7743872581282085
20230703093535720,6.77,6.76,6.7743872581282085
20230703093535820,6.77,6.76,6.7743872581282085
20230703093535830,6.77,6.76,6.7743872581282085
20230703093535860,6.77,6.76,6.7743872581282085
20230703093537320,6.77,6.76,6.7743872581282085
20230703093537440,6.77,6.76,6.7743872581282085
20230703093537590,6.77,6.76,6.7743872581282085
20230703093537720,6.77,6.76,6.7743872581282085
20230703093537780,6.77,6.76,6.7743872581282085
20230703093537890,6.77,6.76,6.7743872581282085
20230703093537910,6.77,6.76,6.7743872581282085
20230703093538330,6.77,6.76,6.7743872581282085
20230703093538420,6.77,6.76,6.7743872581282085
20230703093538550,6.77,6.76,6.774381769546723
20230703093540110,6.77,6.76,6.774381769546723
20230703093540340,6.77,6.76,6.774381769546723
20230703093540580,6.77,6.76,6.774381769546723
20230703093540710,6.78,6.76,6.774381769546723
20230703093541170,6.78,6.76,6.774381769546723
20230703093542780,6.78,6.76,6.774369138773427
20230703093542840,6.78,6.76,6.774369138773427
20230703093543040,6.78,6.76,6.774369138773427
20230703093543090,6.78,6.76,6.774368883897972
20230703093543140,6.78,6.76,6.77436837423626
20230703093543510,6.78,6.76,6.77436837423626
20230703093543630,6.78,6.76,6.77436837423626
20230703093543740,6.78,6.76,6.774350150760307
20230703093543780,6.78,6.76,6.774350150760307
20230703093543830,6.78,6.76,6.774350150760307
20230703093543880,6.78,6.76,6.774350150760307
20230703093543890,6.78,6.76,6.774350150760307
20230703093543910,6.78,6.76,6.774350150760307
20230703093543930,6.78,6.76,6.774350150760307
20230703093543940,6.78,6.76,6.774350150760307
20230703093543950,6.77,6.76,6.774350150760307
20230703093545600,6.77,6.76,6.774329477509302
20230703093545660,6.77,6.76,6.774329477509302
20230703093545690,6.77,6.76,6.774329477509302
20230703093545790,6.77,6.76,6.774329477509302
20230703093545890,6.77,6.76,6.774329477509302
20230703093545920,6.77,6.76,6.774329477509302
20230703093545960,6.77,6.76,6.774329477509302
20230703093546080,6.78,6.76,6.774329477509302
20230703093546090,6.78,6.77,6.774272369903087
20230703093546100,6.78,6.77,6.774272369903087
20230703093546130,6.78,6.77,6.774272369903087
20230703093546140,6.78,6.77,6.774272369903087
20230703093546180,6.78,6.77,6.774272369903087
20230703093546200,6.78,6.77,6.774272369903087
20230703093546240,6.78,6.77,6.774272369903087
20230703093546260,6.78,6.77,6.774272369903087
20230703093546280,6.78,6.77,6.774272369903087
20230703093546440,6.78,6.77,6.774272369903087
20230703093546470,6.78,6.77,6.774272369903087
20230703093546490,6.78,6.77,6.774272369903087
20230703093546620,6.78,6.77,6.774268710813649
20230703093546630,6.78,6.77,6.774268710813649
20230703093546640,6.78,6.77,6.774268710813649
20230703093548280,6.78,6.77,6.774268710813649
20230703093548450,6.78,6.77,6.774268710813649
20230703093548500,6.77,6.77,6.774268710813649
20230703093548710,6.77,6.77,6.774268710813649
20230703093548760,6.77,6.77,6.774268710813649
20230703093549090,6.78,6.77,6.774259711801047
20230703093549170,6.78,6.77,6.774262653850469
20230703093549180,6.78,6.77,6.774262653850469
20230703093549200,6.78,6.76,6.774261029593892
20230703093549270,6.78,6.77,6.774261029593892
20230703093551330,6.78,6.77,6.774261029593892
20230703093551360,6.78,6.77,6.774261029593892
20230703093551490,6.77,6.77,6.774261029593892
20230703093551700,6.77,6.77,6.774261029593892
20230703093553500,6.77,6.77,6.77425940570722
20230703093553680,6.78,6.77,6.77425940570722
20230703093553770,6.78,6.77,6.77425940570722
20230703093553940,6.78,6.77,6.77425940570722
20230703093554000,6.78,6.77,6.77425940570722
20230703093554160,6.78,6.77,6.774236491502667
20230703093554270,6.77,6.77,6.774236491502667
20230703093554310,6.78,6.77,6.7742278725091225
20230703093554380,6.77,6.77,6.774226678199578
20230703093554470,6.77,6.77,6.7742254845645915
20230703093554610,6.77,6.77,6.7742254845645915
20230703093554620,6.77,6.77,6.7742254845645915
20230703093556230,6.78,6.77,6.774223814607779
20230703093556550,6.77,6.77,6.774223814607779
20230703093556650,6.77,6.77,6.774223814607779
20230703093556690,6.77,6.77,6.774223814607779
20230703093556740,6.77,6.77,6.774223814607779
20230703093556770,6.78,6.76,6.774219475914623
20230703093556960,6.78,6.76,6.774219475914623
20230703093557000,6.78,6.76,6.774219475914623
20230703093557040,6.78,6.76,6.774219475914623
20230703093557170,6.78,6.76,6.774219475914623
20230703093557230,6.78,6.76,6.774207562861406
20230703093559080,6.78,6.76,6.774207562861406
20230703093559100,6.78,6.76,6.774207562861406
20230703093559220,6.78,6.76,6.774207562861406
20230703093559700,6.78,6.76,6.774207562861406
20230703093559750,6.78,6.76,6.774207562861406
20230703093600010,6.78,6.76,6.774208533277639
20230703093601720,6.78,6.76,6.774208533277639
20230703093602190,6.78,6.76,6.774208533277639
20230703093602520,6.78,6.76,6.774208533277639
20230703093602540,6.78,6.76,6.774208533277639
20230703093602630,6.78,6.76,6.774208533277639
20230703093602640,6.78,6.76,6.774208533277639
20230703093602650,6.78,6.76,6.774208533277639
20230703093602670,6.78,6.76,6.774208533277639
20230703093602750,6.78,6.76,6.774208533277639
20230703093602800,6.78,6.76,6.774208533277639
20230703093604390,6.78,6.77,6.774208533277639
20230703093604490,6.78,6.77,6.774208533277639
20230703093604530,6.78,6.77,6.774235978853033
20230703093604710,6.78,6.76,6.774235978853033
20230703093604910,6.78,6.76,6.774233917098383
20230703093604940,6.78,6.76,6.774233917098383
20230703093605020,6.78,6.76,6.774233917098383
20230703093605170,6.78,6.76,6.774236152376881
20230703093605180,6.78,6.77,6.774236152376881
20230703093605230,6.78,6.77,6.774236152376881
20230703093605520,6.78,6.77,6.774236152376881
20230703093607010,6.78,6.77,6.774236152376881
20230703093607270,6.78,6.76,6.774236152376881
20230703093607310,6.78,6.77,6.774236152376881
20230703093607370,6.78,6.77,6.774236152376881
20230703093607400,6.78,6.77,6.774236152376881
20230703093607440,6.78,6.77,6.774247068076341
20230703093607460,6.78,6.77,6.774247068076341
20230703093607480,6.78,6.77,6.774247068076341
20230703093607510,6.78,6.77,6.774247068076341
20230703093607750,6.78,6.77,6.774247068076341
20230703093607760,6.78,6.77,6.774247068076341
20230703093607950,6.78,6.77,6.774247068076341
20230703093608020,6.78,6.77,6.774247068076341
20230703093608150,6.78,6.77,6.774247068076341
20230703093610250,6.78,6.77,6.7742478701944355
20230703093610340,6.78,6.77,6.774254219449453
20230703093612490,6.78,6.77,6.774254219449453
20230703093612520,6.78,6.77,6.774254219449453
20230703093612600,6.78,6.77,6.774254219449453
20230703093612640,6.78,6.77,6.774254219449453
20230703093612800,6.78,6.77,6.774254219449453
20230703093612880,6.78,6.77,6.774254219449453
20230703093612950,6.78,6.77,6.774254219449453
20230703093613010,6.78,6.77,6.774254219449453
20230703093613080,6.78,6.77,6.774254219449453
20230703093613100,6.78,6.77,6.774254219449453
20230703093613120,6.78,6.77,6.774254219449453
20230703093613160,6.78,6.77,6.774254219449453
20230703093613650,6.78,6.77,6.774320751091314
20230703093615140,6.78,6.77,6.774320751091314
20230703093615630,6.78,6.77,6.774320751091314
20230703093616210,6.78,6.77,6.774320751091314
20230703093616240,6.78,6.77,6.774320751091314
20230703093617790,6.78,6.77,6.774320751091314
20230703093617800,6.78,6.77,6.774320751091314
20230703093617980,6.78,6.77,6.774320751091314
20230703093618030,6.78,6.77,6.774320751091314
20230703093618320,6.78,6.77,6.774320751091314
20230703093618370,6.78,6.77,6.774320751091314
20230703093618460,6.78,6.77,6.774320751091314
20230703093618470,6.78,6.77,6.774320751091314
20230703093618510,6.78,6.77,6.774320751091314
20230703093618680,6.78,6.77,6.774320751091314
20230703093618760,6.78,6.76,6.774320751091314
20230703093618800,6.78,6.77,6.774320751091314
20230703093618940,6.78,6.77,6.774320751091314
20230703093620560,6.78,6.77,6.774293785097009
20230703093620760,6.78,6.77,6.774293785097009
20230703093621460,6.78,6.77,6.774293785097009
20230703093623260,6.78,6.77,6.774293785097009
20230703093623720,6.78,6.77,6.774293785097009
20230703093623750,6.78,6.77,6.774293785097009
20230703093624310,6.78,6.77,6.774293785097009
20230703093626150,6.78,6.77,6.774293785097009
20230703093626400,6.78,6.77,6.774293785097009
20230703093626580,6.78,6.77,6.774293785097009
20230703093626880,6.78,6.77,6.774292857115842
20230703093626940,6.78,6.77,6.774292857115842
20230703093627050,6.77,6.76,6.7742748413193326
20230703093628870,6.77,6.76,6.7742748413193326
20230703093629100,6.77,6.76,6.774246510034437
20230703093629610,6.77,6.76,6.774246510034437
20230703093631510,6.77,6.76,6.774246510034437
20230703093631520,6.77,6.76,6.774246510034437
20230703093631640,6.77,6.76,6.774246510034437
20230703093631650,6.77,6.76,6.774246510034437
20230703093631890,6.77,6.76,6.774246510034437
20230703093632130,6.77,6.76,6.774246510034437
20230703093632150,6.77,6.76,6.774246510034437
20230703093634110,6.77,6.76,6.7742460561551985
20230703093634200,6.77,6.76,6.7742460561551985
20230703093634250,6.77,6.76,6.774243108303467
20230703093634260,6.77,6.76,6.774243108303467
20230703093634410,6.77,6.76,6.774243108303467
20230703093634490,6.77,6.76,6.774243108303467
20230703093634530,6.77,6.76,6.774194592920246
20230703093634840,6.77,6.76,6.774194592920246
20230703093636820,6.77,6.76,6.774194592920246
20230703093637060,6.77,6.76,6.774069540785617
20230703093637120,6.77,6.76,6.774063110480474
20230703093637130,6.77,6.76,6.774063110480474
20230703093637490,6.77,6.76,6.774063110480474
20230703093637620,6.77,6.76,6.774063110480474
20230703093637660,6.77,6.76,6.774063110480474
20230703093637750,6.77,6.76,6.774063110480474
20230703093637770,6.77,6.76,6.774063110480474
20230703093640090,6.77,6.76,6.774058667643917
20230703093640110,6.77,6.76,6.774058667643917
20230703093640180,6.77,6.76,6.774058026635332
20230703093640240,6.77,6.76,6.774058026635332
20230703093640270,6.77,6.76,6.774058026635332
20230703093640280,6.77,6.76,6.774058026635332
20230703093640320,6.77,6.76,6.774058026635332
20230703093640460,6.77,6.76,6.774058026635332
20230703093640580,6.77,6.76,6.774058026635332
20230703093640600,6.77,6.76,6.7740561048238614
20230703093642330,6.77,6.76,6.7740561048238614
20230703093642550,6.77,6.76,6.7740413276444
20230703093642560,6.77,6.76,6.774011866301373
20230703093642570,6.77,6.76,6.774011866301373
20230703093642810,6.77,6.76,6.774011866301373
20230703093642840,6.77,6.76,6.774011866301373
20230703093642850,6.77,6.76,6.774011866301373
20230703093643090,6.77,6.76,6.774005988862248
20230703093643130,6.77,6.76,6.774005988862248
20230703093643140,6.77,6.76,6.774005988862248
20230703093643160,6.77,6.76,6.774005988862248
20230703093643330,6.77,6.76,6.773997289866519
20230703093643340,6.77,6.76,6.773997289866519
20230703093644850,6.77,6.76,6.773997080661766
20230703093644920,6.77,6.76,6.773997080661766
20230703093644980,6.77,6.76,6.773997080661766
20230703093645000,6.77,6.76,6.773996453178874
20230703093645100,6.77,6.76,6.773979170606891
20230703093645270,6.77,6.76,6.773979170606891
20230703093645370,6.77,6.76,6.773979170606891
20230703093645960,6.77,6.76,6.773979170606891
20230703093647540,6.77,6.76,6.773979170606891
20230703093647620,6.77,6.76,6.773979170606891
20230703093647830,6.77,6.76,6.773979170606891
20230703093648080,6.77,6.76,6.773978756003495
20230703093648260,6.77,6.76,6.773949334137274
20230703093648280,6.77,6.76,6.773949334137274
20230703093650300,6.77,6.76,6.773949334137274
20230703093650450,6.77,6.76,6.773949334137274
20230703093650580,6.77,6.76,6.773949334137274
20230703093650630,6.77,6.76,6.773949334137274
20230703093651070,6.77,6.76,6.773949334137274
20230703093651110,6.77,6.76,6.773949334137274
20230703093651250,6.77,6.76,6.773949334137274
20230703093651310,6.77,6.76,6.773949334137274
20230703093652890,6.78,6.76,6.773949334137274
20230703093653080,6.78,6.76,6.773949334137274
20230703093653110,6.78,6.76,6.773949334137274
20230703093653300,6.78,6.76,6.773949334137274
20230703093653510,6.78,6.76,6.773949334137274
20230703093653580,6.78,6.76,6.773949334137274
20230703093653990,6.78,6.76,6.773949334137274
20230703093655910,6.78,6.76,6.773949334137274
20230703093656040,6.78,6.76,6.773949334137274
20230703093656170,6.78,6.76,6.773949334137274
20230703093656760,6.78,6.76,6.773949334137274
20230703093656810,6.78,6.76,6.773949334137274
20230703093658440,6.78,6.76,6.773949334137274
20230703093658900,6.77,6.76,6.773949334137274
20230703093658940,6.77,6.76,6.773949334137274
20230703093659020,6.77,6.76,6.773949334137274
20230703093659150,6.77,6.76,6.773949334137274
20230703093659220,6.77,6.76,6.773949334137274
20230703093659440,6.77,6.76,6.773949334137274
20230703093701140,6.77,6.76,6.773949334137274
20230703093701280,6.77,6.76,6.773949334137274
20230703093701400,6.77,6.76,6.773949334137274
20230703093701580,6.77,6.76,6.773949334137274
20230703093701700,6.77,6.76,6.773949334137274
20230703093702080,6.77,6.76,6.773949334137274
20230703093703730,6.77,6.76,6.773949334137274
20230703093704060,6.77,6.76,6.773949334137274
20230703093704470,6.77,6.76,6.773949334137274
20230703093706380,6.77,6.76,6.773949334137274
20230703093706410,6.77,6.76,6.773949334137274
20230703093706870,6.77,6.76,6.773949334137274
20230703093706940,6.77,6.76,6.773949334137274
20230703093707110,6.77,6.76,6.773949334137274
20230703093707450,6.77,6.76,6.773949334137274
20230703093707540,6.77,6.76,6.773864876478321
20230703093709410,6.77,6.76,6.7738646808782
20230703093709900,6.77,6.76,6.7738646808782
20230703093710150,6.77,6.76,6.773863898675661
20230703093710200,6.77,6.76,6.773863898675661
20230703093712570,6.77,6.76,6.77385999240765
20230703093714710,6.78,6.76,6.773858042233974
20230703093714730,6.78,6.76,6.773858042233974
20230703093715110,6.78,6.76,6.773852009198919
20230703093715140,6.78,6.76,6.7738514263580045
20230703093715190,6.78,6.76,6.7738514263580045
20230703093717450,6.78,6.76,6.7738514263580045
20230703093717500,6.78,6.76,6.7738514263580045
20230703093720110,6.78,6.76,6.7738514263580045
20230703093720210,6.78,6.76,6.7738514263580045
20230703093720340,6.78,6.76,6.7738514263580045
20230703093720610,6.78,6.76,6.7738514263580045
20230703093720700,6.78,6.76,6.7738514263580045
20230703093720980,6.78,6.76,6.7738514263580045
20230703093722600,6.78,6.76,6.7738514263580045
20230703093722700,6.78,6.76,6.7738514263580045
20230703093722730,6.78,6.76,6.7738514263580045
20230703093723060,6.78,6.76,6.7738514263580045
20230703093723390,6.78,6.76,6.7738514263580045
20230703093723470,6.78,6.76,6.7738514263580045
20230703093723500,6.78,6.76,6.7738514263580045
20230703093725950,6.78,6.76,6.7738514263580045
20230703093726080,6.78,6.77,6.7738514263580045
20230703093726120,6.78,6.77,6.7738259112050825
20230703093726170,6.78,6.77,6.773824186360114
20230703093726180,6.78,6.77,6.773823611757346
20230703093726420,6.78,6.77,6.773823611757346
20230703093728080,6.78,6.77,6.773823037327227
20230703093728090,6.78,6.77,6.773818066153307
20230703093728120,6.78,6.77,6.773814250961901
20230703093728150,6.78,6.77,6.773813869862073
20230703093728170,6.78,6.77,6.773812917445599
20230703093728190,6.78,6.77,6.773812536612188
20230703093728230,6.78,6.77,6.773812346224008
20230703093728270,6.78,6.77,6.773812346224008
20230703093728360,6.78,6.77,6.773811394568267
20230703093728390,6.78,6.77,6.773810823802842
20230703093728420,6.78,6.77,6.773810633585687
20230703093728430,6.78,6.77,6.773808922485428
20230703093728480,6.78,6.77,6.773808922485428
20230703093728590,6.78,6.77,6.7738070230642995
20230703093728740,6.78,6.77,6.7738070230642995
20230703093729010,6.78,6.77,6.7738070230642995
20230703093729090,6.78,6.77,6.773806263826172
20230703093729100,6.78,6.77,6.773806074063955
20230703093729150,6.78,6.77,6.77380588432066
20230703093731130,6.78,6.77,6.77380588432066
20230703093731300,6.78,6.77,6.77380588432066
20230703093731470,6.78,6.77,6.77380569459628
20230703093731530,6.78,6.77,6.77380569459628
20230703093731670,6.78,6.77,6.77380569459628
20230703093731680,6.78,6.77,6.77380569459628
20230703093733420,6.78,6.77,6.77380569459628
20230703093733600,6.78,6.77,6.77380569459628
20230703093733620,6.78,6.77,6.77380569459628
20230703093733890,6.78,6.77,6.77380569459628
20230703093733980,6.78,6.77,6.773803419378271
20230703093734000,6.78,6.76,6.77380209342365
20230703093734050,6.77,6.76,6.77380209342365
20230703093734110,6.77,6.76,6.77380209342365
20230703093734120,6.77,6.76,6.773774464999376
20230703093734160,6.77,6.76,6.773774277411689
20230703093734570,6.77,6.76,6.773774277411689
20230703093736380,6.78,6.76,6.773812103988971
20230703093736410,6.78,6.76,6.773812103988971
20230703093736440,6.78,6.76,6.773829781889236
20230703093736510,6.78,6.76,6.773829781889236
20230703093736650,6.78,6.77,6.773829781889236
20230703093736950,6.78,6.77,6.773829781889236
20230703093738880,6.78,6.77,6.773829781889236
20230703093739020,6.78,6.77,6.773830389670643
20230703093739190,6.78,6.77,6.773830389670643
20230703093739550,6.78,6.77,6.773833123205897
20230703093739810,6.78,6.77,6.773833123205897
20230703093739870,6.78,6.77,6.773833123205897
20230703093739910,6.78,6.77,6.773833123205897
20230703093740040,6.78,6.77,6.773833123205897
20230703093741690,6.78,6.77,6.773833123205897
20230703093741890,6.78,6.77,6.773833123205897
20230703093741920,6.78,6.77,6.773833123205897
20230703093741940,6.78,6.77,6.773833123205897
20230703093742020,6.78,6.77,6.773833123205897
20230703093742040,6.78,6.77,6.773833123205897
20230703093742400,6.78,6.77,6.773833123205897
20230703093744300,6.78,6.77,6.773833123205897
20230703093744540,6.78,6.77,6.773833123205897
20230703093744640,6.78,6.77,6.773833123205897
20230703093744790,6.78,6.77,6.773833123205897
20230703093744980,6.78,6.77,6.773833123205897
20230703093745230,6.78,6.77,6.773832624347559
20230703093745260,6.78,6.77,6.773888456527209
20230703093745300,6.78,6.77,6.773888456527209
20230703093747010,6.78,6.77,6.773936267358571
20230703093747610,6.78,6.77,6.773936267358571
20230703093747660,6.78,6.77,6.773936267358571
20230703093748140,6.78,6.77,6.773936267358571
20230703093749640,6.78,6.77,6.773936267358571
20230703093749730,6.78,6.77,6.773936267358571
20230703093749750,6.78,6.77,6.773937145690686
20230703093749800,6.78,6.77,6.773970624318463
20230703093750040,6.78,6.77,6.773970624318463
20230703093750590,6.78,6.77,6.773970624318463
20230703093752330,6.78,6.77,6.773970624318463
20230703093752340,6.78,6.77,6.773970624318463
20230703093752360,6.78,6.77,6.773970624318463
20230703093752430,6.78,6.77,6.773970624318463
20230703093752600,6.78,6.77,6.773970624318463
20230703093752790,6.78,6.77,6.773970624318463
20230703093752890,6.78,6.77,6.773970624318463
20230703093753000,6.78,6.77,6.773970624318463
20230703093753040,6.78,6.77,6.773970624318463
20230703093753080,6.78,6.77,6.774023143337616
20230703093753100,6.78,6.77,6.7740279757463
20230703093753300,6.78,6.77,6.7740279757463
20230703093753520,6.78,6.77,6.774032233151641
20230703093755010,6.78,6.77,6.774032233151641
20230703093755050,6.78,6.77,6.774032233151641
20230703093755090,6.78,6.77,6.774032233151641
20230703093755220,6.78,6.78,6.7740477918399025
20230703093755240,6.78,6.78,6.7740477918399025
20230703093755320,6.78,6.77,6.774050330086562
20230703093755350,6.78,6.77,6.774050330086562
20230703093755890,6.78,6.77,6.774050330086562
20230703093755900,6.78,6.77,6.774050330086562
20230703093756010,6.78,6.77,6.774050330086562
20230703093756020,6.78,6.77,6.774050330086562
20230703093756040,6.78,6.77,6.774050330086562
20230703093756130,6.78,6.77,6.774051175687783
20230703093756220,6.78,6.77,6.774051175687783
20230703093758080,6.78,6.77,6.774051175687783
20230703093758120,6.78,6.77,6.774051175687783
20230703093758170,6.78,6.77,6.774053147822858
20230703093758200,6.78,6.77,6.774053147822858
20230703093758230,6.78,6.77,6.774053147822858
20230703093758380,6.78,6.77,6.774053147822858
20230703093758590,6.78,6.77,6.774053711049876
20230703093758870,6.78,6.77,6.774053711049876
20230703093758910,6.78,6.77,6.774053711049876
20230703093800540,6.78,6.77,6.774053711049876
20230703093801040,6.78,6.77,6.774053711049876
20230703093801070,6.78,6.77,6.774054274170217
20230703093801140,6.78,6.77,6.774054274170217
20230703093801200,6.78,6.77,6.7740568068924425
20230703093801330,6.78,6.77,6.7740568068924425
20230703093801430,6.78,6.77,6.7740568068924425
20230703093806030,6.78,6.77,6.7740568068924425
20230703093806370,6.78,6.77,6.7740568068924425
20230703093806400,6.78,6.77,6.7740568068924425
20230703093806600,6.78,6.77,6.7740568068924425
20230703093806620,6.78,6.77,6.774057650653753
20230703093808660,6.78,6.77,6.774059056390332
20230703093809020,6.78,6.77,6.774059056390332
20230703093809100,6.78,6.77,6.774059056390332
20230703093809570,6.78,6.77,6.774059056390332
20230703093811440,6.78,6.77,6.774044322674653
20230703093811650,6.78,6.77,6.7740451648208175
20230703093811660,6.78,6.77,6.7740451648208175
20230703093811840,6.78,6.77,6.7740451648208175
20230703093812020,6.78,6.77,6.7740451648208175
20230703093812080,6.78,6.77,6.7740451648208175
20230703093812300,6.78,6.77,6.7740451648208175
20230703093814100,6.78,6.77,6.774047970255445
20230703093814360,6.78,6.77,6.774047970255445
20230703093814650,6.78,6.77,6.774047970255445
20230703093815020,6.78,6.77,6.774047970255445
20230703093816640,6.78,6.77,6.774049371981723
20230703093816650,6.78,6.77,6.774049371981723
20230703093816920,6.78,6.77,6.774049371981723
20230703093817020,6.78,6.77,6.774049371981723
20230703093817060,6.78,6.77,6.774049371981723
20230703093817170,6.78,6.77,6.774050492887474
20230703093817530,6.78,6.77,6.774050492887474
20230703093817540,6.78,6.77,6.774050492887474
20230703093820000,6.78,6.77,6.774050492887474
20230703093820200,6.78,6.77,6.774052173454539
20230703093822080,6.78,6.77,6.774052173454539
20230703093822260,6.78,6.77,6.774052173454539
20230703093822440,6.78,6.77,6.774052173454539
20230703093822470,6.78,6.77,6.774052173454539
20230703093822510,6.78,6.77,6.774052173454539
20230703093822530,6.78,6.77,6.774066141344705
20230703093822640,6.78,6.77,6.774066141344705
20230703093822740,6.78,6.77,6.774066141344705
20230703093822750,6.78,6.77,6.774066141344705
20230703093822760,6.78,6.77,6.774065950374952
20230703093822770,6.78,6.77,6.774065759423136
20230703093822890,6.78,6.77,6.774046754392895
20230703093822930,6.78,6.77,6.774046754392895
20230703093823160,6.78,6.77,6.774046754392895
20230703093823210,6.78,6.77,6.774047589113328
20230703093824940,6.78,6.77,6.774047589113328
20230703093825220,6.78,6.77,6.774047589113328
20230703093825350,6.78,6.77,6.774038152444714
20230703093825380,6.78,6.77,6.774038152444714
20230703093827460,6.78,6.77,6.774038152444714
20230703093827800,6.78,6.77,6.774039721147496
20230703093827870,6.78,6.77,6.774039721147496
20230703093827930,6.78,6.77,6.774039721147496
20230703093828070,6.78,6.77,6.774040554439425
20230703093828120,6.78,6.77,6.774040554439425
20230703093828260,6.78,6.77,6.774040554439425
20230703093828600,6.78,6.77,6.774040554439425
20230703093830410,6.78,6.77,6.774040554439425
20230703093830560,6.78,6.77,6.774040554439425
20230703093830600,6.78,6.77,6.774040554439425
20230703093831120,6.78,6.77,6.774040554439425
20230703093831130,6.78,6.77,6.774040554439425
20230703093831270,6.78,6.77,6.774040554439425
20230703093833040,6.78,6.77,6.774040554439425
20230703093833180,6.78,6.77,6.774041387498387
20230703093833400,6.78,6.77,6.774041387498387
20230703093836340,6.78,6.77,6.774041387498387
20230703093836410,6.78,6.77,6.774041387498387
20230703093836550,6.78,6.77,6.774041387498387
20230703093838420,6.78,6.77,6.774041387498387
20230703093838590,6.78,6.77,6.774041387498387
20230703093838870,6.78,6.77,6.774041387498387
20230703093838920,6.78,6.77,6.774041387498387
20230703093839020,6.78,6.77,6.774041387498387
20230703093839140,6.78,6.77,6.774041387498387
20230703093839150,6.78,6.77,6.773980550799093
20230703093839230,6.78,6.77,6.773975077764543
20230703093839320,6.78,6.77,6.7739745312887365
20230703093841080,6.78,6.77,6.7739745312887365
20230703093841210,6.78,6.77,6.7739745312887365
20230703093841430,6.78,6.77,6.7739745312887365
20230703093841480,6.78,6.77,6.7739745312887365
20230703093841520,6.78,6.77,6.773974167055
20230703093841550,6.78,6.77,6.773974167055
20230703093841570,6.78,6.77,6.773974167055
20230703093841600,6.78,6.77,6.77396508285838
20230703093841610,6.78,6.77,6.77396472035425
20230703093841700,6.78,6.77,6.77396472035425
20230703093841830,6.78,6.77,6.773959833027973
20230703093843640,6.78,6.77,6.773959833027973
20230703093843690,6.77,6.77,6.773959833027973
20230703093844170,6.77,6.77,6.773959833027973
20230703093844180,6.77,6.77,6.773959833027973
20230703093844500,6.77,6.77,6.773959833027973
20230703093844620,6.78,6.77,6.77394991454167
20230703093844630,6.78,6.77,6.7739497346654485
20230703093844640,6.78,6.77,6.773940761695065
20230703093844650,6.78,6.77,6.773913732504794
20230703093844710,6.78,6.77,6.773913732504794
20230703093844740,6.78,6.77,6.773913732504794
20230703093844790,6.77,6.77,6.773910203610557
20230703093844800,6.77,6.77,6.773910203610557
20230703093846810,6.77,6.77,6.773910203610557
20230703093846850,6.77,6.77,6.773910203610557
20230703093846940,6.77,6.77,6.773910203610557
20230703093847060,6.77,6.77,6.773910203610557
20230703093847330,6.77,6.77,6.773910203610557
20230703093847530,6.77,6.77,6.773910203610557
20230703093848990,6.77,6.77,6.773910203610557
20230703093849030,6.77,6.77,6.773910203610557
20230703093849060,6.77,6.77,6.773910203610557
20230703093849130,6.77,6.77,6.773910203610557
20230703093849190,6.77,6.77,6.773910203610557
20230703093849200,6.77,6.77,6.773910203610557
20230703093849700,6.77,6.77,6.773910203610557
20230703093850060,6.77,6.77,6.773866419596473
20230703093851740,6.77,6.77,6.773866419596473
20230703093851770,6.77,6.77,6.773866419596473
20230703093851790,6.77,6.77,6.773866419596473
20230703093852110,6.77,6.77,6.773866419596473
20230703093852160,6.77,6.77,6.773866419596473
20230703093852240,6.77,6.77,6.773866419596473
20230703093852290,6.77,6.77,6.773866419596473
20230703093854580,6.77,6.77,6.773866419596473
20230703093854620,6.77,6.77,6.773866419596473
20230703093855160,6.77,6.77,6.773866419596473
20230703093855300,6.77,6.77,6.773866419596473
20230703093855560,6.77,6.77,6.773865174803078
20230703093857280,6.77,6.77,6.773865174803078
20230703093857360,6.77,6.77,6.773865174803078
20230703093857640,6.77,6.77,6.773865174803078
20230703093857760,6.77,6.77,6.773865174803078
20230703093858050,6.77,6.77,6.773865174803078
20230703093859780,6.77,6.77,6.773865174803078
20230703093859790,6.77,6.77,6.773865174803078
20230703093900260,6.77,6.77,6.773865174803078
20230703093900270,6.77,6.77,6.773865174803078
20230703093900350,6.77,6.77,6.773865174803078
20230703093900400,6.77,6.77,6.773865174803078
20230703093900490,6.77,6.77,6.773865174803078
20230703093900650,6.77,6.77,6.773865174803078
20230703093900690,6.77,6.77,6.773865174803078
20230703093900850,6.77,6.77,6.773865174803078
20230703093900900,6.77,6.77,6.773865174803078
20230703093902480,6.77,6.77,6.773865174803078
20230703093902640,6.77,6.77,6.773865174803078
20230703093902650,6.77,6.77,6.773865174803078
20230703093902840,6.77,6.77,6.773865174803078
20230703093902930,6.77,6.77,6.773865174803078
20230703093903230,6.77,6.77,6.773865174803078
20230703093903240,6.77,6.77,6.773865174803078
20230703093903260,6.77,6.77,6.773865174803078
20230703093903280,6.77,6.77,6.773865174803078
20230703093903330,6.77,6.77,6.773865174803078
20230703093903400,6.77,6.77,6.773865174803078
20230703093903560,6.77,6.77,6.773865174803078
20230703093903630,6.77,6.76,6.773865174803078
20230703093905230,6.77,6.76,6.773865174803078
20230703093905830,6.77,6.76,6.773865174803078
20230703093905960,6.77,6.76,6.773865174803078
20230703093906200,6.77,6.76,6.773865174803078
20230703093907890,6.77,6.76,6.773865174803078
20230703093910810,6.77,6.76,6.773865174803078
20230703093910890,6.77,6.76,6.773865174803078
20230703093911650,6.77,6.76,6.773865174803078
20230703093911670,6.77,6.76,6.773865174803078
20230703093911800,6.77,6.76,6.773865174803078
20230703093913380,6.77,6.76,6.773865174803078
20230703093913820,6.77,6.76,6.773865174803078
20230703093913870,6.77,6.76,6.773865174803078
20230703093913880,6.77,6.76,6.773865174803078
20230703093914030,6.77,6.76,6.773865174803078
20230703093914260,6.77,6.76,6.773865174803078
20230703093914460,6.77,6.76,6.773865174803078
20230703093914470,6.77,6.76,6.773763253699758
20230703093916080,6.77,6.76,6.773763253699758
20230703093916090,6.77,6.76,6.773763253699758
20230703093916440,6.77,6.76,6.773763253699758
20230703093916570,6.77,6.76,6.773763253699758
20230703093916590,6.77,6.76,6.773763253699758
20230703093916610,6.77,6.76,6.773763253699758
20230703093916660,6.77,6.76,6.773763253699758
20230703093916760,6.77,6.76,6.773740069958558
20230703093916770,6.77,6.76,6.773740069958558
20230703093916780,6.77,6.76,6.773740069958558
20230703093916810,6.77,6.76,6.773739460914793
20230703093917200,6.77,6.76,6.773739460914793
20230703093917230,6.77,6.76,6.773666765578766
20230703093918680,6.76,6.76,6.773666765578766
20230703093918730,6.76,6.76,6.773666765578766
20230703093918830,6.76,6.76,6.773666765578766
20230703093918990,6.76,6.76,6.773666765578766
20230703093919050,6.76,6.76,6.773666765578766
20230703093919130,6.76,6.76,6.773666765578766
20230703093919140,6.76,6.76,6.773666765578766
20230703093919180,6.76,6.76,6.773666765578766
20230703093919210,6.76,6.76,6.773666765578766
20230703093919410,6.76,6.76,6.773666765578766
20230703093919570,6.76,6.76,6.773666765578766
20230703093919670,6.76,6.76,6.773666765578766
20230703093919680,6.76,6.76,6.773666765578766
20230703093919700,6.76,6.76,6.7736502353775885
20230703093919830,6.76,6.76,6.7736502353775885
20230703093921420,6.76,6.76,6.7736502353775885
20230703093921510,6.76,6.76,6.7736502353775885
20230703093921650,6.76,6.76,6.7736502353775885
20230703093921690,6.76,6.76,6.7736502353775885
20230703093921710,6.76,6.76,6.7736502353775885
20230703093921960,6.76,6.76,6.7736502353775885
20230703093922100,6.76,6.76,6.7736502353775885
20230703093922120,6.76,6.76,6.7736502353775885
20230703093922450,6.76,6.76,6.7736502353775885
20230703093924130,6.76,6.76,6.7736502353775885
20230703093924160,6.76,6.76,6.7736502353775885
20230703093924270,6.76,6.76,6.7736502353775885
20230703093924650,6.76,6.76,6.7736502353775885
20230703093924770,6.76,6.76,6.7736502353775885
20230703093924870,6.76,6.76,6.7736502353775885
20230703093925130,6.76,6.76,6.7736502353775885
20230703093925180,6.76,6.76,6.7736502353775885
20230703093925290,6.76,6.76,6.7736502353775885
20230703093927330,6.76,6.76,6.7736502353775885
20230703093927670,6.77,6.76,6.773456920515504
20230703093927680,6.76,6.76,6.773456920515504
20230703093927720,6.76,6.76,6.773456920515504
20230703093927760,6.76,6.76,6.773456920515504
20230703093929850,6.76,6.76,6.773456920515504
20230703093929880,6.76,6.76,6.773456920515504
20230703093930040,6.76,6.76,6.773456920515504
20230703093930060,6.76,6.76,6.773456920515504
20230703093930210,6.76,6.76,6.773456920515504
20230703093930230,6.76,6.76,6.773456920515504
20230703093930240,6.76,6.76,6.773456920515504
20230703093930290,6.76,6.76,6.773456920515504
20230703093930300,6.76,6.76,6.773456920515504
20230703093930320,6.76,6.76,6.773456920515504
20230703093930420,6.76,6.76,6.773456920515504
20230703093930550,6.76,6.76,6.773456920515504
20230703093932190,6.76,6.76,6.773456920515504
20230703093932380,6.76,6.76,6.773456920515504
20230703093932580,6.76,6.76,6.773456920515504
20230703093932620,6.76,6.76,6.773456920515504
20230703093932630,6.76,6.76,6.773456920515504
20230703093932790,6.76,6.76,6.773456920515504
20230703093933160,6.76,6.76,6.773456920515504
20230703093935430,6.76,6.76,6.773456920515504
20230703093935800,6.76,6.76,6.773456920515504
20230703093935920,6.76,6.76,6.773456920515504
20230703093935940,6.76,6.76,6.773456920515504
20230703093936100,6.76,6.76,6.773456920515504
20230703093937720,6.76,6.76,6.773456920515504
20230703093937730,6.76,6.76,6.773456920515504
20230703093937880,6.76,6.76,6.773456920515504
20230703093938500,6.76,6.76,6.773456920515504
20230703093938720,6.76,6.76,6.773456920515504
20230703093940590,6.76,6.76,6.773456920515504
20230703093940650,6.76,6.76,6.773456920515504
20230703093940760,6.76,6.76,6.773456920515504
20230703093941420,6.76,6.76,6.773456920515504
20230703093943030,6.76,6.76,6.773456920515504
20230703093943080,6.76,6.76,6.773456920515504
20230703093943180,6.76,6.76,6.773456920515504
20230703093943220,6.76,6.76,6.773456920515504
20230703093943270,6.76,6.76,6.773456920515504
20230703093943420,6.76,6.76,6.773456920515504
20230703093943490,6.76,6.76,6.773456920515504
20230703093943520,6.76,6.76,6.773456920515504
20230703093943870,6.76,6.76,6.773456920515504
20230703093943960,6.76,6.76,6.773456920515504
20230703093945960,6.76,6.76,6.773456920515504
20230703093946140,6.76,6.76,6.773456920515504
20230703093946190,6.76,6.76,6.7729201302858115
20230703093946290,6.76,6.76,6.772913608280642
20230703093946400,6.76,6.76,6.772913608280642
20230703093946530,6.76,6.76,6.772913608280642
20230703093946650,6.76,6.76,6.772913608280642
20230703093948730,6.76,6.76,6.772913608280642
20230703093948810,6.76,6.76,6.772913608280642
20230703093948880,6.76,6.76,6.772805869497295
20230703093948920,6.76,6.76,6.772805869497295
20230703093948930,6.76,6.76,6.772805869497295
20230703093949140,6.76,6.76,6.772805869497295
20230703093949380,6.76,6.76,6.772805869497295
20230703093951320,6.76,6.76,6.772805869497295
20230703093951500,6.76,6.76,6.772805869497295
20230703093951560,6.76,6.76,6.772805869497295
20230703093951730,6.76,6.76,6.772805869497295
20230703093951950,6.76,6.76,6.772805869497295
20230703093952220,6.76,6.76,6.772805869497295
20230703093952240,6.76,6.76,6.772805869497295
20230703093954010,6.77,6.76,6.772708048747991
20230703093954150,6.77,6.76,6.772708048747991
20230703093954410,6.77,6.76,6.772708048747991
20230703093954530,6.77,6.76,6.772708048747991
20230703093954710,6.77,6.76,6.772708048747991
20230703093956680,6.76,6.76,6.772708048747991
20230703093956840,6.76,6.76,6.772708048747991
20230703093957460,6.76,6.76,6.772708048747991
20230703093957610,6.76,6.76,6.772708048747991
20230703093957640,6.76,6.76,6.772708048747991
20230703093959180,6.76,6.76,6.772708048747991
20230703093959280,6.76,6.76,6.772708048747991
20230703093959680,6.76,6.76,6.772708048747991
20230703093959810,6.76,6.76,6.772708048747991
20230703093959930,6.77,6.76,6.772708048747991
20230703093959970,6.77,6.76,6.772708048747991
20230703094001860,6.77,6.76,6.772708048747991
20230703094001970,6.77,6.76,6.772708048747991
20230703094002080,6.77,6.76,6.772708048747991
20230703094002380,6.77,6.76,6.772708048747991
20230703094002520,6.77,6.76,6.772708048747991
20230703094002640,6.77,6.76,6.772708048747991
20230703094002690,6.76,6.76,6.772708048747991
20230703094002750,6.76,6.76,6.772708048747991
20230703094002830,6.76,6.76,6.772708048747991
20230703094002910,6.76,6.76,6.772708048747991
20230703094002990,6.76,6.76,6.772708048747991
20230703094004580,6.77,6.76,6.772708048747991
20230703094004700,6.77,6.76,6.772708048747991
20230703094004720,6.77,6.76,6.772464877756639
20230703094004950,6.76,6.76,6.772464877756639
20230703094005010,6.77,6.76,6.772464877756639
20230703094005030,6.77,6.76,6.772464877756639
20230703094005050,6.77,6.76,6.772464877756639
