SecurityID,TradeTime,TradePrice,TradeQty,TradeAmount,BuyNo,SellNo,TradeIndex,ChannelNo,TradeBSFlag,BizIndex
600000,20230228092500080,7.180,100,718.000,148166,136402,5572,5,N,45093
600000,20230228092500080,7.180,100,718.000,160636,137556,5573,5,N,45094
600000,20230228092500080,7.180,1100,7898.000,160636,187530,5574,5,N,45095
600000,20230228092500080,7.180,2100,15078.000,160636,187570,5575,5,N,45096
600000,20230228092500080,7.180,900,6462.000,160636,188592,5576,5,N,45097
600000,20230228092500080,7.180,200,1436.000,160636,160661,5577,5,N,45098
600000,20230228092500080,7.180,1000,7180.000,160636,121777,5578,5,N,45099
600000,20230228092500080,7.180,400,2872.000,160636,123560,5579,5,N,45100
600000,20230228092500080,7.180,100,718.000,160650,123560,5580,5,N,45101
600000,20230228092500080,7.180,100,718.000,160940,123560,5581,5,N,45102
600000,20230228092500080,7.180,400,2872.000,186756,123560,5582,5,N,45103
600000,20230228092500080,7.180,1800,12924.000,186756,125095,5583,5,N,45104
600000,20230228092500080,7.180,100,718.000,175046,125095,5584,5,N,45105
600000,20230228092500080,7.180,677,4860.860,179438,125095,5585,5,N,45106
600000,20230228092500080,7.180,500,3590.000,179438,19398,5586,5,N,45107
600000,20230228092500080,7.180,600,4308.000,179438,29884,5587,5,N,45108
600000,20230228092500080,7.180,5600,40208.000,179438,75788,5588,5,N,45109
600000,20230228092500080,7.180,300,2154.000,179438,3302,5589,5,N,45110
600000,20230228092500080,7.180,2000,14360.000,179438,92275,5590,5,N,45111
600000,20230228092500080,7.180,8600,61748.000,179438,128182,5591,5,N,45112
600000,20230228092500080,7.180,3000,21540.000,179438,140744,5592,5,N,45113
600000,20230228092500080,7.180,1100,7898.000,179438,199551,5593,5,N,45114
600000,20230228092500080,7.180,3000,21540.000,179438,202775,5594,5,N,45115
600000,20230228092500080,7.180,623,4473.140,179438,208662,5595,5,N,45116
600000,20230228092500080,7.180,2177,15630.860,206742,208662,5596,5,N,45117
600000,20230228092500080,7.180,18000,129240.000,206742,211215,5597,5,N,45118
600000,20230228092500080,7.180,5823,41809.140,206742,213307,5598,5,N,45119
600000,20230228092500080,7.180,400,2872.000,21019,213307,5599,5,N,45120
600000,20230228092500080,7.180,5477,39324.860,144919,213307,5600,5,N,45121
600000,20230228092500080,7.180,2523,18115.140,144919,213361,5601,5,N,45122
600000,20230228092500080,7.180,1000,7180.000,174258,213361,5602,5,N,45123
600000,20230228092500080,7.180,377,2706.860,182956,213361,5603,5,N,45124
600000,20230228092500080,7.180,2423,17397.140,182956,213384,5604,5,N,45125
600000,20230228092500080,7.180,1400,10052.000,211924,213384,5605,5,N,45126
600000,20230228092500080,7.180,3200,22976.000,46261,213384,5606,5,N,45127
600000,20230228092500080,7.180,1477,10604.860,155368,213384,5607,5,N,45128
600000,20230228092500080,7.180,523,3755.140,155368,213414,5608,5,N,45129
600000,20230228092500080,7.180,2000,14360.000,161393,213414,5609,5,N,45130
600000,20230228093000160,7.180,1100,7898.000,214661,213414,22078,5,B,241651
600000,20230228093000180,7.170,1000,7170.000,62083,214779,22141,5,S,241818
600000,20230228093000180,7.170,1200,8604.000,105651,214779,22142,5,S,241819
600000,20230228093000180,7.170,300,2151.000,120535,214779,22143,5,S,241820
600000,20230228093000180,7.170,1000,7170.000,160280,214779,22144,5,S,241821
600000,20230228093000180,7.170,500,3585.000,170741,214779,22145,5,S,241822
600000,20230228093000590,7.180,600,4308.000,219806,213414,23817,5,B,248069
600000,20230228093000730,7.180,177,1270.860,221206,213414,24294,5,B,249866
600000,20230228093000730,7.180,300,2154.000,221206,213619,24295,5,B,249867
600000,20230228093001830,7.190,4300,30917.000,231942,7108,27157,5,B,262597
600000,20230228093001830,7.180,100,718.000,221206,232087,27208,5,S,262775
600000,20230228093002390,7.190,1800,12942.000,239523,7108,29279,5,B,271470
600000,20230228093002390,7.190,4500,32355.000,239786,7108,29655,5,B,272058
600000,20230228093002390,7.190,1800,12942.000,239797,7108,29657,5,B,272069
600000,20230228093003080,7.190,2700,19413.000,247772,7108,32106,5,B,281581
600000,20230228093003350,7.180,100,718.000,221206,250949,33081,5,S,285352
600000,20230228093004400,7.180,200,1436.000,221206,265081,37241,5,S,302339
600000,20230228093004790,7.180,100,718.000,221206,269202,38440,5,S,307251
600000,20230228093005250,7.180,100,718.000,221206,275512,40584,5,S,314941
600000,20230228093005250,7.180,923,6627.140,221206,275524,40587,5,S,314962
600000,20230228093005250,7.180,477,3424.860,271129,275524,40588,5,S,314963
600000,20230228093005390,7.180,100,718.000,271129,276690,40990,5,S,316401
600000,20230228093005540,7.180,100,718.000,271129,278540,41857,5,S,318919
600000,20230228093005680,7.180,100,718.000,271129,280059,42362,5,S,320757
600000,20230228093005680,7.180,100,718.000,271129,280060,42363,5,S,320758
600000,20230228093005680,7.180,100,718.000,271129,280061,42364,5,S,320759
600000,20230228093005770,7.190,9800,70462.000,281080,7108,42698,5,B,321996
600000,20230228093005770,7.180,23,165.140,271129,281507,42818,5,S,322505
600000,20230228093005770,7.180,77,552.860,277891,281507,42819,5,S,322506
600000,20230228093005910,7.180,223,1601.140,277891,282379,43099,5,S,323550
600000,20230228093006420,7.180,277,1988.860,288643,282379,44891,5,B,330854
600000,20230228093006420,7.180,23,165.140,288643,283071,44892,5,B,330855
600000,20230228093006910,7.180,77,552.860,294398,283071,46572,5,B,337710
600000,20230228093007120,7.180,923,6627.140,294398,296504,47236,5,S,340235
600000,20230228093007120,7.170,25500,182835.000,170741,296504,47237,5,S,340236
600000,20230228093007120,7.170,500,3585.000,171435,296504,47238,5,S,340237
600000,20230228093007120,7.170,26000,186420.000,175112,296504,47239,5,S,340238
600000,20230228093007120,7.170,2000,14340.000,217793,296504,47240,5,S,340239
600000,20230228093007120,7.170,1077,7722.090,226784,296504,47241,5,S,340240
600000,20230228093007280,7.190,1200,8628.000,299290,7108,48253,5,B,343736
600000,20230228093007880,7.180,100,718.000,305423,305233,50296,5,B,351262
600000,20230228093007880,7.180,400,2872.000,305741,305233,50576,5,B,351797
600000,20230228093007880,7.180,200,1436.000,305741,305287,50577,5,B,351798
600000,20230228093007880,7.190,800,5752.000,305741,7108,50578,5,B,351799
600000,20230228093007880,7.190,1400,10066.000,305742,7108,50579,5,B,351801
600000,20230228093008020,7.190,7000,50330.000,307240,7108,51320,5,B,353796
600000,20230228093008940,7.180,100,718.000,308626,318475,55335,5,S,367884
600000,20230228093009930,7.180,100,718.000,328474,320170,58777,5,B,380374
600000,20230228093009930,7.180,100,718.000,328474,320673,58778,5,B,380375
600000,20230228093010020,7.180,300,2154.000,328474,329858,59400,5,S,382184
600000,20230228093010020,7.180,100,718.000,328474,329895,59425,5,S,382232
600000,20230228093010500,7.180,1100,7898.000,328474,335930,61772,5,S,390023
600000,20230228093010920,7.180,100,718.000,328474,340285,63684,5,S,395939
600000,20230228093010920,7.180,100,718.000,329344,340285,63685,5,S,395940
600000,20230228093010920,7.190,2500,17975.000,340917,7108,63972,5,B,396761
600000,20230228093011340,7.180,100,718.000,329344,344170,65348,5,S,401030
600000,20230228093011390,7.190,1600,11504.000,345017,7108,65729,5,B,402122
600000,20230228093011390,7.180,100,718.000,329344,345170,65805,5,S,402323
600000,20230228093011440,7.180,100,718.000,329344,345594,65939,5,S,402842
600000,20230228093011740,7.180,300,2154.000,329344,347913,66826,5,S,405820
600000,20230228093011740,7.180,2000,14360.000,332037,347913,66827,5,S,405821
600000,20230228093011740,7.180,200,1436.000,334969,347913,66828,5,S,405822
600000,20230228093011740,7.180,100,718.000,338558,347913,66829,5,S,405823
600000,20230228093012150,7.190,400,2876.000,350880,7108,68077,5,B,409774
600000,20230228093012150,7.190,2200,15818.000,350884,7108,68080,5,B,409779
600000,20230228093012150,7.190,2700,19413.000,350890,7108,68082,5,B,409785
600000,20230228093012190,7.190,800,5752.000,351674,7108,68426,5,B,410897
600000,20230228093012190,7.190,1500,10785.000,351685,7108,68432,5,B,410909
600000,20230228093012190,7.190,400,2876.000,351690,7108,68434,5,B,410914
600000,20230228093012190,7.190,2100,15099.000,351691,7108,68435,5,B,410915
600000,20230228093012190,7.190,700,5033.000,351696,7108,68437,5,B,410921
600000,20230228093012760,7.180,1300,9334.000,338558,356445,70732,5,S,417603
600000,20230228093012760,7.180,100,718.000,339353,356445,70733,5,S,417604
600000,20230228093012760,7.180,200,1436.000,341311,356445,70734,5,S,417605
600000,20230228093012760,7.180,600,4308.000,346734,356445,70735,5,S,417606
600000,20230228093012760,7.180,300,2154.000,349577,356445,70736,5,S,417607
600000,20230228093012850,7.180,2700,19386.000,349577,356996,71068,5,S,418455
600000,20230228093013730,7.190,3600,25884.000,361295,7108,72913,5,B,424527
600000,20230228093015200,7.190,900,6471.000,365046,7108,74774,5,B,430475
600000,20230228093015200,7.190,1300,9347.000,365048,7108,74775,5,B,430479
600000,20230228093015520,7.180,100,718.000,349577,366994,76176,5,S,433943
600000,20230228093015540,7.190,300,2157.000,367060,7108,76210,5,B,434038
600000,20230228093015540,7.190,200,1438.000,367060,10818,76211,5,B,434039
600000,20230228093015540,7.190,900,6471.000,367064,10818,76214,5,B,434043
600000,20230228093015540,7.190,200,1438.000,367064,34955,76215,5,B,434044
600000,20230228093015540,7.190,1300,9347.000,367071,34955,76220,5,B,434052
600000,20230228093015540,7.190,500,3595.000,367072,34955,76221,5,B,434053
600000,20230228093015540,7.190,1800,12942.000,367082,34955,76229,5,B,434066
600000,20230228093015540,7.190,1000,7190.000,367088,34955,76234,5,B,434073
600000,20230228093015540,7.190,200,1438.000,367089,34955,76235,5,B,434074
600000,20230228093015540,7.190,200,1438.000,367089,74077,76236,5,B,434075
600000,20230228093015540,7.190,600,4314.000,367093,74077,76239,5,B,434080
600000,20230228093015540,7.190,200,1438.000,367095,74077,76241,5,B,434083
600000,20230228093015540,7.190,100,719.000,367095,115660,76242,5,B,434084
600000,20230228093015540,7.190,300,2157.000,367104,115660,76250,5,B,434098
600000,20230228093015540,7.190,400,2876.000,367109,115660,76251,5,B,434103
600000,20230228093015560,7.190,2200,15818.000,367166,115660,76292,5,B,434196
600000,20230228093015560,7.190,1200,8628.000,367218,115660,76320,5,B,434266
600000,20230228093015560,7.190,400,2876.000,367235,115660,76329,5,B,434285
600000,20230228093015610,7.190,700,5033.000,367333,115660,76381,5,B,434438
600000,20230228093015610,7.190,200,1438.000,367362,115660,76391,5,B,434472
600000,20230228093015610,7.190,800,5752.000,367362,147613,76392,5,B,434473
600000,20230228093015610,7.190,700,5033.000,367390,147613,76404,5,B,434513
600000,20230228093016030,7.190,7700,55363.000,368283,147613,76857,5,B,435827
600000,20230228093016030,7.190,3000,21570.000,368283,185306,76858,5,B,435828
600000,20230228093016030,7.190,5200,37388.000,368283,190226,76859,5,B,435829
600000,20230228093018190,7.190,1400,10066.000,372350,190226,79399,5,B,442253
600000,20230228093018190,7.190,2200,15818.000,372355,190226,79401,5,B,442263
600000,20230228093018190,7.190,1900,13661.000,372364,190226,79403,5,B,442274
600000,20230228093018190,7.190,2000,14380.000,372368,190226,79405,5,B,442280
600000,20230228093018190,7.190,800,5752.000,372376,190226,79409,5,B,442293
600000,20230228093020690,7.180,200,1436.000,349577,377497,82472,5,S,450412
600000,20230228093020840,7.190,200,1438.000,377930,190226,82755,5,B,451113
600000,20230228093021510,7.190,100,719.000,380894,190226,84649,5,B,455859
600000,20230228093023960,7.190,3300,23727.000,385069,190226,86981,5,B,462185
600000,20230228093024120,7.190,5200,37388.000,385588,190226,87291,5,B,462956
600000,20230228093024300,7.180,100,718.000,349577,386532,88030,5,S,464599
600000,20230228093024650,7.190,5200,37388.000,387765,190226,88834,5,B,466744
600000,20230228093025340,7.190,5200,37388.000,388864,190226,89522,5,B,468498
600000,20230228093025770,7.190,2400,17256.000,389368,190226,89817,5,B,469346
600000,20230228093025960,7.190,2800,20132.000,389625,190226,89944,5,B,469720
600000,20230228093027130,7.190,800,5752.000,391782,190226,91319,5,B,473075
600000,20230228093027130,7.190,600,4314.000,391783,190226,91320,5,B,473076
600000,20230228093027130,7.190,1400,10066.000,391784,190226,91321,5,B,473077
600000,20230228093027130,7.190,700,5033.000,391785,190226,91322,5,B,473078
600000,20230228093028110,7.190,5200,37388.000,394696,190226,93613,5,B,478026
600000,20230228093029220,7.190,1300,9347.000,396274,190226,94565,5,B,480441
600000,20230228093030110,7.190,2900,20851.000,398058,190226,95727,5,B,483210
600000,20230228093030110,7.190,300,2157.000,398059,190226,95728,5,B,483211
600000,20230228093030110,7.190,400,2876.000,398060,190226,95729,5,B,483212
600000,20230228093030220,7.190,400,2876.000,398349,190226,95971,5,B,483675
600000,20230228093030340,7.190,1100,7909.000,399166,190226,96399,5,B,484868
600000,20230228093030550,7.190,100,719.000,400016,190226,97006,5,B,486217
600000,20230228093030610,7.180,200,1436.000,349577,400269,97112,5,S,486550
600000,20230228093031180,7.190,5200,37388.000,401389,190226,97747,5,B,488148
600000,20230228093032440,7.190,5700,40983.000,403528,190226,99115,5,B,491428
600000,20230228093032760,7.190,15000,107850.000,404140,190226,99551,5,B,492424
600000,20230228093033090,7.190,1400,10066.000,404911,190226,99935,5,B,493547
600000,20230228093033090,7.190,1900,13661.000,404911,199501,99936,5,B,493548
600000,20230228093033100,7.190,2200,15818.000,404955,199501,99954,5,B,493602
600000,20230228093033220,7.190,200,1438.000,405502,199501,100277,5,B,494417
600000,20230228093033220,7.190,2700,19413.000,405526,199501,100294,5,B,494450
600000,20230228093033220,7.190,300,2157.000,405526,204051,100295,5,B,494451
600000,20230228093033220,7.190,300,2157.000,405526,209245,100296,5,B,494452
600000,20230228093033220,7.190,3900,28041.000,405527,209245,100297,5,B,494454
600000,20230228093033220,7.190,800,5752.000,405531,209245,100300,5,B,494459
600000,20230228093033240,7.190,2000,14380.000,405742,209245,100385,5,B,494727
600000,20230228093033350,7.190,600,4314.000,406348,209245,100713,5,B,495680
600000,20230228093033350,7.190,1600,11504.000,406348,232163,100714,5,B,495681
600000,20230228093033610,7.190,400,2876.000,407298,232163,101247,5,B,497274
600000,20230228093033610,7.190,1900,13661.000,407298,254859,101248,5,B,497275
600000,20230228093033610,7.190,3400,24446.000,407298,258759,101249,5,B,497276
600000,20230228093033610,7.190,100,719.000,407298,279616,101250,5,B,497277
600000,20230228093033610,7.190,1100,7909.000,407298,285655,101251,5,B,497278
600000,20230228093033610,7.190,100,719.000,407298,285675,101252,5,B,497279
600000,20230228093035090,7.190,100,719.000,409642,285677,102747,5,B,501087
600000,20230228093036220,7.190,300,2157.000,412278,288922,104516,5,B,505374
600000,20230228093036220,7.190,100,719.000,412278,291443,104517,5,B,505375
600000,20230228093036220,7.190,300,2157.000,412278,293292,104518,5,B,505376
600000,20230228093036220,7.190,400,2876.000,412282,293292,104519,5,B,505381
600000,20230228093036220,7.190,600,4314.000,412282,294294,104520,5,B,505382
600000,20230228093036220,7.190,400,2876.000,412282,296474,104521,5,B,505383
600000,20230228093036250,7.190,300,2157.000,412423,296474,104583,5,B,505564
600000,20230228093036250,7.190,100,719.000,412423,320174,104584,5,B,505565
600000,20230228093036250,7.190,200,1438.000,412423,334279,104585,5,B,505566
600000,20230228093036540,7.190,900,6471.000,413414,334279,105156,5,B,507043
600000,20230228093037830,7.190,1900,13661.000,415492,334279,106469,5,B,510287
600000,20230228093037830,7.190,100,719.000,415492,338062,106470,5,B,510288
600000,20230228093037830,7.190,200,1438.000,415492,398161,106471,5,B,510289
600000,20230228093038000,7.190,700,5033.000,415740,398161,106610,5,B,510654
600000,20230228093038250,7.190,2000,14380.000,416204,398161,106885,5,B,511341
600000,20230228093038250,7.190,300,2157.000,416204,399236,106886,5,B,511342
600000,20230228093039200,7.190,200,1438.000,418081,399236,108050,5,B,514280
600000,20230228093039300,7.190,300,2157.000,418524,399236,108316,5,B,514978
600000,20230228093039670,7.190,2200,15818.000,419469,399236,108913,5,B,516460
600000,20230228093039670,7.190,100,719.000,419469,414957,108914,5,B,516461
600000,20230228093039800,7.190,3100,22289.000,419469,419670,109010,5,S,516744
600000,20230228093040170,7.190,100,719.000,419723,420219,109345,5,S,517583
600000,20230228093040170,7.190,700,5033.000,419723,420220,109346,5,S,517584
600000,20230228093040170,7.180,900,6462.000,349577,420220,109347,5,S,517585
600000,20230228093040570,7.190,200,1438.000,420757,420844,109865,5,S,518691
600000,20230228093040870,7.190,100,719.000,420757,421276,110130,5,S,519350
600000,20230228093041470,7.190,1700,12223.000,420757,422132,110819,5,S,520850
600000,20230228093041470,7.190,800,5752.000,421066,422132,110820,5,S,520851
600000,20230228093042090,7.190,100,719.000,423253,422132,111464,5,B,522560
600000,20230228093042240,7.190,100,719.000,423691,422132,111814,5,B,523308
600000,20230228093043000,7.190,400,2876.000,425442,422132,112948,5,B,526004
600000,20230228093043000,7.190,100,719.000,425442,423095,112949,5,B,526005
600000,20230228093044660,7.200,300,2160.000,427873,4695,114517,5,B,529939
600000,20230228093044810,7.190,1500,10785.000,425442,428129,114746,5,S,530427
600000,20230228093045230,7.190,500,3595.000,429271,428129,115328,5,B,532148
600000,20230228093045230,7.190,300,2157.000,429395,428129,115413,5,B,532365
600000,20230228093045270,7.180,800,5744.000,349577,429600,115519,5,S,532674
600000,20230228093046010,7.190,4800,34512.000,431225,428129,116558,5,B,535172
600000,20230228093048470,7.180,100,718.000,349577,436986,119658,5,S,543519
600000,20230228093048620,7.180,14600,104828.000,349577,437362,119911,5,S,544133
600000,20230228093048620,7.180,2400,17232.000,356347,437362,119912,5,S,544134
600000,20230228093050150,7.190,5200,37388.000,439707,428129,121153,5,B,547587
600000,20230228093050670,7.180,400,2872.000,356347,440980,121963,5,S,549600
600000,20230228093050990,7.190,5100,36669.000,441742,428129,122308,5,B,550625
600000,20230228093050990,7.190,100,719.000,441742,428773,122309,5,B,550626
600000,20230228093054710,7.190,500,3595.000,449426,428773,126677,5,B,561924
600000,20230228093054740,7.180,100,718.000,356347,449481,126730,5,S,562011
600000,20230228093056920,7.180,1100,7898.000,356347,453060,129035,5,S,567571
600000,20230228093056920,7.180,1400,10052.000,358939,453060,129036,5,S,567572
600000,20230228093057730,7.180,100,718.000,358939,454802,129970,5,S,570143
600000,20230228093059660,7.190,300,2157.000,457571,428879,131767,5,B,574566
600000,20230228093059660,7.190,1000,7190.000,457571,428880,131768,5,B,574567
600000,20230228093059660,7.190,500,3595.000,457571,428882,131769,5,B,574568
600000,20230228093059660,7.190,800,5752.000,457571,428884,131770,5,B,574569
600000,20230228093059660,7.190,800,5752.000,457571,428885,131771,5,B,574570
600000,20230228093059660,7.190,400,2876.000,457571,428886,131772,5,B,574571
600000,20230228093059660,7.190,700,5033.000,457571,428892,131773,5,B,574572
600000,20230228093059660,7.190,400,2876.000,457571,428895,131774,5,B,574573
600000,20230228093059660,7.190,400,2876.000,457571,428898,131775,5,B,574574
600000,20230228093100150,7.190,300,2157.000,458599,428960,132332,5,B,576061
600000,20230228093100150,7.190,800,5752.000,458599,428961,132333,5,B,576062
600000,20230228093100150,7.190,1100,7909.000,458599,428988,132334,5,B,576063
600000,20230228093100150,7.190,700,5033.000,458599,429036,132335,5,B,576064
600000,20230228093100150,7.190,300,2157.000,458599,429043,132336,5,B,576065
600000,20230228093100150,7.190,500,3595.000,458599,429049,132337,5,B,576066
600000,20230228093100150,7.190,600,4314.000,458599,429055,132338,5,B,576067
600000,20230228093100150,7.190,500,3595.000,458599,429074,132339,5,B,576068
600000,20230228093100150,7.190,600,4314.000,458599,429079,132340,5,B,576069
600000,20230228093100150,7.190,200,1438.000,458599,429091,132341,5,B,576070
600000,20230228093100150,7.190,300,2157.000,458599,429115,132342,5,B,576071
600000,20230228093100150,7.190,500,3595.000,458599,429116,132343,5,B,576072
600000,20230228093100150,7.190,100,719.000,458599,429194,132344,5,B,576073
600000,20230228093100150,7.190,800,5752.000,458599,429286,132345,5,B,576074
600000,20230228093100150,7.190,1100,7909.000,458599,429288,132346,5,B,576075
600000,20230228093100150,7.190,1000,7190.000,458599,430165,132347,5,B,576076
600000,20230228093100150,7.190,200,1438.000,458599,430169,132348,5,B,576077
600000,20230228093100150,7.190,100,719.000,458599,434336,132349,5,B,576078
600000,20230228093100150,7.190,200,1438.000,458599,436291,132350,5,B,576079
600000,20230228093100150,7.190,100,719.000,458599,436676,132351,5,B,576080
600000,20230228093100150,7.190,100,719.000,458599,438647,132352,5,B,576081
600000,20230228093100150,7.190,300,2157.000,458599,442178,132353,5,B,576082
600000,20230228093100150,7.190,200,1438.000,458599,443054,132354,5,B,576083
600000,20230228093100150,7.190,2900,20851.000,458599,450645,132355,5,B,576084
600000,20230228093100210,7.190,100,719.000,458981,450645,132440,5,B,576553
600000,20230228093101250,7.190,300,2157.000,461596,450645,133970,5,B,580491
600000,20230228093101270,7.190,5100,36669.000,461636,450645,134000,5,B,580563
600000,20230228093101340,7.190,1600,11504.000,461746,450645,134063,5,B,580714
600000,20230228093101340,7.190,300,2157.000,461746,453393,134064,5,B,580715
600000,20230228093101340,7.190,100,719.000,461746,454757,134065,5,B,580716
600000,20230228093103340,7.190,3900,28041.000,465993,454758,136457,5,B,587040
600000,20230228093103370,7.190,100,719.000,466053,454758,136494,5,B,587135
600000,20230228093104530,7.190,1100,7909.000,468320,454758,137767,5,B,590525
600000,20230228093104530,7.190,100,719.000,468320,461777,137768,5,B,590526
600000,20230228093105180,7.190,700,5033.000,469501,468976,138351,5,B,592225
600000,20230228093105750,7.190,100,719.000,469501,470782,139197,5,S,594386
600000,20230228093106330,7.190,100,719.000,469501,472262,139934,5,S,596625
600000,20230228093106330,7.190,100,719.000,469501,472263,139935,5,S,596626
600000,20230228093106330,7.190,100,719.000,469501,472264,139936,5,S,596627
600000,20230228093106330,7.190,100,719.000,469501,472265,139937,5,S,596628
600000,20230228093106330,7.190,2900,20851.000,470257,472265,139938,5,S,596629
600000,20230228093106360,7.190,300,2157.000,472350,472265,139987,5,B,596769
600000,20230228093106360,7.190,600,4314.000,472350,472266,139988,5,B,596770
600000,20230228093106360,7.190,100,719.000,472350,472267,139989,5,B,596771
600000,20230228093106360,7.190,100,719.000,472350,472268,139990,5,B,596772
600000,20230228093106360,7.190,500,3595.000,472350,472269,139991,5,B,596773
600000,20230228093106360,7.190,100,719.000,472350,472270,139992,5,B,596774
600000,20230228093106360,7.190,300,2157.000,472350,472271,139993,5,B,596775
600000,20230228093106360,7.190,300,2157.000,472350,472272,139994,5,B,596776
600000,20230228093106460,7.190,300,2157.000,472629,472273,140139,5,B,597254
600000,20230228093106950,7.190,100,719.000,473519,472273,140644,5,B,598659
600000,20230228093107770,7.190,100,719.000,474951,472274,141618,5,B,600910
600000,20230228093107770,7.190,100,719.000,474951,472341,141619,5,B,600911
600000,20230228093107770,7.190,400,2876.000,474951,472342,141620,5,B,600912
600000,20230228093107770,7.190,100,719.000,474951,472343,141621,5,B,600913
600000,20230228093107770,7.190,100,719.000,474951,472344,141622,5,B,600914
600000,20230228093107770,7.190,100,719.000,474951,472515,141623,5,B,600915
600000,20230228093107770,7.190,100,719.000,474951,472517,141624,5,B,600916
600000,20230228093107770,7.190,100,719.000,474951,472569,141625,5,B,600917
600000,20230228093108120,7.190,1000,7190.000,475558,472569,141956,5,B,601804
600000,20230228093108460,7.190,300,2157.000,476235,472569,142413,5,B,602913
600000,20230228093108460,7.190,700,5033.000,476235,472570,142414,5,B,602914
600000,20230228093108950,7.180,2200,15796.000,358939,477312,143005,5,S,604580
600000,20230228093109120,7.190,600,4314.000,477676,472570,143201,5,B,605152
600000,20230228093109120,7.190,100,719.000,477676,472706,143202,5,B,605153
600000,20230228093109120,7.190,400,2876.000,477676,473176,143203,5,B,605154
600000,20230228093109220,7.190,100,719.000,478101,473176,143476,5,B,605837
600000,20230228093109220,7.190,500,3595.000,478101,478022,143477,5,B,605838
600000,20230228093109330,7.190,400,2876.000,478101,478471,143714,5,S,606404
600000,20230228093109780,7.190,200,1438.000,479311,478668,144264,5,B,607768
600000,20230228093111610,7.200,500,3600.000,483014,4695,146603,5,B,613399
600000,20230228093111610,7.200,3000,21600.000,483014,15246,146604,5,B,613400
600000,20230228093111610,7.200,3300,23760.000,483014,18299,146605,5,B,613401
600000,20230228093111850,7.190,400,2876.000,479311,483570,146923,5,S,614237
600000,20230228093111850,7.190,1400,10066.000,479418,483570,146924,5,S,614238
600000,20230228093111850,7.190,1000,7190.000,480605,483570,146925,5,S,614239
600000,20230228093111850,7.190,2000,14380.000,482756,483570,146926,5,S,614240
600000,20230228093111850,7.180,4300,30874.000,358939,483570,146927,5,S,614241
600000,20230228093111850,7.180,900,6462.000,401278,483570,146928,5,S,614242
600000,20230228093112340,7.190,400,2876.000,484280,484997,147885,5,S,616665
600000,20230228093112380,7.190,200,1438.000,485088,485180,148004,5,S,616986
600000,20230228093112590,7.200,1200,8640.000,485697,18299,148304,5,B,617850
600000,20230228093112590,7.200,2600,18720.000,485697,34956,148305,5,B,617851
600000,20230228093114790,7.190,6000,43140.000,485088,489983,150837,5,S,624338
600000,20230228093115340,7.190,300,2157.000,485088,491334,151912,5,S,626623
600000,20230228093115400,7.190,100,719.000,491372,491521,151995,5,S,626887
600000,20230228093115540,7.190,200,1438.000,491372,491863,152196,5,S,627405
600000,20230228093116920,7.190,200,1438.000,491372,494295,153819,5,S,631310
600000,20230228093116920,7.190,100,719.000,491372,494306,153822,5,S,631324
600000,20230228093116920,7.190,100,719.000,491372,494315,153825,5,S,631333
600000,20230228093116940,7.190,300,2157.000,491399,494319,153826,5,S,631337
600000,20230228093118330,7.190,1800,12942.000,491399,497016,155306,5,S,635459
600000,20230228093118350,7.190,800,5752.000,497058,497051,155326,5,B,635522
600000,20230228093118350,7.190,600,4314.000,497058,497053,155327,5,B,635523
600000,20230228093119570,7.190,300,2157.000,499220,497053,156540,5,B,638821
600000,20230228093119570,7.190,700,5033.000,499220,497275,156541,5,B,638822
600000,20230228093121150,7.190,1000,7190.000,501939,497275,158075,5,B,643070
600000,20230228093121310,7.180,200,1436.000,401278,502539,158349,5,S,643925
600000,20230228093121330,7.190,100,719.000,502570,497275,158356,5,B,643971
600000,20230228093121830,7.190,100,719.000,503473,502601,158826,5,B,645294
600000,20230228093124310,7.190,1000,7190.000,503473,507999,161322,5,S,652232
600000,20230228093124310,7.190,2700,19413.000,504173,507999,161323,5,S,652233
600000,20230228093124350,7.190,500,3595.000,507996,508051,161364,5,S,652321
600000,20230228093124640,7.190,300,2157.000,507996,508582,161646,5,S,653143
600000,20230228093124640,7.190,200,1438.000,508019,508582,161647,5,S,653144
600000,20230228093124640,7.190,1000,7190.000,508054,508582,161648,5,S,653145
600000,20230228093124850,7.190,100,719.000,508054,508953,161832,5,S,653671
600000,20230228093126830,7.190,3200,23008.000,508054,512370,163943,5,S,658961
600000,20230228093126870,7.190,500,3595.000,512438,512370,163974,5,B,659039
600000,20230228093127310,7.190,600,4314.000,512438,513592,164666,5,S,660741
600000,20230228093127390,7.190,100,719.000,513756,513655,164761,5,B,660995
600000,20230228093127390,7.190,100,719.000,513756,513656,164762,5,B,660996
600000,20230228093127390,7.190,100,719.000,513756,513658,164763,5,B,660997
600000,20230228093127390,7.190,100,719.000,513756,513659,164764,5,B,660998
600000,20230228093127390,7.190,100,719.000,513756,513660,164765,5,B,660999
600000,20230228093127390,7.190,100,719.000,513756,513661,164766,5,B,661000
600000,20230228093127390,7.190,100,719.000,513756,513671,164767,5,B,661001
600000,20230228093127390,7.190,100,719.000,513756,513672,164768,5,B,661002
600000,20230228093127390,7.190,100,719.000,513756,513676,164769,5,B,661003
600000,20230228093127390,7.190,100,719.000,513756,513678,164770,5,B,661004
600000,20230228093127390,7.190,100,719.000,513756,513687,164771,5,B,661005
600000,20230228093127390,7.190,100,719.000,513756,513690,164772,5,B,661006
600000,20230228093131180,7.190,100,719.000,520544,513693,168882,5,B,671384
600000,20230228093134290,7.180,100,718.000,401278,526701,172117,5,S,680561
600000,20230228093139750,7.180,100,718.000,401278,537850,178698,5,S,698274
600000,20230228093141340,7.190,100,719.000,540808,513695,180204,5,B,702658
600000,20230228093141340,7.190,100,719.000,540808,513700,180205,5,B,702659
600000,20230228093141340,7.190,100,719.000,540808,513701,180206,5,B,702660
600000,20230228093141340,7.190,100,719.000,540808,513702,180207,5,B,702661
600000,20230228093141340,7.190,100,719.000,540808,513703,180208,5,B,702662
600000,20230228093141340,7.190,100,719.000,540808,513704,180209,5,B,702663
600000,20230228093141340,7.190,100,719.000,540808,513705,180210,5,B,702664
600000,20230228093141340,7.190,100,719.000,540808,513706,180211,5,B,702665
600000,20230228093141340,7.190,100,719.000,540808,513707,180212,5,B,702666
600000,20230228093141340,7.190,100,719.000,540808,513708,180213,5,B,702667
600000,20230228093141340,7.190,100,719.000,540808,513709,180214,5,B,702668
600000,20230228093141340,7.190,100,719.000,540808,513711,180215,5,B,702669
600000,20230228093141340,7.190,100,719.000,540808,513722,180216,5,B,702670
600000,20230228093141340,7.190,100,719.000,540808,513723,180217,5,B,702671
600000,20230228093141340,7.190,100,719.000,540808,513730,180218,5,B,702672
600000,20230228093141340,7.190,100,719.000,540808,513738,180219,5,B,702673
600000,20230228093141340,7.190,100,719.000,540808,513739,180220,5,B,702674
600000,20230228093141340,7.190,100,719.000,540808,513740,180221,5,B,702675
600000,20230228093141340,7.190,100,719.000,540808,513741,180222,5,B,702676
600000,20230228093141340,7.190,100,719.000,540808,513744,180223,5,B,702677
600000,20230228093146570,7.180,700,5026.000,401278,550520,185658,5,S,717611
600000,20230228093154410,7.180,100,718.000,401278,564137,193192,5,S,738715
600000,20230228093200170,7.190,100,719.000,573557,513745,198684,5,B,753216
600000,20230228093200170,7.190,100,719.000,573557,513746,198685,5,B,753217
600000,20230228093200170,7.190,100,719.000,573557,513750,198686,5,B,753218
600000,20230228093200170,7.190,100,719.000,573557,513770,198687,5,B,753219
600000,20230228093200170,7.190,100,719.000,573557,513912,198688,5,B,753220
600000,20230228093200170,7.190,100,719.000,573557,515129,198689,5,B,753221
600000,20230228093200170,7.190,100,719.000,573557,515130,198690,5,B,753222
600000,20230228093200170,7.190,100,719.000,573557,515134,198691,5,B,753223
600000,20230228093200170,7.190,100,719.000,573557,515135,198692,5,B,753224
600000,20230228093200170,7.190,100,719.000,573557,515136,198693,5,B,753225
600000,20230228093200170,7.190,100,719.000,573557,515137,198694,5,B,753226
600000,20230228093200170,7.190,100,719.000,573557,515158,198695,5,B,753227
600000,20230228093200170,7.190,100,719.000,573557,515263,198696,5,B,753228
600000,20230228093200170,7.190,100,719.000,573557,515388,198697,5,B,753229
600000,20230228093200170,7.190,100,719.000,573557,515395,198698,5,B,753230
600000,20230228093200170,7.190,100,719.000,573557,515397,198699,5,B,753231
600000,20230228093200170,7.190,100,719.000,573557,515439,198700,5,B,753232
600000,20230228093200170,7.190,100,719.000,573557,516810,198701,5,B,753233
600000,20230228093200170,7.190,100,719.000,573557,516914,198702,5,B,753234
600000,20230228093200210,7.180,14100,101238.000,401278,573698,198798,5,S,753449
600000,20230228093204980,7.190,100,719.000,582558,517111,203526,5,B,766574
600000,20230228093204980,7.190,100,719.000,582558,519081,203527,5,B,766575
600000,20230228093204980,7.190,200,1438.000,582558,519101,203528,5,B,766576
600000,20230228093204980,7.190,100,719.000,582558,526644,203529,5,B,766577
600000,20230228093204980,7.190,6600,47454.000,582558,533959,203530,5,B,766578
600000,20230228093205350,7.190,7100,51049.000,583349,533959,204028,5,B,767868
600000,20230228093205570,7.190,5400,38826.000,583785,533959,204306,5,B,768522
600000,20230228093205720,7.190,2500,17975.000,584079,533959,204478,5,B,768984
600000,20230228093205860,7.190,200,1438.000,584370,533959,204638,5,B,769421
600000,20230228093206750,7.190,4000,28760.000,586279,533959,205886,5,B,772477
600000,20230228093206970,7.190,100,719.000,586664,533959,206191,5,B,773136
600000,20230228093207040,7.190,4100,29479.000,586752,533959,206237,5,B,773284
600000,20230228093207040,7.190,1900,13661.000,586752,563245,206238,5,B,773285
600000,20230228093207280,7.190,1100,7909.000,587256,563245,206527,5,B,774079
600000,20230228093207910,7.190,1500,10785.000,588472,563245,207220,5,B,775920
600000,20230228093207910,7.190,100,719.000,588472,572125,207221,5,B,775921
600000,20230228093207910,7.190,600,4314.000,588472,576725,207222,5,B,775922
600000,20230228093208230,7.190,100,719.000,589164,576725,207737,5,B,777024
600000,20230228093208470,7.190,1000,7190.000,589700,576725,208086,5,B,777871
600000,20230228093208500,7.190,400,2876.000,589743,576725,208115,5,B,777935
600000,20230228093208500,7.190,100,719.000,589743,577522,208116,5,B,777936
600000,20230228093208500,7.190,300,2157.000,589743,578523,208117,5,B,777937
600000,20230228093208500,7.190,100,719.000,589749,578523,208122,5,B,777944
600000,20230228093208500,7.190,200,1438.000,589750,578523,208123,5,B,777945
600000,20230228093208530,7.190,400,2876.000,589774,578523,208136,5,B,777985
600000,20230228093208530,7.190,200,1438.000,589774,585135,208137,5,B,777986
600000,20230228093208900,7.190,300,2157.000,589774,590531,208553,5,S,779113
600000,20230228093208900,7.190,200,1438.000,589809,590531,208554,5,S,779114
600000,20230228093208900,7.190,100,719.000,589970,590531,208555,5,S,779115
600000,20230228093209010,7.190,100,719.000,589970,590704,208637,5,S,779386
600000,20230228093209140,7.190,500,3595.000,589970,591112,208924,5,S,780015
600000,20230228093209140,7.190,100,719.000,589970,591145,208937,5,S,780048
600000,20230228093209140,7.190,200,1438.000,589970,591146,208938,5,S,780049
600000,20230228093209140,7.190,100,719.000,589970,591149,208940,5,S,780052
600000,20230228093209140,7.190,300,2157.000,589970,591156,208943,5,S,780059
600000,20230228093209140,7.190,100,719.000,590127,591157,208944,5,S,780060
600000,20230228093209140,7.190,100,719.000,590127,591178,208958,5,S,780091
600000,20230228093209140,7.190,200,1438.000,590127,591221,208979,5,S,780142
600000,20230228093209170,7.190,100,719.000,590127,591240,208988,5,S,780163
600000,20230228093209170,7.190,100,719.000,590127,591268,208999,5,S,780198
600000,20230228093209740,7.190,500,3595.000,590127,592540,209825,5,S,782299
600000,20230228093209740,7.190,400,2876.000,590498,592540,209826,5,S,782300
600000,20230228093209740,7.190,1000,7190.000,592334,592540,209827,5,S,782301
600000,20230228093210580,7.190,100,719.000,594058,593354,210783,5,B,784670
600000,20230228093210580,7.190,100,719.000,594058,593355,210784,5,B,784671
600000,20230228093210580,7.190,100,719.000,594058,593807,210785,5,B,784672
600000,20230228093210810,7.200,100,720.000,594450,34956,211135,5,B,785394
600000,20230228093211020,7.190,1400,10066.000,594058,594785,211511,5,S,786042
600000,20230228093211530,7.190,1400,10066.000,595974,595172,212423,5,B,788052
600000,20230228093211860,7.190,200,1438.000,595974,596598,212800,5,S,789050
600000,20230228093211860,7.190,900,6471.000,595974,596600,212801,5,S,789053
600000,20230228093212980,7.190,900,6471.000,599185,596600,214231,5,B,792951
600000,20230228093212980,7.190,100,719.000,599185,596601,214232,5,B,792952
600000,20230228093213480,7.190,400,2876.000,599981,596601,214766,5,B,794194
600000,20230228093213480,7.190,500,3595.000,599981,596602,214767,5,B,794195
600000,20230228093213480,7.190,200,1438.000,599981,596603,214768,5,B,794196
600000,20230228093214110,7.190,500,3595.000,601135,596604,215555,5,B,796052
600000,20230228093214110,7.190,200,1438.000,601135,596606,215556,5,B,796053
600000,20230228093214110,7.190,200,1438.000,601135,596607,215557,5,B,796054
600000,20230228093214110,7.190,300,2157.000,601135,596610,215558,5,B,796055
600000,20230228093214110,7.190,300,2157.000,601135,596611,215559,5,B,796056
600000,20230228093214110,7.190,300,2157.000,601135,596612,215560,5,B,796057
600000,20230228093214110,7.190,300,2157.000,601135,596613,215561,5,B,796058
600000,20230228093214110,7.190,100,719.000,601135,596666,215562,5,B,796059
600000,20230228093214110,7.190,100,719.000,601135,596667,215563,5,B,796060
600000,20230228093214110,7.190,100,719.000,601135,596690,215564,5,B,796061
600000,20230228093214870,7.190,100,719.000,602570,596694,216484,5,B,798311
600000,20230228093215310,7.190,200,1438.000,603491,596695,217113,5,B,799831
600000,20230228093215310,7.190,100,719.000,603491,596698,217114,5,B,799832
600000,20230228093215310,7.190,100,719.000,603491,596703,217115,5,B,799833
600000,20230228093215310,7.190,100,719.000,603491,596705,217116,5,B,799834
600000,20230228093215310,7.190,200,1438.000,603491,596707,217117,5,B,799835
600000,20230228093215310,7.190,200,1438.000,603491,596708,217118,5,B,799836
600000,20230228093215310,7.190,100,719.000,603491,596709,217119,5,B,799837
600000,20230228093215310,7.190,100,719.000,603491,596710,217120,5,B,799838
600000,20230228093217920,7.180,100,718.000,401278,608039,219863,5,S,806948
600000,20230228093217970,7.190,100,719.000,608146,596711,219913,5,B,807108
600000,20230228093217970,7.190,400,2876.000,608146,597288,219914,5,B,807109
600000,20230228093217970,7.190,700,5033.000,608146,597291,219915,5,B,807110
600000,20230228093218650,7.190,400,2876.000,609528,597291,220605,5,B,809161
600000,20230228093218650,7.190,500,3595.000,609528,597344,220606,5,B,809162
600000,20230228093218650,7.190,100,719.000,609528,597348,220607,5,B,809163
600000,20230228093218650,7.190,200,1438.000,609528,597447,220608,5,B,809164
600000,20230228093221150,7.180,200,1436.000,401278,613462,222942,5,S,815299
600000,20230228093221870,7.190,100,719.000,614607,597447,223559,5,B,817068
600000,20230228093221870,7.190,100,719.000,614607,613034,223560,5,B,817069
600000,20230228093222000,7.190,13700,98503.000,614607,614774,223633,5,S,817327
600000,20230228093231020,7.190,100,719.000,631529,631147,232761,5,B,842430
600000,20230228093231240,7.190,5100,36669.000,631529,631864,232941,5,S,842903
600000,20230228093238220,7.180,100,718.000,401278,642825,239609,5,S,859956
600000,20230228093244500,7.190,9100,65429.000,653254,645345,245760,5,B,875752
600000,20230228093244890,7.180,3000,21540.000,401278,653899,246129,5,S,876753
600000,20230228093245720,7.190,200,1438.000,655524,645345,246925,5,B,879076
600000,20230228093251870,7.180,10000,71800.000,401278,665407,252640,5,S,893626
600000,20230228093252290,7.190,700,5033.000,666097,645345,253037,5,B,894581
600000,20230228093252290,7.190,100,719.000,666097,650363,253038,5,B,894582
600000,20230228093252290,7.190,3800,27322.000,666097,654887,253039,5,B,894583
600000,20230228093252490,7.190,3400,24446.000,666097,666368,253207,5,S,895003
600000,20230228093252760,7.190,1000,7190.000,666404,666686,253387,5,S,895490
600000,20230228093256660,7.200,2300,16560.000,672274,34956,256543,5,B,903885
600000,20230228093256660,7.200,100,720.000,672274,37152,256544,5,B,903886
600000,20230228093301030,7.190,200,1438.000,679259,678917,260294,5,B,914360
600000,20230228093301250,7.190,900,6471.000,679259,679618,260487,5,S,914894
600000,20230228093306670,7.190,100,719.000,690706,690363,267031,5,B,931843
600000,20230228093307000,7.190,1700,12223.000,691000,691439,267460,5,S,932913
600000,20230228093310270,7.190,2200,15818.000,697654,693928,271041,5,B,942335
600000,20230228093310330,7.190,1100,7909.000,697791,693928,271127,5,B,942527
600000,20230228093311110,7.190,1700,12223.000,699102,693928,271833,5,B,944495
600000,20230228093311110,7.190,700,5033.000,699102,697272,271834,5,B,944496
600000,20230228093311660,7.190,300,2157.000,700186,697272,272468,5,B,946188
600000,20230228093311760,7.190,600,4314.000,700186,700418,272645,5,S,946552
600000,20230228093311950,7.190,300,2157.000,700186,700758,272841,5,S,947054
600000,20230228093313830,7.190,600,4314.000,704129,700758,274612,5,B,952055
600000,20230228093313990,7.190,400,2876.000,704129,704467,274809,5,S,952539
600000,20230228093320010,7.190,100,719.000,714048,704494,280319,5,B,967179
600000,20230228093321440,7.180,200,1436.000,401278,716513,281799,5,S,971033
600000,20230228093321990,7.180,200,1436.000,401278,717337,282190,5,S,972212
600000,20230228093321990,7.180,100,718.000,405477,717337,282191,5,S,972213
600000,20230228093321990,7.180,100,718.000,406824,717337,282192,5,S,972214
600000,20230228093321990,7.180,1000,7180.000,437125,717337,282193,5,S,972215
600000,20230228093321990,7.180,1400,10052.000,438824,717337,282194,5,S,972216
600000,20230228093321990,7.180,200,1436.000,439516,717337,282195,5,S,972217
600000,20230228093330650,7.180,800,5744.000,439516,729811,288784,5,S,991236
600000,20230228093330650,7.180,100,718.000,445263,729811,288785,5,S,991237
600000,20230228093330650,7.180,600,4308.000,445263,729812,288786,5,S,991238
600000,20230228093330670,7.180,200,1436.000,445263,729823,288789,5,S,991253
600000,20230228093330670,7.180,200,1436.000,445263,729824,288790,5,S,991254
600000,20230228093330670,7.180,300,2154.000,454725,729825,288791,5,S,991255
600000,20230228093330670,7.180,300,2154.000,454725,729834,288797,5,S,991272
600000,20230228093331340,7.180,100,718.000,454725,730778,289321,5,S,992692
600000,20230228093332220,7.180,300,2154.000,454725,731888,290042,5,S,994372
600000,20230228093332220,7.180,100,718.000,458252,731888,290043,5,S,994373
600000,20230228093332880,7.190,100,719.000,732780,704832,290540,5,B,995625
600000,20230228093333660,7.180,600,4308.000,458252,733994,291284,5,S,997469
600000,20230228093334450,7.180,100,718.000,458252,735170,291972,5,S,999218
600000,20230228093336510,7.180,100,718.000,458252,737965,293466,5,S,1003518
600000,20230228093336510,7.180,500,3590.000,458252,737969,293472,5,S,1003528
600000,20230228093336510,7.180,100,718.000,458252,737973,293474,5,S,1003535
600000,20230228093336510,7.180,400,2872.000,458252,737975,293476,5,S,1003539
600000,20230228093336510,7.180,100,718.000,458252,737976,293477,5,S,1003540
600000,20230228093336510,7.180,300,2154.000,458252,737977,293478,5,S,1003541
600000,20230228093336510,7.180,400,2872.000,458252,737978,293479,5,S,1003542
600000,20230228093336510,7.180,100,718.000,458252,737979,293480,5,S,1003543
600000,20230228093336510,7.180,100,718.000,458252,737980,293481,5,S,1003544
600000,20230228093336510,7.180,100,718.000,482223,737980,293482,5,S,1003545
600000,20230228093336530,7.180,600,4308.000,482223,737996,293486,5,S,1003568
600000,20230228093337240,7.180,100,718.000,482223,738932,293994,5,S,1004988
600000,20230228093337240,7.180,200,1436.000,482223,738933,293995,5,S,1004989
600000,20230228093337240,7.180,100,718.000,483624,738933,293996,5,S,1004990
600000,20230228093337240,7.180,100,718.000,483624,738934,293997,5,S,1004991
600000,20230228093337430,7.180,800,5744.000,483624,739195,294138,5,S,1005381
600000,20230228093337430,7.180,1000,7180.000,501228,739195,294139,5,S,1005382
600000,20230228093337550,7.180,200,1436.000,501228,739380,294201,5,S,1005630
600000,20230228093337570,7.180,100,718.000,501228,739412,294216,5,S,1005667
600000,20230228093339490,7.180,2100,15078.000,501228,742283,295768,5,S,1009873
600000,20230228093339510,7.180,200,1436.000,501228,742359,295793,5,S,1009978
600000,20230228093339510,7.180,100,718.000,501228,742367,295796,5,S,1009992
600000,20230228093339640,7.180,100,718.000,501228,742549,295924,5,S,1010282
600000,20230228093339640,7.180,200,1436.000,501228,742552,295926,5,S,1010285
600000,20230228093339640,7.180,100,718.000,501228,742553,295927,5,S,1010286
600000,20230228093342470,7.180,900,6462.000,501228,746879,298484,5,S,1016696
600000,20230228093342470,7.180,500,3590.000,531781,746879,298485,5,S,1016697
600000,20230228093342470,7.180,600,4308.000,543700,746879,298486,5,S,1016698
600000,20230228093342470,7.180,100,718.000,544698,746879,298487,5,S,1016699
600000,20230228093342510,7.180,600,4308.000,544698,746928,298506,5,S,1016771
600000,20230228093342510,7.180,100,718.000,544698,746945,298522,5,S,1016800
600000,20230228093342510,7.180,100,718.000,544698,746946,298523,5,S,1016801
600000,20230228093342540,7.180,300,2154.000,544698,746981,298562,5,S,1016858
600000,20230228093342740,7.180,100,718.000,544698,747267,298732,5,S,1017299
600000,20230228093343110,7.190,100,719.000,747814,714632,299083,5,B,1018036
600000,20230228093343110,7.190,900,6471.000,747814,725097,299084,5,B,1018037
600000,20230228093347900,7.190,200,1438.000,754828,725097,303267,5,B,1028441
600000,20230228093354590,7.180,1000,7180.000,544698,764027,308688,5,S,1042133
600000,20230228093406810,7.180,200,1436.000,544698,783491,320140,5,S,1072170
600000,20230228093412790,7.190,100,719.000,792728,725097,325575,5,B,1086271
600000,20230228093413230,7.190,100,719.000,793339,725097,325902,5,B,1087171
600000,20230228093421200,7.180,100,718.000,544698,803541,331876,5,S,1102893
600000,20230228093422550,7.190,4200,30198.000,805457,725097,332906,5,B,1105681
600000,20230228093431900,7.180,3000,21540.000,544698,817887,340217,5,S,1124541
600000,20230228093433040,7.180,200,1436.000,544698,819469,341345,5,S,1127093
600000,20230228093433560,7.180,100,718.000,544698,820293,341813,5,S,1128313
600000,20230228093433560,7.180,400,2872.000,544698,820298,341814,5,S,1128319
600000,20230228093433560,7.180,100,718.000,544698,820301,341818,5,S,1128324
600000,20230228093433580,7.180,100,718.000,544698,820320,341828,5,S,1128351
600000,20230228093435450,7.180,4000,28720.000,544698,822711,343076,5,S,1131947
600000,20230228093436500,7.180,100,718.000,544698,824145,343947,5,S,1134113
600000,20230228093436540,7.180,100,718.000,544698,824200,343977,5,S,1134203
600000,20230228093436540,7.180,100,718.000,544698,824211,343981,5,S,1134216
600000,20230228093436550,7.180,100,718.000,544698,824216,343983,5,S,1134233
600000,20230228093436550,7.180,100,718.000,544698,824230,343998,5,S,1134255
600000,20230228093436550,7.180,200,1436.000,544698,824232,344000,5,S,1134258
600000,20230228093436680,7.190,100,719.000,824345,725097,344075,5,B,1134444
600000,20230228093437630,7.190,300,2157.000,825578,725097,344680,5,B,1136203
600000,20230228093439390,7.180,2000,14360.000,544698,827713,345913,5,S,1139378
600000,20230228093439550,7.190,100,719.000,827907,725097,345997,5,B,1139639
600000,20230228093452280,7.180,6000,43080.000,544698,842641,354269,5,S,1162131
600000,20230228093453920,7.190,200,1438.000,844436,725097,355271,5,B,1164748
600000,20230228093500680,7.180,800,5744.000,544698,852862,360072,5,S,1177187
600000,20230228093500680,7.180,400,2872.000,545430,852862,360073,5,S,1177188
600000,20230228093500680,7.180,200,1436.000,549157,852862,360074,5,S,1177189
600000,20230228093503670,7.190,100,719.000,856878,725097,362456,5,B,1183242
600000,20230228093506220,7.190,3700,26603.000,860631,725097,364777,5,B,1188837
600000,20230228093506220,7.190,400,2876.000,860631,730895,364778,5,B,1188838
600000,20230228093506220,7.190,3000,21570.000,860631,736451,364779,5,B,1188839
600000,20230228093506220,7.190,10000,71900.000,860631,738010,364780,5,B,1188840
600000,20230228093506490,7.190,7800,56082.000,861143,738010,365033,5,B,1189549
600000,20230228093507230,7.190,5000,35950.000,862284,738010,365715,5,B,1191243
600000,20230228093507460,7.190,100,719.000,862626,738010,365884,5,B,1191723
600000,20230228093507460,7.190,200,1438.000,862626,738316,365885,5,B,1191724
600000,20230228093507460,7.190,900,6471.000,862626,742397,365886,5,B,1191725
600000,20230228093507460,7.190,200,1438.000,862626,751491,365887,5,B,1191726
600000,20230228093507460,7.190,200,1438.000,862626,771496,365888,5,B,1191727
600000,20230228093507460,7.190,800,5752.000,862626,773314,365889,5,B,1191728
600000,20230228093507460,7.190,3000,21570.000,862626,784441,365890,5,B,1191729
600000,20230228093507460,7.190,2000,14380.000,862626,787438,365891,5,B,1191730
600000,20230228093507460,7.190,200,1438.000,862626,796506,365892,5,B,1191731
600000,20230228093507460,7.190,100,719.000,862626,815036,365893,5,B,1191732
600000,20230228093507770,7.190,3900,28041.000,863111,815036,366165,5,B,1192434
600000,20230228093507770,7.190,100,719.000,863111,815619,366166,5,B,1192435
600000,20230228093507770,7.190,300,2157.000,863111,817129,366167,5,B,1192436
600000,20230228093509060,7.190,2700,19413.000,864883,817129,367079,5,B,1195021
600000,20230228093509060,7.190,100,719.000,864883,831554,367080,5,B,1195022
600000,20230228093509060,7.190,800,5752.000,864883,864250,367081,5,B,1195023
600000,20230228093509060,7.200,4500,32400.000,864883,37152,367082,5,B,1195024
600000,20230228093512030,7.200,400,2880.000,868850,37152,369098,5,B,1200900
600000,20230228093512030,7.200,1100,7920.000,868850,41829,369099,5,B,1200901
600000,20230228093514950,7.190,100,719.000,868760,872590,370808,5,S,1206433
600000,20230228093514990,7.190,2000,14380.000,871964,872633,370820,5,S,1206498
600000,20230228093515040,7.190,100,719.000,872677,872633,370841,5,B,1206561
600000,20230228093515040,7.200,200,1440.000,872677,41829,370842,5,B,1206562
600000,20230228093518010,7.190,800,5752.000,872681,877193,373366,5,S,1213450
600000,20230228093518040,7.200,500,3600.000,877241,41829,373394,5,B,1213507
600000,20230228093520670,7.190,100,719.000,872681,881397,375462,5,S,1219431
600000,20230228093521140,7.190,100,719.000,881940,882282,375936,5,S,1220647
600000,20230228093521140,7.180,100,718.000,549157,882282,375937,5,S,1220648
600000,20230228093524110,7.180,100,718.000,549157,887047,378457,5,S,1227464
600000,20230228093526990,7.180,100,718.000,579615,891303,380975,5,S,1234183
600000,20230228093528590,7.180,2700,19386.000,579615,893853,382432,5,S,1238083
600000,20230228093529990,7.180,100,718.000,579615,895533,383303,5,S,1240692
600000,20230228093529990,7.180,100,718.000,579615,895544,383313,5,S,1240706
600000,20230228093532870,7.180,100,718.000,592787,899045,385135,5,S,1246016
600000,20230228093532990,7.180,100,718.000,592787,899148,385191,5,S,1246165
600000,20230228093533000,7.180,100,718.000,592787,899170,385195,5,S,1246189
600000,20230228093533960,7.190,1000,7190.000,900389,886786,385783,5,B,1248023
600000,20230228093534020,7.180,2000,14360.000,592787,900470,385878,5,S,1248209
600000,20230228093534400,7.180,100,718.000,592787,900965,386134,5,S,1248941
600000,20230228093535420,7.180,500,3590.000,592787,902134,386705,5,S,1250728
600000,20230228093536010,7.180,100,718.000,592787,902833,387155,5,S,1251845
600000,20230228093536010,7.180,100,718.000,592787,902836,387158,5,S,1251849
600000,20230228093536040,7.190,700,5033.000,902882,886786,387189,5,B,1251919
600000,20230228093536610,7.180,100,718.000,592787,903613,387577,5,S,1253044
600000,20230228093538990,7.180,100,718.000,592787,906702,389332,5,S,1257650
600000,20230228093539030,7.190,200,1438.000,906777,886786,389399,5,B,1257786
600000,20230228093539760,7.190,2000,14380.000,907856,886786,390024,5,B,1259408
600000,20230228093542040,7.190,400,2876.000,911001,886786,391734,5,B,1264234
600000,20230228093544940,7.180,900,6462.000,592787,915526,393918,5,S,1270684
600000,20230228093544940,7.180,300,2154.000,617996,915526,393919,5,S,1270685
600000,20230228093544940,7.180,300,2154.000,641828,915526,393920,5,S,1270686
600000,20230228093545400,7.190,34000,244460.000,916297,886786,394353,5,B,1271828
600000,20230228093545800,7.190,9000,64710.000,916879,886786,394616,5,B,1272648
600000,20230228093545900,7.180,400,2872.000,641828,917026,394690,5,S,1272857
600000,20230228093547900,7.180,200,1436.000,641828,919881,396185,5,S,1276941
600000,20230228093547990,7.180,1100,7898.000,641828,920000,396235,5,S,1277088
600000,20230228093547990,7.180,800,5744.000,649442,920000,396236,5,S,1277089
600000,20230228093547990,7.180,200,1436.000,649442,920016,396243,5,S,1277109
600000,20230228093547990,7.180,300,2154.000,652150,920016,396244,5,S,1277110
600000,20230228093548050,7.190,2700,19413.000,920069,886786,396276,5,B,1277190
600000,20230228093548050,7.190,100,719.000,920069,891314,396277,5,B,1277191
600000,20230228093548050,7.190,100,719.000,920069,891409,396278,5,B,1277192
600000,20230228093548050,7.190,300,2157.000,920069,891954,396279,5,B,1277193
600000,20230228093548050,7.190,200,1438.000,920069,893200,396280,5,B,1277194
600000,20230228093548050,7.190,100,719.000,920069,894650,396281,5,B,1277195
600000,20230228093601070,7.180,100,718.000,652150,938199,405834,5,S,1304213
600000,20230228093603060,7.190,200,1438.000,941233,894650,407440,5,B,1308651
600000,20230228093603060,7.190,100,719.000,941233,898350,407441,5,B,1308652
600000,20230228093603060,7.190,700,5033.000,941233,898422,407442,5,B,1308653
600000,20230228093603060,7.190,5300,38107.000,941233,898875,407443,5,B,1308654
600000,20230228093606040,7.190,100,719.000,946251,898875,410424,5,B,1316577
600000,20230228093606280,7.190,100,719.000,946671,898875,410688,5,B,1317336
600000,20230228093607930,7.190,100,719.000,949227,898875,412138,5,B,1321192
600000,20230228093608410,7.190,100,719.000,950128,898875,412764,5,B,1322699
600000,20230228093612730,7.190,200,1438.000,956510,898875,416637,5,B,1332775
600000,20230228093613180,7.190,100,719.000,957179,898875,416962,5,B,1333787
600000,20230228093615610,7.190,1300,9347.000,960765,898875,418837,5,B,1339319
600000,20230228093618300,7.190,100,719.000,964508,898875,420872,5,B,1344901
600000,20230228093621860,7.180,700,5026.000,652150,970051,424068,5,S,1353090
600000,20230228093621860,7.180,100,718.000,660663,970051,424069,5,S,1353091
600000,20230228093621860,7.180,300,2154.000,665076,970051,424070,5,S,1353092
600000,20230228093621860,7.180,700,5026.000,669073,970051,424071,5,S,1353093
600000,20230228093621860,7.180,100,718.000,669084,970051,424072,5,S,1353094
600000,20230228093621860,7.180,800,5744.000,674222,970051,424073,5,S,1353095
600000,20230228093621860,7.180,4900,35182.000,676540,970051,424074,5,S,1353096
600000,20230228093622230,7.180,100,718.000,676540,970552,424324,5,S,1353839
600000,20230228093622230,7.180,100,718.000,676540,970553,424325,5,S,1353840
600000,20230228093622330,7.180,100,718.000,676540,970741,424498,5,S,1354174
600000,20230228093622350,7.180,100,718.000,676540,970747,424503,5,S,1354183
600000,20230228093622490,7.180,100,718.000,676540,970949,424624,5,S,1354486
600000,20230228093622510,7.180,100,718.000,676540,970988,424633,5,S,1354528
600000,20230228093622850,7.180,100,718.000,676540,971378,424832,5,S,1355145
600000,20230228093624180,7.180,100,718.000,676540,973080,425745,5,S,1357821
600000,20230228093624180,7.180,1800,12924.000,676540,973081,425746,5,S,1357822
600000,20230228093624180,7.180,1500,10770.000,676540,973082,425747,5,S,1357823
600000,20230228093624190,7.180,100,718.000,676540,973103,425790,5,S,1357879
600000,20230228093624190,7.180,100,718.000,676540,973106,425792,5,S,1357882
600000,20230228093624190,7.180,100,718.000,686652,973109,425793,5,S,1357885
600000,20230228093624250,7.190,1700,12223.000,973179,898875,425816,5,B,1357985
600000,20230228093624270,7.180,100,718.000,686652,973186,425829,5,S,1358005
600000,20230228093624270,7.180,100,718.000,686652,973199,425836,5,S,1358026
600000,20230228093624270,7.180,100,718.000,686652,973204,425838,5,S,1358032
600000,20230228093627170,7.180,100,718.000,686652,976824,427679,5,S,1363329
600000,20230228093627190,7.180,200,1436.000,686652,976842,427689,5,S,1363354
600000,20230228093627210,7.180,200,1436.000,686652,976869,427703,5,S,1363387
600000,20230228093627240,7.190,100,719.000,976915,898875,427722,5,B,1363462
600000,20230228093627270,7.180,100,718.000,686652,976953,427740,5,S,1363526
600000,20230228093628220,7.180,200,1436.000,686652,978136,428465,5,S,1365315
600000,20230228093628550,7.180,800,5744.000,686652,978622,428772,5,S,1366030
600000,20230228093628550,7.180,1000,7180.000,697771,978622,428773,5,S,1366031
600000,20230228093628550,7.180,300,2154.000,712133,978622,428774,5,S,1366032
600000,20230228093630240,7.190,1500,10785.000,981063,898875,430049,5,B,1369477
600000,20230228093631280,7.180,200,1436.000,714717,982465,430865,5,S,1371703
600000,20230228093631520,7.180,100,718.000,714717,982833,431068,5,S,1372176
600000,20230228093632870,7.180,600,4308.000,732754,984651,432135,5,S,1374941
600000,20230228093633230,7.190,200,1438.000,985107,898875,432374,5,B,1375643
600000,20230228093636230,7.190,100,719.000,989078,898875,434458,5,B,1381510
600000,20230228093641370,7.190,2000,14380.000,995342,898875,437738,5,B,1391152
600000,20230228093641390,7.190,700,5033.000,995367,898875,437745,5,B,1391196
600000,20230228093645420,7.190,200,1438.000,1000307,898875,440399,5,B,1398786
600000,20230228093650460,7.180,600,4308.000,732754,1006133,443355,5,S,1407532
600000,20230228093650460,7.180,1300,9334.000,744358,1006133,443356,5,S,1407533
600000,20230228093650460,7.180,1300,9334.000,747726,1006133,443357,5,S,1407534
600000,20230228093650460,7.180,400,2872.000,751354,1006133,443358,5,S,1407535
600000,20230228093650460,7.180,400,2872.000,755865,1006133,443359,5,S,1407536
600000,20230228093651260,7.180,600,4308.000,755865,1007200,444034,5,S,1409132
600000,20230228093651260,7.180,800,5744.000,772466,1007200,444035,5,S,1409133
600000,20230228093651260,7.190,200,1438.000,1007226,898875,444041,5,B,1409166
600000,20230228093654220,7.180,100,718.000,772466,1011352,446335,5,S,1415298
600000,20230228093654240,7.180,100,718.000,772466,1011381,446354,5,S,1415339
600000,20230228093702540,7.180,100,718.000,772466,1022044,451944,5,S,1431576
600000,20230228093703240,7.180,100,718.000,772466,1023061,452589,5,S,1433073
600000,20230228093704490,7.180,100,718.000,772466,1024895,453654,5,S,1435806
600000,20230228093706850,7.180,700,5026.000,772466,1028359,455856,5,S,1441368
600000,20230228093706850,7.180,600,4308.000,777685,1028359,455857,5,S,1441369
600000,20230228093706850,7.180,2700,19386.000,779810,1028359,455858,5,S,1441370
600000,20230228093706850,7.180,1000,7180.000,783159,1028359,455859,5,S,1441371
600000,20230228093706850,7.180,300,2154.000,786985,1028359,455860,5,S,1441372
600000,20230228093706850,7.180,300,2154.000,824171,1028359,455861,5,S,1441373
600000,20230228093706850,7.180,5000,35900.000,827814,1028359,455862,5,S,1441374
600000,20230228093706850,7.180,1500,10770.000,830065,1028359,455863,5,S,1441375
600000,20230228093706850,7.180,1500,10770.000,831482,1028359,455864,5,S,1441376
600000,20230228093706850,7.180,1500,10770.000,836093,1028359,455865,5,S,1441377
600000,20230228093706850,7.180,2000,14360.000,839027,1028359,455866,5,S,1441378
600000,20230228093706850,7.180,2600,18668.000,840888,1028359,455867,5,S,1441379
600000,20230228093706850,7.180,300,2154.000,852829,1028359,455868,5,S,1441380
600000,20230228093706850,7.180,1000,7180.000,857332,1028359,455869,5,S,1441381
600000,20230228093706850,7.180,10000,71800.000,871585,1028359,455870,5,S,1441382
600000,20230228093706850,7.180,2000,14360.000,871869,1028359,455871,5,S,1441383
600000,20230228093706850,7.180,1000,7180.000,880844,1028359,455872,5,S,1441384
600000,20230228093706850,7.180,200,1436.000,902789,1028359,455873,5,S,1441385
600000,20230228093706970,7.180,200,1436.000,902789,1028435,455912,5,S,1441494
600000,20230228093706970,7.180,1000,7180.000,913280,1028435,455913,5,S,1441495
600000,20230228093706970,7.180,200,1436.000,922633,1028435,455914,5,S,1441496
600000,20230228093707220,7.180,300,2154.000,922633,1028788,456135,5,S,1442048
600000,20230228093707220,7.180,200,1436.000,922633,1028789,456136,5,S,1442049
600000,20230228093707220,7.180,300,2154.000,922633,1028790,456137,5,S,1442050
600000,20230228093707220,7.180,800,5744.000,925491,1028790,456138,5,S,1442051
600000,20230228093707220,7.180,200,1436.000,925491,1028791,456139,5,S,1442052
600000,20230228093707240,7.180,300,2154.000,925491,1028814,456149,5,S,1442081
600000,20230228093707280,7.180,100,718.000,925491,1028865,456176,5,S,1442170
600000,20230228093707430,7.180,100,718.000,925491,1029067,456300,5,S,1442479
600000,20230228093707570,7.180,100,718.000,925491,1029258,456420,5,S,1442775
600000,20230228093708950,7.180,100,718.000,925491,1030900,457264,5,S,1445347
600000,20230228093708950,7.180,400,2872.000,925491,1030905,457267,5,S,1445352
600000,20230228093708950,7.180,100,718.000,925491,1030907,457268,5,S,1445354
600000,20230228093708990,7.180,200,1436.000,925491,1030958,457299,5,S,1445426
600000,20230228093708990,7.180,100,718.000,925491,1030960,457300,5,S,1445428
600000,20230228093708990,7.180,100,718.000,925491,1030972,457304,5,S,1445448
600000,20230228093709010,7.180,2400,17232.000,925491,1030997,457323,5,S,1445491
600000,20230228093709010,7.180,200,1436.000,933620,1030997,457324,5,S,1445492
600000,20230228093709010,7.180,200,1436.000,941085,1030997,457325,5,S,1445493
600000,20230228093709010,7.180,300,2154.000,946137,1030997,457326,5,S,1445494
600000,20230228093709010,7.180,100,718.000,946237,1030997,457327,5,S,1445495
600000,20230228093709010,7.180,100,718.000,946238,1030997,457328,5,S,1445496
600000,20230228093709010,7.180,100,718.000,950916,1030997,457329,5,S,1445497
600000,20230228093709010,7.180,1000,7180.000,951201,1030997,457330,5,S,1445498
600000,20230228093709010,7.180,100,718.000,960634,1030997,457331,5,S,1445499
600000,20230228093709010,7.180,100,718.000,960735,1030998,457332,5,S,1445500
600000,20230228093709010,7.180,1500,10770.000,976177,1030998,457333,5,S,1445501
600000,20230228093710280,7.180,500,3590.000,976177,1032521,458201,5,S,1447915
600000,20230228093710280,7.180,200,1436.000,976805,1032525,458204,5,S,1447919
600000,20230228093710760,7.180,100,718.000,976805,1033082,458444,5,S,1448670
600000,20230228093710990,7.180,100,718.000,978299,1033353,458599,5,S,1449069
600000,20230228093711540,7.180,200,1436.000,981850,1034006,458934,5,S,1450105
600000,20230228093711690,7.180,100,718.000,981850,1034156,459018,5,S,1450348
600000,20230228093711950,7.180,100,718.000,981850,1034471,459162,5,S,1450825
600000,20230228093711950,7.180,100,718.000,981850,1034473,459163,5,S,1450827
600000,20230228093711950,7.180,100,718.000,981850,1034474,459164,5,S,1450828
600000,20230228093711950,7.180,100,718.000,981850,1034475,459165,5,S,1450829
600000,20230228093711950,7.180,400,2872.000,981850,1034476,459166,5,S,1450830
600000,20230228093711950,7.180,300,2154.000,981850,1034477,459167,5,S,1450831
600000,20230228093711950,7.180,400,2872.000,981850,1034478,459168,5,S,1450832
600000,20230228093711950,7.180,300,2154.000,981850,1034479,459169,5,S,1450833
600000,20230228093711950,7.180,200,1436.000,981850,1034480,459170,5,S,1450834
600000,20230228093711950,7.180,400,2872.000,981850,1034481,459171,5,S,1450835
600000,20230228093711950,7.180,100,718.000,981850,1034483,459173,5,S,1450837
600000,20230228093711950,7.180,100,718.000,981850,1034487,459176,5,S,1450841
600000,20230228093711980,7.180,700,5026.000,981850,1034515,459184,5,S,1450875
600000,20230228093711980,7.180,200,1436.000,981850,1034523,459188,5,S,1450885
600000,20230228093711980,7.180,200,1436.000,981850,1034524,459189,5,S,1450886
600000,20230228093711980,7.180,100,718.000,981850,1034525,459190,5,S,1450887
600000,20230228093711980,7.180,400,2872.000,981850,1034527,459192,5,S,1450890
600000,20230228093711980,7.180,200,1436.000,981850,1034529,459194,5,S,1450892
600000,20230228093711980,7.180,400,2872.000,981850,1034530,459195,5,S,1450893
600000,20230228093711980,7.180,100,718.000,981850,1034534,459197,5,S,1450897
600000,20230228093712000,7.180,100,718.000,981850,1034536,459198,5,S,1450900
600000,20230228093712000,7.180,500,3590.000,981850,1034537,459199,5,S,1450901
600000,20230228093712000,7.180,100,718.000,981850,1034538,459200,5,S,1450903
600000,20230228093712000,7.180,100,718.000,981850,1034541,459201,5,S,1450906
600000,20230228093712000,7.180,200,1436.000,981850,1034544,459202,5,S,1450909
600000,20230228093712000,7.180,200,1436.000,981850,1034546,459203,5,S,1450911
600000,20230228093712000,7.180,100,718.000,981850,1034549,459205,5,S,1450915
600000,20230228093712000,7.180,100,718.000,981850,1034558,459209,5,S,1450931
600000,20230228093712260,7.180,400,2872.000,981850,1034902,459386,5,S,1451398
600000,20230228093712260,7.180,1000,7180.000,985457,1034902,459387,5,S,1451399
600000,20230228093712260,7.180,200,1436.000,1011327,1034902,459388,5,S,1451400
600000,20230228093712500,7.180,200,1436.000,1011327,1035206,459550,5,S,1451841
600000,20230228093712500,7.180,900,6462.000,1031252,1035206,459551,5,S,1451842
600000,20230228093712640,7.180,1000,7180.000,1031252,1035389,459668,5,S,1452097
600000,20230228093712640,7.180,3000,21540.000,1033232,1035389,459669,5,S,1452098
600000,20230228093712640,7.180,300,2154.000,1035207,1035389,459670,5,S,1452099
600000,20230228093713220,7.180,200,1436.000,1036153,1035389,460143,5,B,1453235
600000,20230228093714960,7.180,300,2154.000,1038355,1035389,461348,5,B,1456520
600000,20230228093714980,7.180,500,3590.000,1038379,1035389,461356,5,B,1456556
600000,20230228093715000,7.180,300,2154.000,1038392,1035389,461363,5,B,1456573
600000,20230228093715370,7.180,1400,10052.000,1038940,1035389,461595,5,B,1457347
600000,20230228093715560,7.180,3100,22258.000,1039188,1035389,461752,5,B,1457772
600000,20230228093715610,7.180,100,718.000,1039264,1035389,461780,5,B,1457878
600000,20230228093715730,7.180,100,718.000,1039410,1035389,461896,5,B,1458106
600000,20230228093717050,7.180,1200,8616.000,1041075,1035389,462820,5,B,1460586
600000,20230228093717660,7.180,100,718.000,1041743,1035389,463208,5,B,1461656
600000,20230228093717960,7.180,200,1436.000,1042040,1035389,463380,5,B,1462114
600000,20230228093717960,7.180,600,4308.000,1042041,1035389,463381,5,B,1462115
600000,20230228093717980,7.180,100,718.000,1042057,1035389,463387,5,B,1462136
600000,20230228093717980,7.180,100,718.000,1042058,1035389,463388,5,B,1462137
600000,20230228093717980,7.180,100,718.000,1042059,1035389,463389,5,B,1462138
600000,20230228093718020,7.180,200,1436.000,1042107,1035389,463429,5,B,1462230
600000,20230228093718050,7.180,100,718.000,1042137,1035389,463447,5,B,1462276
600000,20230228093718050,7.180,100,718.000,1042151,1035389,463455,5,B,1462292
600000,20230228093718210,7.180,100,718.000,1042377,1035389,463553,5,B,1462608
600000,20230228093726960,7.180,1000,7180.000,1052825,1035389,469280,5,B,1478900
600000,20230228093729450,7.180,100,718.000,1055552,1035389,470570,5,B,1482906
600000,20230228093731490,7.170,300,2151.000,226784,1058123,471764,5,S,1486526
600000,20230228093734280,7.180,1000,7180.000,1061167,1035389,473411,5,B,1491254
600000,20230228093736020,7.180,300,2154.000,1063095,1035389,474411,5,B,1494308
600000,20230228093742990,7.170,200,1434.000,226784,1071073,478829,5,S,1506709
600000,20230228093745010,7.180,1200,8616.000,1073267,1035389,480011,5,B,1509983
600000,20230228093802100,7.180,1000,7180.000,1093752,1035389,491515,5,B,1541240
600000,20230228093806650,7.180,200,1436.000,1100193,1035389,495469,5,B,1551387
600000,20230228093806650,7.180,100,718.000,1100194,1035389,495470,5,B,1551388
600000,20230228093806650,7.180,100,718.000,1100195,1035389,495471,5,B,1551389
600000,20230228093806990,7.180,500,3590.000,1100598,1035389,495674,5,B,1552011
600000,20230228093806990,7.180,100,718.000,1100598,1038404,495675,5,B,1552012
600000,20230228093806990,7.180,100,718.000,1100598,1038407,495676,5,B,1552013
600000,20230228093806990,7.180,100,718.000,1100598,1038941,495677,5,B,1552014
600000,20230228093806990,7.180,100,718.000,1100598,1041253,495678,5,B,1552015
600000,20230228093806990,7.180,400,2872.000,1100598,1041286,495679,5,B,1552016
600000,20230228093806990,7.180,600,4308.000,1100598,1042081,495680,5,B,1552017
600000,20230228093806990,7.180,800,5744.000,1100598,1076679,495681,5,B,1552018
600000,20230228093807220,7.190,2200,15818.000,1100899,898875,495845,5,B,1552485
600000,20230228093807250,7.180,100,718.000,1100598,1100976,495907,5,S,1552593
600000,20230228093807250,7.180,100,718.000,1100598,1100977,495908,5,S,1552594
600000,20230228093807250,7.180,100,718.000,1100598,1100978,495909,5,S,1552595
600000,20230228093807250,7.180,300,2154.000,1100598,1100979,495910,5,S,1552596
600000,20230228093807250,7.180,100,718.000,1100598,1100980,495911,5,S,1552597
600000,20230228093807250,7.180,100,718.000,1100598,1100982,495912,5,S,1552599
600000,20230228093807250,7.180,100,718.000,1100598,1100983,495913,5,S,1552601
600000,20230228093807250,7.180,100,718.000,1100598,1100984,495914,5,S,1552602
600000,20230228093807250,7.180,100,718.000,1100598,1100986,495915,5,S,1552604
600000,20230228093807250,7.180,100,718.000,1100598,1100987,495916,5,S,1552605
600000,20230228093807250,7.180,100,718.000,1100598,1100989,495917,5,S,1552607
600000,20230228093807250,7.180,100,718.000,1100598,1100990,495918,5,S,1552608
600000,20230228093807250,7.180,100,718.000,1100598,1100991,495919,5,S,1552609
600000,20230228093807250,7.180,100,718.000,1100598,1100992,495920,5,S,1552610
600000,20230228093807250,7.180,600,4308.000,1100598,1100993,495921,5,S,1552611
600000,20230228093807250,7.180,100,718.000,1100598,1100994,495922,5,S,1552612
600000,20230228093807250,7.180,100,718.000,1100598,1100996,495923,5,S,1552617
600000,20230228093807250,7.180,100,718.000,1100598,1100997,495924,5,S,1552618
600000,20230228093807250,7.180,600,4308.000,1100598,1100998,495925,5,S,1552619
600000,20230228093807250,7.180,100,718.000,1100598,1100999,495926,5,S,1552620
600000,20230228093807250,7.180,100,718.000,1100598,1101000,495927,5,S,1552621
600000,20230228093807250,7.180,100,718.000,1100598,1101002,495928,5,S,1552623
600000,20230228093807250,7.180,200,1436.000,1100598,1101009,495932,5,S,1552631
600000,20230228093807250,7.180,200,1436.000,1100598,1101010,495933,5,S,1552632
600000,20230228093807250,7.180,100,718.000,1100598,1101011,495934,5,S,1552633
600000,20230228093807250,7.180,300,2154.000,1100598,1101012,495935,5,S,1552634
600000,20230228093807250,7.180,100,718.000,1100598,1101013,495936,5,S,1552635
600000,20230228093807270,7.180,100,718.000,1100598,1101016,495939,5,S,1552638
600000,20230228093807270,7.180,100,718.000,1100598,1101017,495940,5,S,1552639
600000,20230228093807340,7.180,100,718.000,1100598,1101146,495979,5,S,1552818
600000,20230228093808870,7.180,1400,10052.000,1100598,1103183,496930,5,S,1555975
600000,20230228093809270,7.180,200,1436.000,1100598,1103862,497227,5,S,1556899
600000,20230228093809270,7.180,100,718.000,1100598,1103863,497228,5,S,1556900
600000,20230228093809270,7.180,200,1436.000,1100598,1103874,497232,5,S,1556913
600000,20230228093809270,7.180,100,718.000,1100598,1103875,497233,5,S,1556914
600000,20230228093809270,7.180,100,718.000,1100598,1103876,497234,5,S,1556915
600000,20230228093809270,7.180,200,1436.000,1100598,1103877,497235,5,S,1556916
600000,20230228093809270,7.180,100,718.000,1100598,1103881,497236,5,S,1556920
600000,20230228093809270,7.180,200,1436.000,1100598,1103883,497237,5,S,1556922
600000,20230228093809290,7.180,100,718.000,1100598,1103894,497240,5,S,1556937
600000,20230228093809320,7.180,500,3590.000,1102911,1103948,497254,5,S,1557018
600000,20230228093809320,7.180,500,3590.000,1102911,1103961,497262,5,S,1557037
600000,20230228093809320,7.180,200,1436.000,1103902,1103961,497263,5,S,1557038
600000,20230228093809320,7.170,423,3032.910,226784,1103961,497264,5,S,1557039
600000,20230228093809320,7.170,277,1986.090,248876,1103961,497265,5,S,1557040
600000,20230228093810250,7.180,200,1436.000,1105298,1104006,498328,5,B,1559397
600000,20230228093810290,7.180,100,718.000,1105298,1105360,498384,5,S,1559506
600000,20230228093810460,7.180,200,1436.000,1105298,1105575,498478,5,S,1559820
600000,20230228093812270,7.180,100,718.000,1105298,1107843,499699,5,S,1563416
600000,20230228093812270,7.180,100,718.000,1105298,1107849,499702,5,S,1563422
600000,20230228093812270,7.180,200,1436.000,1105298,1107850,499703,5,S,1563423
600000,20230228093812310,7.180,200,1436.000,1105298,1107909,499719,5,S,1563505
600000,20230228093814780,7.180,100,718.000,1105298,1110682,501247,5,S,1567885
600000,20230228093815290,7.180,100,718.000,1111486,1110682,501839,5,B,1569118
600000,20230228093815290,7.180,100,718.000,1111486,1110683,501840,5,B,1569119
600000,20230228093815290,7.180,100,718.000,1111499,1110683,501843,5,B,1569133
600000,20230228093827330,7.170,1000,7170.000,248876,1126095,510180,5,S,1592190
600000,20230228093830530,7.180,200,1436.000,1131364,1130937,513410,5,B,1600666
600000,20230228093830750,7.180,100,718.000,1131364,1131624,513566,5,S,1601087
600000,20230228093830810,7.180,600,4308.000,1131364,1131765,513640,5,S,1601284
600000,20230228093833190,7.180,200,1436.000,1131364,1135518,515913,5,S,1606876
600000,20230228093833190,7.180,200,1436.000,1131364,1135521,515915,5,S,1606880
600000,20230228093833190,7.180,200,1436.000,1131364,1135529,515916,5,S,1606890
600000,20230228093833190,7.180,200,1436.000,1131364,1135532,515918,5,S,1606894
600000,20230228093833230,7.180,100,718.000,1131364,1135579,515949,5,S,1606959
600000,20230228093833230,7.180,100,718.000,1131364,1135580,515950,5,S,1606960
600000,20230228093833230,7.180,100,718.000,1131364,1135582,515951,5,S,1606965
600000,20230228093833230,7.180,100,718.000,1131364,1135583,515952,5,S,1606966
600000,20230228093833250,7.180,200,1436.000,1131364,1135594,515954,5,S,1606982
600000,20230228093833250,7.180,100,718.000,1131364,1135602,515959,5,S,1606991
600000,20230228093833250,7.180,100,718.000,1131364,1135607,515961,5,S,1606996
600000,20230228093833260,7.180,100,718.000,1131364,1135657,515989,5,S,1607066
600000,20230228093833300,7.180,100,718.000,1131364,1135714,516021,5,S,1607159
600000,20230228093834280,7.180,300,2154.000,1131364,1136914,516660,5,S,1608970
600000,20230228093836190,7.180,2000,14360.000,1134053,1139306,517963,5,S,1612697
600000,20230228093836190,7.180,200,1436.000,1134053,1139307,517964,5,S,1612698
600000,20230228093836190,7.180,400,2872.000,1134053,1139308,517965,5,S,1612699
600000,20230228093836190,7.180,200,1436.000,1134053,1139309,517966,5,S,1612700
600000,20230228093836190,7.180,200,1436.000,1134053,1139310,517967,5,S,1612701
600000,20230228093836190,7.180,100,718.000,1134053,1139311,517968,5,S,1612702
600000,20230228093836210,7.180,200,1436.000,1134053,1139341,517987,5,S,1612746
600000,20230228093836210,7.180,100,718.000,1134053,1139342,517988,5,S,1612747
600000,20230228093836230,7.180,100,718.000,1136641,1139351,517997,5,S,1612767
600000,20230228093836230,7.180,100,718.000,1136641,1139359,518000,5,S,1612775
600000,20230228093836230,7.180,200,1436.000,1136641,1139360,518001,5,S,1612776
600000,20230228093836230,7.180,100,718.000,1136641,1139361,518002,5,S,1612777
600000,20230228093836240,7.180,200,1436.000,1136641,1139382,518122,5,S,1612911
600000,20230228093836240,7.180,100,718.000,1136641,1139390,518129,5,S,1612921
600000,20230228093839230,7.180,100,718.000,1136641,1142780,520320,5,S,1618550
600000,20230228093839230,7.180,100,718.000,1136641,1142781,520321,5,S,1618551
600000,20230228093845980,7.180,100,718.000,1149657,1142784,523965,5,B,1629081
600000,20230228093845980,7.180,100,718.000,1149657,1142786,523966,5,B,1629082
600000,20230228093845980,7.180,100,718.000,1149657,1142787,523967,5,B,1629083
600000,20230228093845980,7.180,100,718.000,1149657,1142792,523968,5,B,1629084
600000,20230228093845980,7.180,100,718.000,1149657,1145829,523969,5,B,1629085
600000,20230228093845980,7.190,300,2157.000,1149657,898875,523970,5,B,1629086
600000,20230228093846020,7.170,600,4302.000,248876,1149718,524005,5,S,1629189
600000,20230228093846480,7.180,100,718.000,1150163,1149728,524293,5,B,1629960
600000,20230228093846780,7.180,1100,7898.000,1150163,1150450,524424,5,S,1630382
600000,20230228093848200,7.180,100,718.000,1150163,1151906,525196,5,S,1632672
600000,20230228093848310,7.180,100,718.000,1150163,1152031,525250,5,S,1632857
600000,20230228093849790,7.180,500,3590.000,1150163,1153509,526149,5,S,1635181
600000,20230228093850170,7.180,1400,10052.000,1150163,1153909,526336,5,S,1635770
600000,20230228093850250,7.180,300,2154.000,1150163,1153974,526395,5,S,1635904
600000,20230228093850630,7.190,100,719.000,1154384,898875,526613,5,B,1636542
600000,20230228093851190,7.180,200,1436.000,1150163,1154986,526912,5,S,1637478
600000,20230228093851370,7.180,600,4308.000,1150163,1155149,527007,5,S,1637733
600000,20230228093851690,7.180,500,3590.000,1150163,1155462,527170,5,S,1638209
600000,20230228093900330,7.180,400,2872.000,1150163,1165395,532533,5,S,1653063
600000,20230228093903450,7.180,4000,28720.000,1150163,1170150,535821,5,S,1660382
600000,20230228093904410,7.180,100,718.000,1150163,1171303,536534,5,S,1662216
600000,20230228093906150,7.180,600,4308.000,1150163,1173860,538017,5,S,1666116
600000,20230228093906150,7.180,1000,7180.000,1151660,1173860,538018,5,S,1666117
600000,20230228093906150,7.180,400,2872.000,1151910,1173860,538019,5,S,1666118
600000,20230228093906150,7.180,100,718.000,1154491,1173860,538020,5,S,1666119
600000,20230228093906150,7.180,1100,7898.000,1157088,1173860,538021,5,S,1666120
600000,20230228093906240,7.180,100,718.000,1157088,1174035,538125,5,S,1666365
600000,20230228093909150,7.180,200,1436.000,1157088,1177802,540563,5,S,1672436
600000,20230228093909150,7.180,200,1436.000,1157088,1177803,540564,5,S,1672437
600000,20230228093909180,7.180,2400,17232.000,1157088,1177838,540589,5,S,1672491
600000,20230228093909180,7.180,2100,15078.000,1157249,1177838,540590,5,S,1672492
600000,20230228093909180,7.180,2900,20822.000,1157249,1177839,540591,5,S,1672493
600000,20230228093909180,7.180,100,718.000,1160664,1177839,540592,5,S,1672494
600000,20230228093909180,7.180,1000,7180.000,1162407,1177839,540593,5,S,1672495
600000,20230228093911820,7.180,200,1436.000,1162407,1181413,542789,5,S,1678133
600000,20230228093912460,7.180,100,718.000,1162407,1182413,543442,5,S,1679785
600000,20230228093914140,7.190,100,719.000,1184709,898875,544696,5,B,1683343
600000,20230228093914350,7.180,1200,8616.000,1162407,1185043,544915,5,S,1683886
600000,20230228093918030,7.180,800,5744.000,1162407,1189973,547674,5,S,1691826
600000,20230228093918200,7.180,200,1436.000,1162407,1190204,547792,5,S,1692213
600000,20230228093921100,7.180,100,718.000,1162407,1194016,549915,5,S,1698171
600000,20230228093924140,7.180,3300,23694.000,1162407,1197874,551781,5,S,1704123
600000,20230228093930820,7.190,2000,14380.000,1205790,898875,556170,5,B,1716606
600000,20230228093933100,7.180,200,1436.000,1162407,1208222,557507,5,S,1720614
600000,20230228093945710,7.190,200,1438.000,1221789,898875,564847,5,B,1741406
600000,20230228094000120,7.190,300,2157.000,1237509,898875,573570,5,B,1765178
600000,20230228094000120,7.190,300,2157.000,1237510,898875,573571,5,B,1765179
600000,20230228094000120,7.190,300,2157.000,1237511,898875,573572,5,B,1765180
600000,20230228094000470,7.180,2000,14360.000,1162407,1238050,573826,5,S,1765920
600000,20230228094000470,7.180,200,1436.000,1165275,1238050,573827,5,S,1765921
600000,20230228094003140,7.180,200,1436.000,1165275,1241458,575631,5,S,1770861
600000,20230228094003140,7.180,1000,7180.000,1174901,1241458,575632,5,S,1770862
600000,20230228094003140,7.180,100,718.000,1178187,1241458,575633,5,S,1770863
600000,20230228094003140,7.180,300,2154.000,1185648,1241458,575634,5,S,1770864
600000,20230228094003140,7.180,900,6462.000,1200438,1241458,575635,5,S,1770865
600000,20230228094006350,7.180,200,1436.000,1200438,1245392,577819,5,S,1776705
600000,20230228094006350,7.180,100,718.000,1206240,1245392,577820,5,S,1776706
600000,20230228094006350,7.180,1000,7180.000,1206606,1245392,577821,5,S,1776707
600000,20230228094006460,7.180,100,718.000,1212316,1245533,577883,5,S,1776913
600000,20230228094006460,7.180,200,1436.000,1214888,1245533,577884,5,S,1776914
600000,20230228094008880,7.190,1900,13661.000,1248835,898875,579979,5,B,1781893
600000,20230228094009100,7.180,100,718.000,1214888,1249143,580132,5,S,1782382
600000,20230228094009100,7.180,100,718.000,1215416,1249143,580133,5,S,1782383
600000,20230228094021820,7.180,1900,13642.000,1215416,1266691,589997,5,S,1809516
600000,20230228094021820,7.180,100,718.000,1220074,1266691,589998,5,S,1809517
600000,20230228094024590,7.180,900,6462.000,1220074,1270007,591735,5,S,1814697
600000,20230228094024590,7.180,1200,8616.000,1231746,1270007,591736,5,S,1814698
600000,20230228094025030,7.180,300,2154.000,1231746,1270603,592072,5,S,1815615
600000,20230228094026480,7.180,1700,12206.000,1231746,1272294,592969,5,S,1818199
600000,20230228094027000,7.180,100,718.000,1231746,1272897,593365,5,S,1819143
600000,20230228094027580,7.180,100,718.000,1231746,1273677,593807,5,S,1820404
600000,20230228094027580,7.180,200,1436.000,1231746,1273679,593808,5,S,1820406
600000,20230228094027580,7.180,200,1436.000,1231746,1273681,593809,5,S,1820408
600000,20230228094027580,7.180,400,2872.000,1231746,1273682,593810,5,S,1820409
600000,20230228094027580,7.180,200,1436.000,1231746,1273683,593811,5,S,1820410
600000,20230228094027580,7.180,200,1436.000,1231746,1273684,593812,5,S,1820411
600000,20230228094027630,7.180,100,718.000,1231746,1273739,593840,5,S,1820494
600000,20230228094027630,7.180,100,718.000,1231746,1273741,593841,5,S,1820496
600000,20230228094027630,7.180,100,718.000,1231746,1273743,593843,5,S,1820499
600000,20230228094027640,7.180,100,718.000,1231746,1273754,593849,5,S,1820514
600000,20230228094027690,7.180,1600,11488.000,1235120,1273791,593879,5,S,1820585
600000,20230228094027730,7.180,1400,10052.000,1235120,1273845,593909,5,S,1820670
600000,20230228094027730,7.180,400,2872.000,1241367,1273845,593910,5,S,1820671
600000,20230228094027730,7.180,100,718.000,1241628,1273845,593911,5,S,1820672
600000,20230228094027730,7.180,300,2154.000,1241985,1273845,593912,5,S,1820673
600000,20230228094027730,7.180,1200,8616.000,1248988,1273845,593913,5,S,1820674
600000,20230228094027920,7.180,100,718.000,1274087,1273845,594057,5,B,1821034
600000,20230228094027980,7.180,100,718.000,1274152,1273845,594098,5,B,1821148
600000,20230228094028020,7.180,100,718.000,1274234,1273845,594156,5,B,1821245
600000,20230228094028170,7.180,100,718.000,1274392,1273845,594235,5,B,1821478
600000,20230228094028240,7.180,100,718.000,1274473,1273845,594302,5,B,1821611
600000,20230228094028430,7.180,100,718.000,1274669,1273845,594407,5,B,1821907
600000,20230228094028490,7.180,100,718.000,1274734,1273845,594433,5,B,1822002
600000,20230228094028680,7.180,100,718.000,1274986,1273845,594544,5,B,1822377
600000,20230228094028740,7.180,100,718.000,1275056,1273845,594578,5,B,1822484
600000,20230228094028930,7.180,100,718.000,1275260,1273845,594684,5,B,1822781
600000,20230228094029000,7.180,100,718.000,1275339,1273845,594742,5,B,1822903
600000,20230228094029170,7.180,100,718.000,1275540,1273845,594832,5,B,1823209
600000,20230228094029240,7.180,100,718.000,1275617,1273845,594870,5,B,1823331
600000,20230228094029490,7.180,100,718.000,1275928,1273845,595018,5,B,1823811
600000,20230228094029750,7.180,100,718.000,1276221,1273845,595159,5,B,1824267
600000,20230228094029990,7.180,100,718.000,1276510,1273845,595343,5,B,1824710
600000,20230228094030240,7.180,100,718.000,1276937,1273845,595598,5,B,1825434
600000,20230228094030510,7.180,100,718.000,1277384,1273845,595782,5,B,1826096
600000,20230228094030580,7.180,100,718.000,1277547,1273845,595871,5,B,1826341
600000,20230228094030630,7.180,400,2872.000,1277621,1273845,596006,5,B,1826553
600000,20230228094030750,7.180,100,718.000,1277733,1273845,596093,5,B,1826752
600000,20230228094030920,7.180,100,718.000,1277935,1273845,596228,5,B,1827099
600000,20230228094030990,7.180,100,718.000,1278006,1273845,596266,5,B,1827210
600000,20230228094031170,7.180,100,718.000,1278280,1273845,596427,5,B,1827593
600000,20230228094031250,7.180,100,718.000,1278347,1273845,596474,5,B,1827705
600000,20230228094031430,7.180,100,718.000,1278624,1273845,596642,5,B,1828136
600000,20230228094032060,7.180,400,2872.000,1279320,1273845,597008,5,B,1829190
600000,20230228094032060,7.180,100,718.000,1279320,1273867,597009,5,B,1829191
600000,20230228094032130,7.180,300,2154.000,1279424,1273867,597055,5,B,1829328
600000,20230228094032130,7.180,100,718.000,1279424,1273872,597056,5,B,1829329
600000,20230228094032130,7.180,200,1436.000,1279424,1273883,597057,5,B,1829330
600000,20230228094032130,7.180,100,718.000,1279425,1273883,597058,5,B,1829331
600000,20230228094032130,7.180,100,718.000,1279425,1273893,597059,5,B,1829332
600000,20230228094032130,7.180,100,718.000,1279425,1273913,597060,5,B,1829333
600000,20230228094032130,7.180,300,2154.000,1279425,1275375,597061,5,B,1829334
600000,20230228094033620,7.180,100,718.000,1281471,1275375,598010,5,B,1832431
600000,20230228094033700,7.180,100,718.000,1281556,1275375,598038,5,B,1832543
600000,20230228094035460,7.180,6000,43080.000,1283516,1275375,598984,5,B,1835533
600000,20230228094035670,7.180,200,1436.000,1283880,1275375,599122,5,B,1836066
600000,20230228094035670,7.180,400,2872.000,1283880,1277674,599123,5,B,1836067
600000,20230228094035670,7.180,100,718.000,1283880,1277677,599124,5,B,1836068
600000,20230228094035670,7.180,400,2872.000,1283880,1277746,599125,5,B,1836069
600000,20230228094036050,7.180,500,3590.000,1284346,1284012,599514,5,B,1836924
600000,20230228094040470,7.180,700,5026.000,1289572,1284012,602416,5,B,1844988
600000,20230228094042720,7.180,200,1436.000,1289572,1291960,603554,5,S,1848598
600000,20230228094042800,7.180,100,718.000,1289572,1292039,603596,5,S,1848732
600000,20230228094042980,7.180,100,718.000,1292233,1292039,603695,5,B,1849006
600000,20230228094043260,7.180,400,2872.000,1292233,1292540,603872,5,S,1849478
600000,20230228094051730,7.180,100,718.000,1301733,1292959,609085,5,B,1863804
600000,20230228094055770,7.180,5000,35900.000,1306519,1292959,611796,5,B,1871104
600000,20230228094056460,7.170,123,881.910,248876,1307265,612247,5,S,1872281
600000,20230228094056460,7.170,10000,71700.000,249880,1307265,612248,5,S,1872282
600000,20230228094056460,7.170,2000,14340.000,251365,1307265,612249,5,S,1872283
600000,20230228094056460,7.170,6977,50025.090,300005,1307265,612250,5,S,1872284
600000,20230228094101210,7.180,100,718.000,1313491,1292959,616062,5,B,1881522
600000,20230228094101680,7.180,200,1436.000,1314109,1295241,616480,5,B,1882431
600000,20230228094101680,7.180,300,2154.000,1314109,1301876,616481,5,B,1882432
600000,20230228094101680,7.180,500,3590.000,1314109,1314052,616482,5,B,1882433
600000,20230228094104420,7.170,100,717.000,300005,1317614,618398,5,S,1887764
600000,20230228094106080,7.170,600,4302.000,300005,1319674,619541,5,S,1890858
600000,20230228094109110,7.170,1000,7170.000,300005,1323835,622166,5,S,1897317
600000,20230228094119230,7.180,100,718.000,1338650,1314052,630676,5,B,1919918
600000,20230228094120270,7.170,4000,28680.000,300005,1340403,632060,5,S,1922644
600000,20230228094122150,7.170,2900,20793.000,300005,1342717,633635,5,S,1926443
600000,20230228094126030,7.180,600,4308.000,1347187,1314052,635944,5,B,1933313
600000,20230228094126030,7.180,400,2872.000,1347187,1316718,635945,5,B,1933314
600000,20230228094126030,7.180,100,718.000,1347187,1333426,635946,5,B,1933315
600000,20230228094126030,7.180,100,718.000,1347187,1340828,635947,5,B,1933316
600000,20230228094128080,7.180,100,718.000,1349620,1340835,637601,5,B,1937263
600000,20230228094128080,7.180,100,718.000,1349620,1343467,637602,5,B,1937264
600000,20230228094128240,7.180,300,2154.000,1349620,1349860,637733,5,S,1937582
600000,20230228094133580,7.180,100,718.000,1355965,1349862,641097,5,B,1946995
600000,20230228094142090,7.170,100,717.000,300005,1365324,646483,5,S,1961773
600000,20230228094148060,7.190,100,719.000,1372099,898875,650367,5,B,1972568
600000,20230228094201830,7.190,500,3595.000,1387147,898875,658497,5,B,1995833
600000,20230228094212530,7.180,100,718.000,1400349,1400130,666926,5,B,2016422
600000,20230228094218730,7.180,1000,7180.000,1407251,1400130,670749,5,B,2027316
600000,20230228094219070,7.180,100,718.000,1407571,1400130,670914,5,B,2027812
600000,20230228094219550,7.180,900,6462.000,1408070,1400130,671149,5,B,2028547
600000,20230228094219550,7.180,400,2872.000,1408070,1404005,671150,5,B,2028548
600000,20230228094219550,7.190,900,6471.000,1408070,898875,671151,5,B,2028549
600000,20230228094224500,7.180,100,718.000,1410352,1413838,674545,5,S,2037547
600000,20230228094228950,7.180,100,718.000,1420033,1413846,678642,5,B,2047554
600000,20230228094228950,7.180,100,718.000,1420033,1413847,678643,5,B,2047555
600000,20230228094228950,7.180,100,718.000,1420033,1413848,678644,5,B,2047556
600000,20230228094228950,7.180,100,718.000,1420033,1413849,678645,5,B,2047557
600000,20230228094228950,7.180,100,718.000,1420033,1413850,678646,5,B,2047558
600000,20230228094228950,7.180,100,718.000,1420033,1413858,678647,5,B,2047559
600000,20230228094228950,7.180,100,718.000,1420033,1413860,678648,5,B,2047560
600000,20230228094228950,7.180,100,718.000,1420033,1413862,678649,5,B,2047561
600000,20230228094228950,7.180,100,718.000,1420033,1413863,678650,5,B,2047562
600000,20230228094228950,7.180,100,718.000,1420033,1413865,678651,5,B,2047563
600000,20230228094231380,7.170,1500,10755.000,300005,1423018,680266,5,S,2052074
600000,20230228094232120,7.180,100,718.000,1423906,1413868,680828,5,B,2053495
600000,20230228094232500,7.180,100,718.000,1424435,1413870,681191,5,B,2054351
600000,20230228094232500,7.180,100,718.000,1424435,1413873,681192,5,B,2054352
600000,20230228094232500,7.180,100,718.000,1424435,1413874,681193,5,B,2054353
600000,20230228094232500,7.180,100,718.000,1424435,1413877,681194,5,B,2054354
600000,20230228094232500,7.180,100,718.000,1424435,1413879,681195,5,B,2054355
600000,20230228094232500,7.180,100,718.000,1424435,1413880,681196,5,B,2054356
600000,20230228094232500,7.180,100,718.000,1424435,1413887,681197,5,B,2054357
600000,20230228094234400,7.170,100,717.000,300005,1426717,682461,5,S,2057902
600000,20230228094234950,7.170,400,2868.000,300005,1427315,682763,5,S,2058822
600000,20230228094239570,7.170,1700,12189.000,300005,1432974,686230,5,S,2067715
600000,20230228094240320,7.180,100,718.000,1433837,1414751,686859,5,B,2069065
600000,20230228094240320,7.180,100,718.000,1433837,1414752,686860,5,B,2069066
600000,20230228094240320,7.180,100,718.000,1433837,1414756,686861,5,B,2069067
600000,20230228094240320,7.180,100,718.000,1433837,1414775,686862,5,B,2069068
600000,20230228094240320,7.180,100,718.000,1433837,1414987,686863,5,B,2069069
600000,20230228094240320,7.180,100,718.000,1433837,1415017,686864,5,B,2069070
600000,20230228094240320,7.180,100,718.000,1433837,1415019,686865,5,B,2069071
600000,20230228094242110,7.170,100,717.000,300005,1436009,688130,5,S,2072335
600000,20230228094242170,7.180,100,718.000,1436131,1415022,688161,5,B,2072470
600000,20230228094242170,7.180,100,718.000,1436131,1415023,688162,5,B,2072471
600000,20230228094242170,7.180,100,718.000,1436131,1415024,688163,5,B,2072472
600000,20230228094242170,7.180,100,718.000,1436131,1416222,688164,5,B,2072473
600000,20230228094242170,7.180,100,718.000,1436131,1416223,688165,5,B,2072474
600000,20230228094242170,7.180,100,718.000,1436131,1416224,688166,5,B,2072475
600000,20230228094242170,7.180,100,718.000,1436131,1416230,688167,5,B,2072476
600000,20230228094242170,7.180,300,2154.000,1436131,1424722,688168,5,B,2072477
600000,20230228094246820,7.170,1700,12189.000,300005,1441487,691399,5,S,2080556
600000,20230228094251860,7.180,100,718.000,1447411,1424722,694781,5,B,2089450
600000,20230228094251860,7.180,200,1436.000,1447411,1431871,694782,5,B,2089451
600000,20230228094258200,7.180,800,5744.000,1453930,1431871,698297,5,B,2099219
600000,20230228094300770,7.180,100,718.000,1456539,1431871,699915,5,B,2103441
600000,20230228094300980,7.180,100,718.000,1456539,1456821,700045,5,S,2103861
600000,20230228094301250,7.180,100,718.000,1456539,1457047,700174,5,S,2104205
600000,20230228094303590,7.180,100,718.000,1456539,1459498,701563,5,S,2108026
600000,20230228094303590,7.180,100,718.000,1456539,1459503,701567,5,S,2108038
600000,20230228094303590,7.180,200,1436.000,1456539,1459504,701568,5,S,2108039
600000,20230228094303600,7.180,100,718.000,1456539,1459520,701581,5,S,2108068
600000,20230228094303600,7.180,100,718.000,1456539,1459521,701582,5,S,2108069
600000,20230228094303600,7.180,100,718.000,1456539,1459522,701583,5,S,2108070
600000,20230228094303620,7.180,100,718.000,1456539,1459523,701584,5,S,2108072
600000,20230228094303620,7.180,100,718.000,1456539,1459524,701585,5,S,2108073
600000,20230228094303620,7.180,200,1436.000,1456539,1459532,701588,5,S,2108083
600000,20230228094303630,7.180,400,2872.000,1456539,1459535,701593,5,S,2108089
600000,20230228094303630,7.180,100,718.000,1456539,1459537,701595,5,S,2108091
600000,20230228094303630,7.180,300,2154.000,1456539,1459538,701596,5,S,2108092
600000,20230228094303700,7.180,600,4308.000,1456539,1459600,701622,5,S,2108181
600000,20230228094303920,7.180,100,718.000,1456539,1459841,701759,5,S,2108542
600000,20230228094304240,7.180,100,718.000,1456539,1460200,701920,5,S,2109050
600000,20230228094304240,7.180,100,718.000,1456539,1460202,701922,5,S,2109055
600000,20230228094304240,7.180,100,718.000,1456539,1460203,701923,5,S,2109056
600000,20230228094304310,7.180,100,718.000,1456539,1460311,701999,5,S,2109209
600000,20230228094304500,7.180,100,718.000,1456540,1460499,702088,5,S,2109485
600000,20230228094304750,7.180,500,3590.000,1456540,1460775,702249,5,S,2109898
600000,20230228094305690,7.180,1000,7180.000,1456540,1461729,702700,5,S,2111343
600000,20230228094306590,7.180,200,1436.000,1456540,1462724,703312,5,S,2112985
600000,20230228094306590,7.180,400,2872.000,1456540,1462725,703313,5,S,2112986
600000,20230228094306590,7.180,100,718.000,1456540,1462728,703314,5,S,2112990
600000,20230228094306590,7.180,200,1436.000,1459508,1462728,703315,5,S,2112991
600000,20230228094306590,7.180,100,718.000,1460021,1462728,703316,5,S,2112992
600000,20230228094306590,7.180,100,718.000,1460021,1462730,703317,5,S,2112994
600000,20230228094306590,7.180,100,718.000,1460021,1462731,703318,5,S,2112995
600000,20230228094306600,7.180,1800,12924.000,1460021,1462758,703326,5,S,2113033
600000,20230228094306600,7.180,2100,15078.000,1460021,1462759,703327,5,S,2113034
600000,20230228094306600,7.180,300,2154.000,1460021,1462762,703328,5,S,2113037
600000,20230228094306600,7.180,100,718.000,1460021,1462763,703329,5,S,2113038
600000,20230228094306600,7.180,100,718.000,1460021,1462764,703330,5,S,2113039
600000,20230228094306600,7.180,100,718.000,1460021,1462766,703331,5,S,2113041
600000,20230228094306600,7.180,100,718.000,1460021,1462767,703332,5,S,2113042
600000,20230228094306600,7.180,100,718.000,1460021,1462768,703333,5,S,2113044
600000,20230228094306600,7.180,300,2154.000,1461215,1462770,703334,5,S,2113046
600000,20230228094306600,7.180,200,1436.000,1461215,1462777,703340,5,S,2113057
600000,20230228094306620,7.180,300,2154.000,1461215,1462778,703341,5,S,2113058
600000,20230228094306620,7.180,800,5744.000,1461215,1462780,703342,5,S,2113060
600000,20230228094306620,7.180,100,718.000,1461215,1462783,703343,5,S,2113064
600000,20230228094306620,7.180,100,718.000,1461215,1462785,703344,5,S,2113066
600000,20230228094306620,7.180,200,1436.000,1461215,1462789,703348,5,S,2113076
600000,20230228094306620,7.180,100,718.000,1461215,1462792,703350,5,S,2113079
600000,20230228094306620,7.180,400,2872.000,1461215,1462793,703351,5,S,2113080
600000,20230228094306630,7.180,200,1436.000,1461215,1462810,703361,5,S,2113104
600000,20230228094306780,7.180,1100,7898.000,1461215,1462954,703431,5,S,2113330
600000,20230228094306800,7.180,200,1436.000,1461215,1462974,703446,5,S,2113362
600000,20230228094312250,7.180,100,718.000,1469169,1469494,707050,5,S,2123469
600000,20230228094318080,7.180,100,718.000,1477311,1469533,711825,5,B,2136235
600000,20230228094333110,7.180,800,5744.000,1494333,1469533,721099,5,B,2162768
600000,20230228094339740,7.170,800,5736.000,300005,1501158,724585,5,S,2173582
600000,20230228094340950,7.180,500,3590.000,1502310,1469533,725404,5,B,2175583
600000,20230228094346940,7.180,200,1436.000,1508709,1469533,729034,5,B,2185555
600000,20230228094346940,7.180,100,718.000,1508709,1474435,729035,5,B,2185556
600000,20230228094346940,7.180,100,718.000,1508709,1477109,729036,5,B,2185557
600000,20230228094346940,7.180,1000,7180.000,1508709,1478108,729037,5,B,2185558
600000,20230228094346940,7.180,500,3590.000,1508709,1481781,729038,5,B,2185559
600000,20230228094346940,7.180,100,718.000,1508709,1495503,729039,5,B,2185560
600000,20230228094347000,7.180,1900,13642.000,1508709,1508806,729095,5,S,2185685
600000,20230228094347170,7.180,100,718.000,1508709,1508990,729244,5,S,2186021
600000,20230228094351990,7.180,1900,13642.000,1513529,1508990,731466,5,B,2192852
600000,20230228094352250,7.180,100,718.000,1513529,1513778,731616,5,S,2193240
600000,20230228094352250,7.180,200,1436.000,1513529,1513779,731617,5,S,2193241
600000,20230228094352250,7.180,100,718.000,1513529,1513780,731618,5,S,2193242
600000,20230228094352250,7.180,200,1436.000,1513529,1513783,731620,5,S,2193247
600000,20230228094352250,7.180,100,718.000,1513529,1513785,731622,5,S,2193249
600000,20230228094352250,7.180,100,718.000,1513529,1513786,731623,5,S,2193250
600000,20230228094352250,7.180,100,718.000,1513529,1513788,731625,5,S,2193252
600000,20230228094352250,7.180,5800,41644.000,1513529,1513791,731628,5,S,2193256
600000,20230228094352250,7.180,100,718.000,1513529,1513797,731633,5,S,2193262
600000,20230228094352250,7.180,200,1436.000,1513529,1513812,731641,5,S,2193281
600000,20230228094352250,7.180,100,718.000,1513529,1513816,731646,5,S,2193286
600000,20230228094352250,7.180,100,718.000,1513529,1513817,731647,5,S,2193287
600000,20230228094352300,7.180,300,2154.000,1513529,1513855,731666,5,S,2193343
600000,20230228094352490,7.180,100,718.000,1513529,1514012,731766,5,S,2193600
600000,20230228094352490,7.180,200,1436.000,1513529,1514013,731767,5,S,2193601
600000,20230228094352490,7.180,100,718.000,1513529,1514019,731769,5,S,2193608
600000,20230228094352490,7.180,100,718.000,1513529,1514020,731770,5,S,2193609
600000,20230228094352490,7.180,200,1436.000,1513529,1514022,731771,5,S,2193611
600000,20230228094352490,7.180,100,718.000,1513529,1514023,731772,5,S,2193612
600000,20230228094352490,7.180,200,1436.000,1513529,1514024,731773,5,S,2193613
600000,20230228094352490,7.180,700,5026.000,1513529,1514025,731774,5,S,2193614
600000,20230228094352490,7.180,100,718.000,1513529,1514026,731775,5,S,2193615
600000,20230228094352490,7.180,100,718.000,1513529,1514029,731777,5,S,2193619
600000,20230228094352490,7.180,200,1436.000,1513529,1514031,731778,5,S,2193621
600000,20230228094352490,7.180,200,1436.000,1513529,1514032,731779,5,S,2193623
600000,20230228094353350,7.180,1800,12924.000,1513529,1514960,732295,5,S,2194998
600000,20230228094353420,7.180,100,718.000,1513529,1515059,732336,5,S,2195138
600000,20230228094353680,7.180,200,1436.000,1513529,1515298,732437,5,S,2195523
600000,20230228094353680,7.180,200,1436.000,1513529,1515299,732438,5,S,2195524
600000,20230228094353700,7.180,300,2154.000,1513529,1515336,732450,5,S,2195576
600000,20230228094354270,7.180,100,718.000,1513529,1516029,732779,5,S,2196597
600000,20230228094354270,7.180,300,2154.000,1513529,1516030,732780,5,S,2196598
600000,20230228094354270,7.180,200,1436.000,1513529,1516031,732781,5,S,2196599
600000,20230228094354270,7.180,200,1436.000,1513529,1516032,732782,5,S,2196600
600000,20230228094354270,7.180,100,718.000,1513529,1516033,732783,5,S,2196601
600000,20230228094354270,7.180,200,1436.000,1513529,1516034,732784,5,S,2196602
600000,20230228094354270,7.180,200,1436.000,1513529,1516035,732785,5,S,2196603
600000,20230228094354280,7.180,100,718.000,1513529,1516039,732787,5,S,2196609
600000,20230228094354280,7.180,200,1436.000,1513529,1516040,732788,5,S,2196610
600000,20230228094354280,7.180,500,3590.000,1513529,1516049,732793,5,S,2196626
600000,20230228094354300,7.180,600,4308.000,1513529,1516058,732795,5,S,2196639
600000,20230228094354300,7.180,700,5026.000,1513529,1516059,732796,5,S,2196640
600000,20230228094354300,7.180,100,718.000,1513529,1516065,732799,5,S,2196646
600000,20230228094354310,7.180,100,718.000,1513529,1516068,732800,5,S,2196649
